2180 3205
419 169 503 195 xxlv
1118 172 1318 199 PRAEFATIO

419 228 617 276 praemissis
643 229 682 264 (¹³.
711 229 828 265 Unum
856 229 913 266 bic
941 230 1100 267 addimus
1117 259 1125 275 ,
1153 231 1207 267 cui
1236 242 1338 267 nemo
1366 241 1449 267 sane
1481 231 1725 278 refragabitur,
1765 230 2018 266 Taurinensem

419 287 533 333 Magni
561 287 703 323 Bullarii
732 287 880 323 Romani
909 288 1109 333 editionem,
1130 289 1187 325 SS.
1214 289 1251 325 D.
1280 289 1319 325 N.
1341 289 1401 324 PII
1428 289 1493 325 ΡΡ.
1523 289 1567 325 IX
1586 289 1829 325 benedictione
1857 294 2018 324 erectam,

419 345 552 393 subque
580 345 653 379 Em.
682 345 715 380 S.
745 345 783 380 R.
804 345 841 380 E.
867 345 1058 382 Cardinalis
1078 347 1271 383 ancxsm
1291 347 1416 383 GAUDE
1437 347 1599 395 auspiciis
1619 347 1767 395 positam
1786 347 1859 394 <qui
1879 346 2018 393 ingenio

418 410 449 439 et
478 403 645 445 doctrina,
673 403 818 439 consilio
845 409 878 439 et
905 415 1010 451 opera
1037 404 1150 441 eidem
1177 405 1345 441 intentius
1372 405 1502 452 adest),
1530 405 1696 441 anteactis
1723 405 1886 441 omnibus
1913 416 2018 452 quam

418 460 616 507 longissime
644 466 828 508 praestare.
857 461 1015 509 Namque
1043 462 1083 498 iis
1111 463 1284 507 omnibus,
1312 463 1438 510 quibus
1467 468 1537 498 tam
1563 463 1745 506 venustati,
1766 474 1871 510 quam
1897 473 2016 498 emen-

417 518 549 555 dationi
578 518 691 566 operis
718 524 861 554 cautum
889 525 950 563 est,
978 520 1047 556 duo
1075 521 1219 568 insuper
1245 521 1426 563 accedunt,
1448 532 1536 568 quae
1564 520 1691 555 mirum
1713 520 1748 555 in
1768 521 1912 556 modum
1932 520 2017 556 illud

417 576 609 612 lautissime
637 583 803 612 exornent
834 577 1056 614 Continuatz'o
1082 579 1251 622 videlicet,
1271 585 1374 626 atque
1394 578 1589 627 Appendiae.
1606 578 1711 622 Haec,
1730 589 1835 625 quam
1856 578 2016 613 distincta

418 646 436 669 a
456 634 608 670 Bullario
636 634 812 670 volumina
839 635 993 683 capiunt,
1008 636 1215 672 ditissimam
1236 643 1266 673 et
1287 637 1511 673 lectissimam
1539 641 1847 672 monumentorum
1867 636 2017 683 praefert

417 697 586 739 segetem;
614 704 702 740 quae
730 705 770 728 ex
798 693 976 729 tabulariis
997 694 1171 736 Vaticanis
1193 695 1374 742 exscripta,
1395 695 1445 730 vel
1467 706 1506 730 ex
1526 694 1664 742 privatis
1685 693 1902 729 bibliothecis
1922 704 2015 729 com-

417 751 568 793 modata,
595 751 645 786 vel
675 762 714 786 ex
742 751 903 798 operibus
931 752 1169 799 compluribus
1198 753 1367 800 variisque
1395 758 1567 800 excerpta,
1595 751 1756 788 secundis
1783 751 1873 787 curis
1901 762 2014 787 roma-

417 821 543 845 norum
569 809 720 845 virorum
749 809 874 845 Sacrae
901 810 1109 857 Theologiae
1137 816 1171 846 et
1191 810 1241 846 Ss.
1261 810 1443 846 Canonum
1471 811 1672 858 peritorum,
1693 821 1788 845 nunc
1807 809 1960 858 primum
1979 809 2014 845 in

416 867 529 903 lucem
557 866 718 915 prodibit.
747 867 821 909 Qua
840 873 932 903 certe
953 868 1168 912 collectione,
1187 868 1215 904 si
1235 880 1351 904 rerum
1378 868 1678 917 peregrinitatem,
1706 867 1956 916 praestantiam
1976 879 2016 904 ac

417 925 552 972 copiam
580 931 731 973 spectes,
760 925 845 960 nihil
873 925 939 961 dici
975 926 1229 974 excogitat-ique
1257 926 1376 962 utilius
1404 926 1532 974 potuit:
1562 925 1859 973 quemadmodum
1887 937 2012 961 conce-

416 983 582 1031 ptissimis
610 983 720 1018 verbis
748 983 783 1018 in
812 983 1025 1030 praefatione
1053 984 1095 1019 ad
1122 984 1229 1019 limen
1257 984 1469 1032 Appendicis
1495 983 1680 1020 voluminis
1700 983 1836 1031 prioris,
1856 982 1922 1031 ipsi
1941 983 2015 1019 edi—

416 1046 506 1077 tores
533 1047 778 1088 curatoresque
806 1041 918 1088 operis
946 1041 1164 1088 profitentur.

463 1098 514 1134 Ad
545 1099 845 1135 Cotele'nuationem
873 1110 950 1134 vero
978 1099 1070 1146 quod
1097 1099 1230 1142 attinet,
1252 1099 1399 1135 breviter
1418 1106 1468 1135 est
1488 1100 1740 1143 adnotandum,
1761 1111 1836 1135 eam
1857 1104 2014 1135 constare

414 1168 454 1192 ex
482 1157 543 1200 iis,
570 1167 658 1204 quae
686 1156 750 1192 sub
778 1156 843 1191 ΡΡ.
873 1155 1049 1192 Clemente
1077 1156 1154 1192 XIII
1183 1162 1215 1192 et
1242 1156 1329 1200 XIV,
1356 1157 1417 1193 Pio
1444 1157 1499 1200 VI,
1526 1157 1587 1192 VII
1614 1162 1647 1193 et
1672 1157 1767 1200 VIII,
1794 1157 1909 1192 Leone
1936 1156 2014 1199 XII,

414 1214 576 1261 Gregorio
603 1213 679 1249 XVI
707 1220 739 1249 et
766 1214 827 1250 Pio
856 1213 912 1258 IX⁷
940 1214 1085 1250 feliciter
1111 1220 1290 1261 regnante,
1318 1221 1393 1250 acta
1421 1215 1538 1259 fuere,
1566 1226 1725 1263 quaeque
1751 1220 1867 1250 tantae
1899 1214 2014 1261 digni-

413 1273 491 1308 tatis
518 1278 600 1308 sunt
627 1278 659 1308 et
686 1272 930 1320 praestantiae,
957 1278 995 1308 ut
1022 1284 1148 1316 nemo,
1176 1273 1331 1320 quamvis
1360 1285 1476 1309 rerum
1504 1273 1661 1309 omnium
1695 1273 1907 1316 incuriosus,
1935 1272 2014 1308 velit

413 1342 453 1367 ea
480 1342 549 1367 non
577 1330 705 1367 habere
734 1336 924 1378 perspecta.
954 1331 1091 1366 Etenim
1120 1331 1256 1367 saeculo
1277 1341 1366 1366 xvm
1390 1331 1539 1375 labente,
1560 1337 1663 1379 atque
1683 1342 1742 1366 xlx
1763 1331 1916 1373 ineunte,
1938 1330 2011 1378 phi-

412 1388 619 1437 losophandi
647 1389 840 1431 cacoethes,
868 1400 985 1424 rerum
1014 1400 1179 1424 novarum
1207 1388 1332 1432 libido,
1359 1389 1450 1424 virus
1480 1389 1751 1425 Iansenistarum
1780 1388 1843 1424 sub
1872 1387 2008 1436 pietatis

413 1447 491 1483 suco
518 1447 555 1482 in
583 1446 854 1482 aemulationem
883 1446 965 1493 legis
994 1447 1230 1494 propinatum,
1260 1447 1430 1482 tumultus
1458 1447 1666 1495 populorum
1694 1447 1915 1494 impetusque
1940 1445 2013 1481 bel-

412 1505 571 1549 lantium,
600 1516 725 1540 arcana
752 1510 784 1540 et
812 1504 961 1540 nefanda
988 1511 1160 1540 sectarum
1189 1505 1313 1547 studia,
1335 1505 1451 1541 omnia
1479 1505 1621 1541 demum
1646 1505 1802 1548 confusa,
1822 1515 1880 1540 sus
1901 1503 2012 1551 deque

413 1563 540 1609 agitata
559 1563 784 1598 minabantur
803 1563 874 1598 fore
894 1574 1011 1609 graves
1032 1574 1075 1598 ne
1092 1563 1242 1598 redirent
1265 1563 1480 1610 ignorantiae
1500 1563 1750 1610 barbariaeque
1770 1561 1944 1598 tenebrae.
1963 1561 2012 1597 Eo

379 1654 382 1655 ⁷
413 1632 564 1668 namque
586 1620 782 1656 dementiae
802 1626 945 1656 ventum
968 1620 1096 1663 suerat,
1116 1626 1153 1655 ut
1179 1621 1263 1655 nihil
1292 1621 1427 1667 uspiam
1450 1626 1536 1656 esset
1560 1620 1680 1661 sancti,
1702 1619 1786 1655 nihil
1815 1618 2012 1667 impolluti,

413 1684 515 1726 atque
542 1678 578 1714 in
606 1678 720 1726 ipsum
760 1678 996 1714 venerandum
1029 1678 1063 1712 in
1092 1678 1190 1713 terris
1217 1678 1294 1714 Iesu
1321 1678 1445 1715 Christi
1484 1678 1660 1714 Vicarium
1700 1677 1824 1726 perditi
1851 1677 2011 1713 homines

411 1737 577 1772 violentas
605 1747 729 1772 manus
757 1736 949 1779 iniicerent,
970 1747 1050 1771 eum
1078 1748 1094 1771 e
1115 1736 1195 1772 sede
1223 1748 1285 1772 sua
1305 1736 1540 1780 deturbarent,
1560 1737 1595 1771 in
1616 1736 1757 1772 exilium
1773 1740 1924 1782 agerent,
1951 1734 2011 1770 ubi

412 1790 589 1830 aerumnis
604 1794 781 1830 confectus
796 1793 1004 1842 martyribus
1018 1805 1107 1841 pene
1124 1794 1378 1842 comparandus
1393 1794 1485 1830 diem
1503 1794 1587 1830 obiit
1606 1805 1819 1842 supremum.
1831 1793 1941 1828 Testis
1961 1798 2012 1828 est

412 1852 522 1888 Gallia
549 1863 648 1900 quae,
676 1852 766 1887 inter
792 1857 938 1895 caetera,
954 1851 1296 1899 impudentissimum
1315 1852 1399 1888 illud
1414 1852 1585 1896 Rationis,
1600 1852 1692 1900 quod
1707 1851 1885 1894 vocabant,
1900 1850 2010 1886 simu-

411 1910 544 1946 lacrum
571 1921 607 1945 se
633 1909 757 1945 vidisse
784 1909 883 1945 siccis
911 1909 1030 1951 oculis,
1058 1910 1110 1944 vix
1139 1909 1204 1945 sibi
1232 1909 1357 1954 credit,
1378 1910 1473 1945 testis
1493 1915 1542 1945 est
1564 1909 1679 1953 Italia,
1699 1920 1787 1957 quae
1815 1909 1902 1944 duos
1928 1919 2010 1944 san-

412 1967 582 2003 ctissimos
608 1967 794 2003 Pontifices
820 1966 999 2011 Maximos,
1019 1968 1236 2015 praedonum
1256 1967 1405 2015 stipante
1427 1974 1570 2011 caterva,
1591 1967 1709 2015 pulsos
1732 1966 1837 2010 Urbe,
1856 1971 2009 2002 extorres

412 2025 561 2074 aspexit;
582 2031 685 2061 testes
712 2026 782 2061 iam
803 2037 924 2061 omnes
939 2025 1098 2073 Europae
1117 2025 1236 2074 populi
1255 2025 1314 2073 qui
1334 2026 1376 2061 de
1396 2026 1537 2070 iustitia,
1557 2026 1697 2074 pietate,
1716 2024 1873 2061 moribus
1893 2029 2010 2060 actum

411 2084 516 2120 fuisse
544 2083 819 2127 arbitrabantur,
847 2095 955 2131 quum
984 2084 1177 2120 exultarent
1204 2084 1325 2132 impii,
1353 2090 1386 2119 et
1413 2084 1503 2120 inter
1530 2084 1652 2119 caedes
1679 2083 1882 2130 sonitusque
1909 2082 2009 2117 flam-¹

410 2153 560 2185 marum,
580 2141 757 2177 ruentium
777 2142 961 2177 domorum
981 2142 1143 2188 fragores,
1163 2142 1318 2189 ploratus
1338 2147 1370 2177 et
1390 2142 1542 2177 ululatus
1570 2141 1696 2177 furiose
1724 2141 2008 2177 iucundarentur.

411 2199 530 2235 Robur
556 2205 647 2235 certe
674 2199 860 2246 plusquam
899 2200 1095 2234 humanum
1130 2199 1164 2234 in
1198 2200 1314 2235 animo
1342 2199 1406 2235 fuit
1434 2199 1570 2247 utrique
1597 2199 1791 2242 Clementi,
1819 2198 2008 2234 Rezzonico

412 2263 445 2292 et
471 2257 707 2304 Ganganellio,
735 2257 873 2304 utrique
900 2257 973 2300 Pio,
1001 2257 1166 2293 Braschio
1195 2265 1227 2293 et
1254 2257 1504 2301 Claramontio,
1525 2258 1595 2305 qui,
1614 2263 1653 2293 ut
1679 2257 1763 2292 alios
1790 2256 2008 2299 reticeamus,

411 2315 503 2350 Petri
531 2315 748 2358 naviculam,
788 2315 950 2351 fluctibus
984 2315 1248 2351 intumescentis
1275 2315 1382 2351 maris
1409 2315 1570 2351 iactatam
1589 2344 1597 2359 ,
1630 2315 1673 2351 ad
1712 2319 1874 2362 portum,
1909 2313 2008 2349 auxi-

411 2372 516 2408 liante
543 2373 626 2416 Deo,
653 2373 794 2409 tandem
827 2373 1013 2420 aliquando
1041 2373 1254 2409 incolumem
1282 2374 1521 2421 perduxerunt
1547 2374 1587 2408 (Ξ).
1616 2373 1664 2409 Ea
1690 2371 1891 2408 meminisse
1920 2377 2007 2408 tem-

448 2492 483 2528 (1)
503 2491 564 2518 Vid.
581 2496 646 2519 tom.
662 2499 679 2524 1,
696 2501 756 2528 pag.
774 2492 839 2519 5-11
858 2492 970 2519 huiusce
985 2492 1120 2520 edit10nis.

397 2533 411 2541 “
444 2537 485 2571 (2)
504 2536 576 2568 Quae
593 2536 635 2563 hic
649 2536 737 2563 obiter
753 2540 909 2572 tanguntur,
921 2537 980 2564 fuse
996 2537 1164 2573 explicantur
1179 2545 1232 2564 non
1247 2538 1332 2564 solum
1356 2538 1382 2564 in
1398 2538 1590 2565 ecclesiastica
1606 2540 1633 2564 et
1647 2536 1728 2564 civili
1742 2536 1837 2563 horum
1854 2540 2007 2572 temporum

411 2581 542 2615 historia,
560 2581 607 2608 sed
627 2581 708 2608 etiam
724 2581 749 2607 in
765 2581 887 2616 pluribus
903 2581 1115 2617 monographiis,
1132 2589 1257 2617 quarum,
1274 2582 1384 2609 lectoris
1400 2582 1551 2616 commodo,
1567 2589 1648 2609 unam
1664 2585 1710 2608 aut
1724 2582 1804 2608 aliam
1820 2584 2004 2609 recensemus.

410 2626 530 2653 lomnes
549 2625 805 2659 emmam-sorr,
828 2626 954 2654 clement
970 2627 1037 2654 XIV
1055 2629 1081 2654 et
1103 2628 1141 2653 les
1159 2627 1296 2660 Je'suites;
1316 2631 1342 2653 et
1357 2628 1476 2662 Defense
1491 2627 1523 2654 de
1539 2626 1666 2654 Cle'vizerzt
1681 2627 1749 2653 XIV
1760 2626 1849 2662 (Paris
1866 2627 1956 2658 1847).
1972 2642 2007 2646 -

410 2671 442 2698 P.
460 2671 636 2698 Aucusrisus
653 2671 796 2705 Tnfflnssn,
814 2671 975 2698 Geschz'chte
989 2671 1035 2698 des
1052 2671 1217 2706 Pontificals
1233 2671 1358 2699 Clement
1372 2672 1441 2698 XIV
1451 2671 1571 2707 (Lipsiae
1587 2675 1614 2698 et
1629 2671 1738 2698 Parisiis
1755 2671 1835 2706 1833)
1850 2687 1883 2691 —
1898 2671 2007 2698 Annus
