2180 3205
187 197 236 222 An.
257 196 274 222 C
303 195 369 222 1122

214 391 338 412 Exordium,

213 496 368 518 nonasterium

186 524 282 544 (flunt-tc.
305 529 369 548 privu-

185 552 227 576 leg·
240 556 249 571 s
264 557 274 570 a
293 550 367 569 *tunna

185 584 219 598 nis
242 576 370 597 Ottttsstltbtts

185 609 297 625 ornatum.

189 1276 307 1297 concessio
317 1281 373 1299 quae

189 1303 342 1324 confirmatur.

220 1779 340 1800 tilattsttlac.

450 183 519 218 550

393 247 496 278 Ca'iutus
512 247 633 285 episcopus
654 254 732 274 sei-vn<
753 252 869 273 sorvorum
890 242 942 280 Dei,
966 242 1098 272 charissimo
1126 241 1147 270 iu

431 291 519 321 Christo
539 289 586 319 titio
606 289 688 318 Pontio
710 287 787 317 abbati
803 286 964 323 (luniacensi,
984 287 1078 324 eiusque
1096 294 1148 314 suc-

431 334 560 365 cessoribus
590 333 731 372 regulariter
756 330 931 368 substituendis,
955 331 978 360 in
1000 333 1146 369 perpetuum.

442 390 617 437 Religionis
651 390 842 423 monasticae
877 386 1039 421 modernis
1066 394 1147 420 tem-

393 441 524 488 poribus
550 439 727 486 speculum.
750 445 780 472 et
808 437 837 471 in
873 435 1048 471 Galliarum
1072 447 1147 482 par-

392 491 476 525 tibus
490 490 728 528 documentum,
747 487 835 521 Beati
851 485 936 520 Petri
953 484 1147 520 Cluniacen-

392 552 425 574 se
442 539 679 577 monasti-rium,
715 537 753 570 ab
770 537 839 583 ipso
865 547 940 570 suae
956 533 1147 569 fundationis

393 589 522 624 exordio
538 587 613 622 Sedi
637 586 838 633 Apostolicae
857 585 887 619 in
911 585 960 619 ius
982 583 1144 630 proprium

391 647 438 673 est
451 638 604 671 oblatum:
629 635 760 683 proinde
781 643 883 682 patres
906 633 1001 668 nostri
1020 640 1146 667 sanctae

393 687 620 722 recordationis
650 685 805 720 lohannes
832 683 889 720 xl,
915 691 945 717 et
967 682 1018 716 alii
1046 694 1146 727 usqne

392 737 430 772 ad
465 745 569 771 nostra
609 744 750 782 tempora
790 733 951 767 Ecclesiae
982 731 1146 765 Romanae

392 786 574 823 Pontifices,
596 785 698 818 locum
734 783 836 830 ipsum
870 781 1038 827 singularis
1065 780 1146 814 dile-

394 836 507 869 ctionis
522 847 557 869 ac
575 833 726 868 libertatis
749 831 960 879 praerogativa
975 829 1146 872 donarunt,

395 893 426 919 et
455 885 598 919 unit-ersa
630 883 658 917 ei
689 881 876 928 pertinentia
913 878 1146 926 privilegiorum

393 946 522 967 suorum
551 931 770 966 sanctionibus
786 929 977 964 munierunt.
996 926 1147 974 Propter-

393 982 495 1022 ea,lili
520 983 549 1015 in
569 980 697 1016 Christo
724 978 901 1013 beatissime
925 977 1029 1020 Ponti,
1052 988 1145 1023 quem

394 1044 465 1075 nos,
488 1032 517 1065 in
542 1030 732 1064 Viennensis
745 1027 906 1063 Ecclesiae
923 1027 1074 1073 regimine
1090 1038 1147 1073 po-

393 1081 456 1119 siti,
479 1082 594 1114 nostris
622 1091 677 1125 per
702 1077 761 1113 Dei
787 1077 916 1123 gratiam
942 1075 1088 1111 manibus
1116 1076 1147 1108 in

394 1129 538 1164 abbatem
549 1127 852 1170 consevi-avimussst
869 1138 1034 1173 personam
1050 1134 1147 1164 tuam,

394 1187 422 1213 ct
451 1180 568 1217 locum,
584 1178 633 1212 cui
649 1177 717 1211 Deo
739 1184 866 1210 auctore
890 1175 1061 1222 praesides,
1076 1174 1149 1208 totis

396 1228 576 1262 dilectionis
599 1225 771 1261 visceribus
787 1225 1024 1272 amplectentes,
1051 1223 1147 1271 quieti

396 1286 530 1320 vestrae,
545 1276 797 1311 ctEcclcsiarum
814 1282 984 1309 vestrarum
1001 1272 1150 1307 attentius

399 1326 614 1374 providentes,
651 1325 815 1359 ecclesiam
852 1323 957 1358 Sancti
990 1322 1171 1357 Theodori*

399 1376 438 1410 de
454 1375 561 1410 Roclia
575 1374 736 1409 Rovicorit
751 1377 873 1417 (Picum
888 1372 1038 1407 omnibus
1052 1371 1150 1418 perti-

397 1426 513 1459 nentiis
535 1422 836 1463 suis,⁷laudantibus
863 1422 962 1469 ipsius
987 1421 1149 1455 Ecclesiae

396 1474 532 1513 clericis,
546 1485 563 1508 a
575 1472 739 1507 venerabili
751 1472 843 1506 fratre
854 1480 960 1506 nostro
970 1470 1149 1508 Willermo,

397 1522 647 1568 petragoricensi
670 1521 832 1568 episcopo,
859 1520 912 1554 tibi
936 1527 966 1553 et
987 1519 1150 1553 Ecclesiae

396 1571 599 1606 Cluniacensi
623 1571 785 1604 humiliter
813 1578 842 1604 et
860 1569 971 1604 devote
990 1569 1150 1609 donatam,

396 1621 581 1655 auctoritate
608 1620 778 1666 apostolica
803 1627 863 1653 tam
879 1618 934 1653 tibi
953 1630 1047 1665 quam
1075 1630 1152 1652 suc—

397 1669 577 1704 cessoribus
593 1669 667 1713 tuis,
687 1669 846 1715 perpetuis
869 1667 1065 1713 temporibus
1079 1679 1152 1701 con·

398 1719 571 1758 firmamus,
605 1726 635 1752 et
664 1718 838 1764 praesentis
860 1716 1010 1764 privilegii
1038 1717 1151 1763 pagina

400 1767 646 1802 communimus.
669 1767 702 1802 Si
725 1767 797 1814 quis
824 1767 919 1812 igitur
945 1778 1020 1800 ausu
1052 1765 1173 1800 teme-l

401 1817 502 1860 rario,
548 1817 708 1863 impiaque
750 1815 1004 1863 praesumptione
1045 1823 1151 1849 contra

405 1866 521 1909 Deum,
543 1874 572 1899 ct
595 1873 721 1900 sanctos
743 1865 812 1899 eius
835 1865 1008 1911 apostolos,
1031 1873 1152 1898 coutra-

402 1927 459 1961 quc
476 1915 614 1948 animam
631 1927 732 1951 snam,
751 1914 810 1948 lioc
827 1923 948 1948 nostrae
963 1913 1153 1959 apostolicae

398 1964 594 1998 auctoritatis
607 1963 805 2010 privilegium
821 1963 850 1996 in
865 1962 970 2009 aliquo
983 1962 1153 2008 infringere
1173 1963 1175 1966 ’

400 2012 574 2056 tentaverit,
588 2013 808 2047 incunctanter
829 2024 862 2046 se
885 2011 1006 2045 noverit
1029 2020 1153 2046 nostrae
1173 2013 1175 2019 '

399 2066 590 2112 apostolicae
613 2065 845 2100 maledictionis
865 2066 974 2100 aculco
989 2072 1155 2112 transpun-
1174 2088 1176 2093 .

400 2127 499 2162 ctum,
515 2128 638 2153 nostrae
651 2118 841 2166 apostolicae
855 2119 1155 2153 excommunicatio·
1174 2141 1176 2143 >

402 2172 451 2206 nis
467 2173 530 2206 telo
543 2173 732 2220 perfossum,
749 2173 845 2207 nostri
875 2174 968 2207 etiam
991 2172 1154 2219 apostolici

400 2227 608 2261 anathematis
630 2226 734 2272 gladio
758 2226 1062 2265 transvei·beratum;
1084 2237 1155 2267 nec,

401 2280 460 2313 nisi
490 2292 546 2327 per
568 2281 695 2326 dignam
716 2280 960 2314 satisfactionem
983 2279 1073 2314 saluti
1091 2279 1156 2326 pri-

401 2333 501 2367 stinae
525 2333 747 2379 reparandum.
774 2333 809 2367 Ei
835 2345 910 2378 ergo
937 2333 991 2379 qui
1019 2344 1155 2367 conser-

404 2395 489 2420 vator
510 2387 658 2430 extiterit,
681 2387 721 2420 sit
743 2399 803 2433 pax
826 2386 952 2420 Domini
970 2387 1065 2420 nostri
1087 2386 1155 2420 lesu

404 2439 535 2478 Christi,
568 2448 724 2487 quatenus
757 2440 860 2474 ethic
896 2440 1031 2474 fructum
1056 2439 1178 2474 bonae*

403 2494 536 2527 actionis
582 2495 748 2540 percipiat,
791 2502 820 2528 ct
856 2494 939 2540 apud
980 2494 1154 2528 districtum

439 2558 645 2594 (l)Legendu1n
662 2558 772 2586 sortasse
792 2560 932 2586 Boricoril.
952 2558 989 2594 (n.
1011 2558 1049 2588 τ.)

978 186 1169 212 ammarum!
1194 186 1358 208 ROMANUM

1190 239 1330 274 Iudicem
1350 239 1485 284 praemia
1504 246 1648 274 aeternae
1683 238 1767 286 pacis
1789 236 1939 273 inveniat..

1166 290 1169 356 Ι’
1190 290 1304 328 Amen,
1328 300 1432 330 anien,
1459 299 1562 322 amen.
1704 335 1706 337 ‚

1166 360 1168 390 ζ
1237 337 1309 372 Eoo
1355 336 1519 371 Caranus
1564 335 1736 371 catholicae
1776 334 1940 370 Ecclesiae

1166 391 1167 395 ’
1187 387 1358 434 episcopus
1380 398 1422 421 ss.

1237 975 1352 1010 Datum
1385 974 1529 1009 Laterani
1560 986 1614 1020 per
1641 984 1770 1008 manum
1800 972 1941 1021 Chryso-

1187 1026 1260 1071 goni
1288 1024 1321 1059 S.
1347 1024 1383 1058 R.
1406 1023 1444 1058 E.
1473 1023 1596 1057 diaconi
1619 1021 1800 1066 cardinalis,
1828 1034 1866 1057 ac.
1893 1022 1941 1057 bi-

1189 1073 1403 1113 bliothecarii,
1446 1084 1467 1106 v
1501 1071 1561 1106 kal.
1603 1071 1754 1115 ianuarii,
1789 1071 1854 1105 ind.
1882 1083 1941 1116 xv,

1190 1123 1392 1170 pontificatus
1413 1130 1517 1157 autern
1533 1121 1641 1156 domni
1655 1119 1768 1156 Calixti
1786 1119 1812 1154 ΙΙ
1835 1120 1941 1169 Papae

1188 1185 1272 1207 anno
1294 1184 1339 1206 iv.

1167 1230 1172 1275 l
1209 1233 1270 1263 Dat.
1289 1234 1335 1264 die
1354 1232 1391 1262 ⁶28
1415 1231 1581 1262 decembris
1600 1240 1676 1261 anno
1698 1230 1814 1261 Domini
1835 1230 1922 1268 1122,

1168 1278 1170 1284 '
1378 1272 1481 1311 pontif.
1499 1271 1599 1302 Calixti
1622 1280 1698 1301 anno
1717 1279 1754 1301 ιν.

1498 1366 1632 1401 xxvll.

1190 1431 1431 1475 Monopolitana
1479 1431 1615 1463 Ecclesia
1654 1430 1713 1463 soli
1745 1429 1943 1466 Apostolicae

1240 1481 1394 1514 Ecclesiae
1426 1481 1558 1512 subiecta
1591 1479 1784 1517 declaratum
1822 1480 1943 1522 eiusque

1239 1530 1393 1573 episcopus
1414 1530 1494 1562 clero
1509 1529 1681 1573 populoque
1702 1528 1859 1571 eligendus
1876 1537 1944 1560 con-

1240 1580 1356 1612 ceditur
1377 1580 1431 1621 (l).

1459 1631 1674 1663 SUMMtRlL'M

1191 1683 1359 1713 Exordium.
1392 1699 1432 1704 —
1466 1681 1679 1719 Monopolitana
1714 1680 1845 1710 Ecclesia
1887 1679 1945 1710 soli

1232 1722 1419 1761 Apostolicae
1444 1721 1512 1750 Serti
1532 1721 1673 1750 subiecta.
1691 1737 1730 1742 —
1745 1720 1814 1750 Suis
1838 1720 1868 1749 in
1888 1719 1941 1749 bo-

1232 1763 1279 1792 nis
1296 1762 1496 1791 confirmatur.
1517 1777 1557 1782 —
1578 1760 1712 1799 Episcopi
1737 1760 1841 1790 electio
1864 1759 1944 1789 clero

1171 1796 1174 1839 Ι
1233 1802 1401 1841 populoque
1424 1800 1556 1829 facienda
1577 1801 1757 1829 conceditur.
1781 1816 1821 1821 —
1845 1798 1947 1837 Digni-

1234 1846 1299 1871 tatis
1320 1840 1474 1880 privationi
1491 1845 1516 1868 et
1533 1839 1830 1868 excommunicationi
1853 1838 1946 1868 subii-

1196 1915 1198 1917 ,
1233 1882 1309 1910 citur
1324 1881 1503 1919 quicumque
1523 1888 1662 1916 praesens
1695 1878 1947 1918 diploma'viola-

1234 1922 1314 1949 terit.
1337 1936 1376 1942 -·
1397 1918 1497 1948 Calixti
1521 1918 1572 1947 t'P.
1594 1918 1784 1957 subscriptio.

1194 1972 1297 2002 Calixlus
1319 1972 1439 2010 episcopus
1456 1980 1534 2001 servus
1549 1980 1668 2000 serrorum
1677 1970 1728 2008 Dei,
1745 1970 1786 2000 dil.
1801 1969 1864 2000 tratri
1878 1969 1946 2000 Nico-

1235 2013 1271 2041 lao
1297 2012 1470 2050 Heliopolitana
1506 2011 1623 2049 episcopo,
1652 2011 1747 2048 eiusque
1777 2008 1947 2039 successoribus

1235 2052 1345 2081 canonice
1367 2050 1544 2087 substituendis,
1564 2050 1749 2089 inperpetuum.

1245 2104 1336 2139 Sicut
1374 2104 1490 2137 iniusta
1523 2102 1728 2149 poscentibus
1764 2101 1870 2136 nullus
1900 2109 1948 2136 est

1174 2150 1176 2177 ²
1196 2153 1384 2188 tribuendus
1406 2152 1550 2192 effectus;
1585 2152 1630 2186 sic
1653 2151 1791 2198 legitima
1814 2150 1946 2185 deside-

1175 2203 1331 2237 ‘rantium
1361 2214 1422 2236 non
1448 2210 1493 2235 est
1516 2200 1687 2235 differenda
1712 2200 1829 2247 petitio.
1865 2199 1948 2241 Quia

1175 2263 1177 2269 ‘
1197 2253 1291 2298 igitur
1313 2251 1440 2285 dilectio
1467 2258 1538 2294 tua,
1570 2250 1607 2284 ad
1631 2249 1725 2284 Sedis
1747 2249 1948 2295 Apostolicae

1199 2310 1323 2348 portum
1346 2300 1546 2345 confugiens,
1573 2299 1714 2334 iteratam
1742 2299 1811 2332 eius
1834 2297 1950 2331 tuitio-

1176 2370 1177 2376 =
1198 2362 1270 2384 nem
1293 2349 1460 2384 devotione
1479 2348 1583 2383 debita
1608 2347 1780 2395 requisivit,
1802 2358 1861 2380 nos
1875 2358 1951 2392 sup-

1176 2397 1356 2446 1plicationi
1392 2406 1462 2432 tuae
1488 2399 1661 2432 clementer
1696 2403 1890 2436 annuentes,
1918 2402 1950 2428 et

1198 2448 1311 2482 dictam
1354 2446 1624 2493 Monopolitanam
1662 2444 1858 2485 Ecclesiam,
1898 2443 1950 2478 cui

1197 2496 1265 2531 Deo
1287 2504 1413 2530 auctore
1438 2495 1609 2542 praesides,
1632 2493 1748 2528 decreti
1777 2492 1950 2540 praesentis

1233 2557 1272 2592 (t)
1293 2556 1380 2584 Edidit
1397 2556 1514 2592 Uglielb.
1529 2555 1585 2583 ltal.
1600 2555 1658 2582 Sac.
1677 2557 1742 2582 tom.
1760 2561 1780 2587 1,
1797 2553 1847 2582 col.
1865 2553 1926 2581 965.

1961 176 2011 202 An.
2032 175 2059 202 C.
2075 173 2152 221 1123Ι

1962 330 2036 361 canni
2050 329 2088 351 rr.
2096 329 2146 350 sut>-
2172 314 2175 324 '

1962 360 2058 383 scriptu?⁴

2000 2092 2125 2113 Exordium.
