2180 3205
164 252 211 277 An.
230 251 258 277 C.
279 249 344 276 1068

218 466 314 485 .·i.i'⁸*‹=uia

225 500 235 512 a
261 493 346 512 *inlatu-

163 525 172 540 1
182 526 196 537 ἰ
212 522 251 540 etc.

208 2442 213 2452 ¹
228 2441 284 2461 ¹⁷:112
302 2447 328 2461 m,

424 232 468 263 30

374 304 561 342 vestrosque
596 306 795 329 successores
823 295 978 335 molestet,
1005 295 1070 330 sive
1095 296 1127 329 in

373 345 506 391 placitos
528 343 707 387 conturbet,
721 344 766 378 vel
781 343 911 378 colonos
933 352 1052 378 vestros
1076 351 1129 378 aut

373 394 502 428 colonas
523 393 725 438 distringere,
739 405 795 427 seu
813 392 971 439 publicam
995 393 1130 428 functio-

376 455 445 477 nem
481 443 601 477 solvere
637 449 738 487 cogat.
766 441 860 483 Quod
888 442 942 488 qui
964 442 1129 477 temerario

374 504 450 526 ausu
471 491 593 530 fecerit,
613 490 671 524 nisi
685 490 763 524 infra
786 490 992 537 quadraginta
1007 490 1128 525 dierum

372 541 470 585 spatia
503 539 732 579 emendaverit,
765 539 976 581 anathematis
1003 540 1129 575 vinculo

373 590 542 635 obligetur,
556 596 616 622 eta
632 588 797 623 liminibus
819 596 946 623 sauctae
967 589 1129 624 Ecclesiae

373 639 525 673 alienetur
547 649 648 684 usque
667 637 706 672 ad
721 637 850 684 dignam
872 638 1128 672 satisfactionem

374 688 436 728 Qui
461 699 533 721 vero
559 695 668 721 custos
690 687 786 722 huius
807 694 932 721 nostrae
959 687 1130 721 sanctionis

375 736 523 775 extiterit,
545 735 799 770 benedictionem
823 743 853 770 et
873 736 1006 782 gratiam
1025 737 1130 770 omui-

377 785 513 831 potentis
539 785 611 823 Dei,
640 792 670 818 et
697 784 777 819 beati
806 785 890 819 Petri
914 785 1129 831 apostolorum

375 834 540 881 principis,
556 841 585 868 et
601 842 739 868 nostram
755 834 880 876 habeat,
894 842 924 868 et
941 835 971 868 in
988 833 1129 868 futurum

376 891 535 918 aeternam
558 882 797 917 retributionem
822 883 983 930 percipiat.
1012 883 1127 917 Amen.

476 931 591 965 Datum
606 943 654 965 xii
677 931 737 966 imi.
757 931 823 966 iulii
850 943 906 978 per
928 944 1041 966 manus
1070 932 1131 966 Pe-

376 981 413 1015 tri
430 984 454 1023 (l
466 985 487 1024 ),
500 980 658 1026 fungentis
673 981 791 1024 vice(2l
808 989 1018 1015 sacro-sanct.
1036 981 1129 1015 Rom.

376 1030 462 1064 Eccl.
504 1029 646 1063 subdiac.
682 1029 932 1066 bibliothecarii,
973 1041 1056 1064 anno
1092 1029 1132 1063 ab

378 1079 496 1113 incarn.
516 1078 644 1112 Domini
671 1080 776 1112 «1068.
802 1077 946 1123 Septimo
963 1090 1035 1112 vero
1051 1090 1133 1123 pou-

377 1128 516 1161 titicaius
553 1127 591 1161 D.
628 1126 801 1160 Alexandri
834 1126 938 1173 Papae
978 1126 1131 1166 secundi,

378 1176 487 1210 indict.
514 1187 561 1209 vi.

448 1232 508 1262 nat.
527 1232 574 1262 die
592 1231 630 1262 20
648 1231 724 1261 iunii
742 1240 819 1260 anno
837 1231 952 1261 Domini
976 1231 1060 1267 1058,

535 1270 637 1310 pontif.
655 1271 814 1300 Alexandri
831 1280 908 1300 anno
924 1279 972 1300 vn.

720 1387 790 1422 Xll.

382 1461 584 1506 Confirmatio
603 1471 703 1493 rerum
725 1460 874 1497 omnium,
897 1471 933 1493 ac
957 1459 1135 1504 privilegio-

428 1521 497 1543 rum
520 1510 555 1543 S.
579 1509 797 1543 Salernitanae
823 1509 974 1542 Ecclesiae
1002 1509 1067 1551 (3).

652 1577 750 1608 SUMM
753 1577 839 1608 Ath
843 1577 867 1607 M

384 1631 552 1661 Exordium.
577 1647 617 1653 —
644 1631 777 1669 Alphano
796 1630 916 1669 archiep
949 1629 1134 1660 Salernitana

422 1671 552 1700 Ecclesia
568 1679 634 1699 cum
652 1670 737 1699 bonis
750 1669 890 1699 omnibus
911 1670 947 1699 ad
969 1679 1032 1699 eam
1052 1678 1137 1708 spec-

425 1710 556 1740 tantibus
579 1710 780 1739 confir.matu1
798 1709 1068 1747 —Metropolicutn
1088 1718 1135 1738 ius

422 1750 578 1779 validatur.
589 1748 825 1782 —Confirmatio
843 1749 987 1786 regalium
1004 1748 1136 1778 omnium

422 1799 456 1819 ac
468 1789 685 1828 pontificiarum
705 1789 906 1818 donationum.
919 1805 959 1810 -
971 1787 1135 1817 Peculiaris

424 1829 607 1858 enumeratio
624 1828 834 1857 nonnullarum
851 1827 1052 1857 Ecclesiarnm
1066 1827 1139 1856 alia—

425 1877 550 1912 rumque
582 1876 681 1896 rerum
709 1867 782 1896 iuris
812 1866 989 1896 salernitani
1016 1866 1136 1896 archie-

424 1908 560 1946 piscopii.
587 1923 627 1929 —-
654 1906 809 1936 Decretum
827 1906 1022 1935 immunitatis
1046 1905 1139 1935 bono-

426 1955 491 1976 rum
510 1946 694 1976 huiusmodi.
722 1962 761 1968 --
786 1945 935 1975 Censurae
953 1950 1054 1975 contra
1082 1950 1140 1974 sta-

428 1990 556 2015 tutorum
575 1986 682 2015 horum
701 1985 869 2014 violatores,

387 2051 540 2080 Alexander
560 2052 700 2088 episcopus
719 2058 814 2079 servus
831 2057 970 2079 servorum
984 2050 1039 2083 Dei.
1052 2050 1139 2078 Saler-

433 2097 544 2125 nitanae
563 2096 705 2128 Ecclesiae.
734 2102 802 2131 quae
830 2096 872 2124 est
899 2095 926 2123 Β.
952 2096 980 2123 et
1006 2095 1142 2130 gloriosae

432 2148 538 2176 semper
563 2140 684 2176 Virginis
706 2140 751 2168 Dei
781 2139 926 2168 Genitricis
960 2139 1072 2171 Mariae,
1097 2139 1142 2167 ubi

433 2185 517 2213 etiam
536 2185 652 2221 apostoli
671 2184 820 2220 gloriosum
838 2183 969 2212 Matthaei
983 2185 1011 2212 et
1027 2190 1141 2219 evauge-

434 2230 517 2258 listae
536 2236 643 2265 eorpus,
664 2236 723 2257 cum
739 2229 785 2257 Bb.
799 2228 969 2263 martyribus
985 2229 1141 2260 Fortunato.

436 2274 498 2302 Gaio
518 2275 546 2303 et
563 2273 674 2306 Anthus,
699 2273 857 2309 requiescit.
881 2274 908 2301 et
927 2280 975 2308 per
995 2279 1054 2301 eam
1081 2279 1142 2300 con-

435 2318 521 2347 fratri
539 2318 633 2346 Alfano
652 2318 770 2346 eiusdem
786 2318 918 2346 Ecclesiae
931 2317 1143 2353 archiepiscopo,

437 2363 545 2398 suisque
561 2363 776 2395 successorihus,
793 2362 822 2390 in
837 2363 1008 2398 perpetuum.

442 2426 490 2460 Ex
526 2425 777 2461 consideratione
819 2424 984 2471 pastoralis
1021 2436 1115 2458 curae
1135 2451 1144 2467 ,

395 2487 488 2521 quam
506 2486 543 2508 ex
556 2474 826 2509 administratione
838 2474 1039 2521 Apostolicae
1053 2473 1146 2507 Seilis

431 2534 471 2569 (l)
487 2534 590 2561 Clerici.
628 2534 669 2569 (ἓ)
685 2535 765 2561 Petri.
804 2534 844 2570 (5)
860 2534 899 2560 Ex
917 2533 1057 2560 Tabulario
1074 2532 1145 2559 Meu-

396 2578 462 2634 {gen
469 2569 698 2632 axrp'lliiepiscopalis
726 2569 807 2597 edidit
838 2569 973 2605 Ughellius
997 2568 1054 2596 Ital.
1087 2568 1142 2594 Sac

935 240 1072 264 unuani
1078 241 1123 264 tm
1151 240 1316 263 ROMANUM

1170 295 1321 340 gerimus,
1344 305 1440 341 quum
1464 293 1532 329 Deo
1551 302 1678 330 auctore
1694 294 1773 330 sicut
1794 294 1917 342 indigni

1169 343 1368 378 decernimus
1394 344 1559 383 omnium,
1582 357 1662 391 quae
1690 353 1779 381 sunt.
1808 346 1918 380 Heste-

1169 393 1285 427 siarum
1303 392 1461 438 provectui
1483 392 1656 438 invigilare,
1678 406 1713 428 ac
1737 395 1827 428 iustis
1842 395 1919 429 11113-

1170 442 1245 476 lium
1270 441 1534 496 postulationibus
1560 443 1727 488 aequitatis
1753 455 1916 477 assensum

1171 490 1331 537 praebere,
1356 491 1534 525 necessario
1561 492 1782 546 compellimur
1802 493 1918 526 visu-ra

1170 540 1326 580 deserere,
1348 552 1388 574 ne
1402 539 1570 574 Dominico
1592 541 1678 586 gregi
1702 541 1825 575 debitae
1842 555 1919 575 von-

1170 589 1333 623 solutionis
1347 589 1528 629 sussraoium
1545 589 1707 623 videamur
1721 590 1917 624 subtr-ahere.

1171 637 1275 677 Unde,
1308 631 1492 672 charissime
1514 637 1608 672 frater
1629 638 1740 672 Alfanc
1763 639 1919 677 archiepi-

1171 699 1278 734 scope,
1299 688 1371 734 quia
1394 687 1518 721 devotio
1537 695 1588 721 tua
1613 687 1753 722 honestis
1781 688 1922 722 moribus

1173 735 1246 770 fulta
1276 737 1433 783 postulare
1463 736 1595 776 studuit
1616 745 1779 791 quatenus
1804 745 1921 771 statuta

1171 793 1201 819 et
1228 786 1399 831 priiilegia,
1422 797 1502 832 quae
1525 786 1712 820 sanctissimi
1733 786 1921 821 ιιι-31113015-

1171 846 1258 868 sones
1281 834 1378 869 nostri
1411 835 1579 880 apostolica
1603 835 1786 869 iuctoiitatt·
1806 834 1922 869 Saler-

1172 883 1296 918 nitanae
1323 883 1496 923 Ecclesiae,
1525 884 1651 930 tuisque
1671 883 1925 930 praedi-cessori-

1173 931 1230 966 bus
1253 939 1436 975 sanxerunt,
1458 944 1516 967 nos
1534 933 1588 966 tibi
1613 933 1737 979 tuisque
1755 945 1924 967 successo-

1174 981 1259 1015 ribus
1281 981 1501 1024 firmaremus,
1530 983 1594 1015 tuis
1621 981 1779 1028 precibus,
1807 982 1878 1027 qnia
1908 995 1921 1014 a

1173 1030 1291 1064 iustitia
1313 1030 1493 1076 discrepare
1519 1042 1580 1064 non
1610 1031 1766 1073 videntur,
1789 1030 1925 1064 liberius-

1172 1079 1253 1112 sime
1278 1079 1460 1113 annuimus.
1485 1079 1556 1120 Qua
1578 1079 1617 1113 de
1641 1092 1671 1113 re
1694 1079 1791 1114 huius
1827 1079 1924 1112 nostri

1175 1127 1326 1173 privilegii
1350 1128 1528 1162 authentica
1557 1129 1784 1162 constitutione
1811 1140 1927 1162 couce-

1173 1175 1278 1210 dimus
1299 1184 1329 1210 et
1350 1176 1576 1210 confirmamus
1604 1177 1658 1211 tibi
1685 1184 1780 1211 totam
1809 1189 1846 1210 ex
1869 1178 1926 1210 in-

1175 1232 1261 1271 tegro
1291 1225 1518 1259 Salernitanam
1550 1225 1745 1264 Ecclesiam,
1772 1237 1853 1271 quae
1881 1233 1928 1260 est

1174 1274 1452 1321 archiepiscopalis
1461 1273 1559 1317 sedis(
1570 1277 1578 1308 l
1589 1277 1597 1309 ’1
1608 1274 1685 1308 infra
1701 1274 1787 1308 urhis
1801 1274 1926 1308 maenia

1175 1324 1355 1364 constituta,
1378 1335 1449 1357 cum
1471 1323 1632 1361 omnibus,
1654 1335 1734 1370 quae
1763 1323 1822 1357 sibi
1852 1336 1926 1369 per-

1176 1372 1253 1406 tinet
1285 1380 1347 1406 tam
1384 1372 1592 1406 haereditario
1626 1385 1719 1418 quam
1756 1372 1927 1418 parochiali

1176 1421 1265 1461 iure,
1300 1421 1381 1455 sicut
1416 1420 1499 1455 illam
1537 1422 1689 1467 integram
1725 1421 1865 1455 habuere
1899 1429 1929 1455 et

1177 1478 1306 1504 tenuere
1346 1470 1607 1516 praedecessores
1641 1470 1684 1504 tui
1719 1470 1861 1516 episcopi
1900 1477 1926 1503 et

1176 1519 1420 1565 archiepiscopi;
1435 1519 1512 1553 itaut
1525 1519 1568 1553 tui
1584 1519 1670 1559 iuris,
1689 1527 1824 1565 tuaeque
1840 1526 1930 1564 potc-

1177 1568 1274 1607 statis,
1294 1567 1445 1614 quicquid
1467 1567 1505 1601 ad
1533 1568 1780 1602 ecclesiasticum
1808 1575 1839 1602 et
1866 1567 1930 1614 epi-

1177 1617 1303 1664 scopale
1320 1618 1457 1664 pertinet
1478 1617 1614 1651 oliicium
1637 1625 1699 1651 tam
1719 1617 1798 1650 intra
1821 1616 1929 1650 Saler-

1177 1678 1253 1699 num
1298 1678 1392 1712 quam
1430 1677 1485 1712 per
1527 1677 1652 1700 omnem
1697 1665 1928 1700 Salernitanam

1179 1714 1370 1760 parochiam,
1392 1715 1543 1749 canonica
1572 1715 1806 1769 dispensatione
1833 1714 1931 1760 requi-

1178 1775 1246 1798 rere
1280 1772 1311 1797 et
1344 1763 1508 1807 ordinare,
1534 1771 1565 1798 et
1586 1764 1748 1798 canonicis
1774 1763 1930 1797 Ecclesiis

1178 1812 1374 1847 diversorum
1398 1813 1543 1846 ordinum
1566 1812 1699 1847 clericos
1713 1812 1751 1847 ad
1766 1812 1929 1846 servitium

1182 1861 1236 1895 Dei
1261 1862 1431 1907 provehere
1453 1871 1482 1895 et
1504 1861 1667 1901 ordinare;
1682 1862 1713 1895 in
1729 1860 1930 1895 monasteriis

1179 1922 1307 1956 quoque
1334 1918 1364 1944 et
1395 1910 1529 1945 abbatiis
1561 1910 1689 1944 abbates
1714 1909 1877 1956 providere
1900 1916 1931 1942 et

1181 1959 1392 2002 benedicere,
1426 1967 1457 1992 et
1491 1958 1548 1992 Dei
1581 1959 1708 1993 servitio
1740 1966 1770 1992 et
1806 1957 1929 1991 utilitati

1181 2019 1306 2054 semper
1327 2008 1504 2050 consulere,
1533 2015 1565 2041 ut
1588 2008 1691 2042 omnia
1716 2007 1792 2040 fiant
1810 2007 1932 2041 fautore

1183 2056 1248 2090 Deo
1278 2057 1315 2091 ad
1350 2057 1581 2091 incrementum
1612 2065 1736 2090 sanctae
1757 2055 1929 2090 Ecclesiae.

1184 2105 1470 2152 Archiepiscopalis
1485 2105 1577 2139 etiam
1600 2104 1818 2149 magisterii&
1821 2108 1828 2148 )
1844 2115 1961 2152 prae-

1183 2154 1402 2189 decessoribus
1442 2155 1503 2189 tuis
1541 2154 1713 2200 apostolica
1753 2153 1962 2187 auctoritate¹

1183 2215 1381 2244 concessum,
1405 2203 1587 2238 fraternitati
1608 2211 1678 2237 tuae
1696 2202 1932 2241 confirmamus,

1185 2261 1217 2286 ut
1253 2252 1343 2286 liceat
1384 2261 1413 2286 te
1446 2253 1525 2287 intra
1559 2252 1706 2298 scriptam
1742 2250 1933 2297 provinciam

1184 2302 1353 2347 episcopos
1375 2302 1458 2335 iuxta
1490 2312 1650 2335 sacrorum
1681 2311 1837 2334 canonum
1860 2306 1932 2332 sta-

1184 2357 1248 2384 tuta
1271 2351 1420 2396 congruis
1444 2350 1473 2383 in
1503 2350 1580 2384 locis
1606 2349 1764 2391 ordinare,
1786 2355 1816 2381 et
1838 2358 1933 2393 quae·

1186 2411 1323 2445 cumque
1340 2399 1590 2446 metropolitanis
1607 2405 1786 2432 sanctorum
1804 2396 1934 2430 Patrum

1186 2455 1299 2482 statuta
1313 2448 1499 2491 attribuunt,
1527 2447 1580 2481 tibi
1603 2445 1807 2481 concedimus
1830 2445 1935 2479 licere

1187 2496 1236 2530 Ad
1272 2497 1348 2531 haec
1386 2497 1479 2531 etiam
1515 2494 1706 2542 apostolicae
1739 2493 1933 2528 auctoritatis

1187 2546 1346 2579 sanctione
1374 2545 1598 2578 confirmamus
1624 2543 1679 2576 tibi
1713 2542 1840 2590 tuisque
1862 2553 1938 2577 suc-

1223 2602 1262 2637 (t)
1281 2601 1372 2629 Sedes.
1412 2602 1452 2636 (2)
1472 2601 1551 2628 Deest
1566 2599 1675 2628 lorsitan
1692 2601 1742 2626 ius.

1941 239 1988 265 Λῃ.
2004 238 2033 265 C.
2057 238 2123 265 1068

1977 1096 2012 1121 tlp
2014 1095 2040 1116 ha
2043 1100 2069 1114 no
2100 1100 2136 1114 ar-

1950 1123 1982 1142 1;·11
1986 1128 2019 1147 εν,
2043 1121 2070 1141 S·
2073 1120 2134 1141 lerni-

1951 1151 2021 1169 titana
2038 1147 2066 1167 Ei:
2069 1147 2112 1167 631
2103 1147 2134 1167 sia

1951 1181 1997 1194 rum
2015 1174 2077 1194 honis
2092 1179 2134 1193 om

1950 1201 2011 1221 nbus
2039 1200 2066 1219 a=l
2088 1205 2134 1220 earn

1964 1225 2122 1252 spectant-tibus

1966 1252 2107 1274 confirmatur.

1966 2122 2142 2168 υ.»ῑ·-Ξι-ι111.»ἱι·11111

1983 2147 2115 2168 mittimur.

1959 2472 1994 2492 12«
2029 2472 2078 2492 ·11;1’·
2086 2477 2123 2491 131-

1960 2505 1982 2523 g
1978 2475 2035 2519 tiiiin
2053 2503 2064 2517 o
2067 2487 2143 2526 nmium

1965 2531 1990 2545 't'
2025 2524 2110 2551 pontific
2114 2530 2144 2543 ia-

1993 2557 2012 2571 zn
2048 2550 2109 2571 don..
2107 2556 2133 2569 υ.-

1969 2584 2004 2597 nm
2006 2583 2024 2597 n.
