2180 3205
181 214 229 240 Au.
247 214 274 241 C.
299 214 364 240 ll-'tffl

204 358 334 384 rliiepisropi

179 394 220 414 pre>
231 389 275 408 ibus
292 387 362 408 indul-

178 425 236 443 gens.
253 419 271 438 ei
283 419 362 444 prima-

185 454 226 469 tuut
243 449 355 475 Hispania-

186 486 229 500 rum
246 480 355 500 contii-mat

216 509 320 535 Pontifex;

188 662 264 683 statutt
285 662 359 689 quibus

177 694 289 720 praecipue
312 693 360 714 die-

175 724 213 744 bus
242 724 305 750 pallio
330 724 358 744 uti

176 755 257 776 delicet.

208 1544 319 1565 Confirmat

183 1581 265 1602 quoque
282 1576 350 1596 eidem

174 1608 205 1626 tus
214 1607 358 1632 cognoscendi

196 1638 344 1664 episcoporum

187 1673 269 1688 causas:
287 1668 344 1688 sulcu

176 1700 304 1719 auctoritate
320 1698 360 1719 Se-

175 1729 356 1755 disitpostoticae.

201 1935 338 1962 Complaton-

176 1972 219 1987 seni
242 1965 358 1986 Ecclesiam

175 1996 360 2017 Toletaiiacsubii<

190 2030 227 2048 cit:
245 2031 354 2048 caeteras-

198 2065 237 2086 que
262 2064 346 2083 omnes,

177 2096 229 2116 quac
245 2091 361 2116 antiquitus

177 2128 196 2141 ei
216 2120 360 2145 subiueehan13

430 203 499 236 496

955 208 1142 232 nULLAtttUM
1171 208 1332 232 ROMANUM

378 267 463 314 priae
485 274 515 301 ct
536 265 681 312 specialis
706 264 800 307 filiae,
828 264 973 298 volumus
1000 276 1124 298 eouser-
1167 263 1268 309 prium
1294 262 1488 305 referendas,
1516 262 1632 297 decreti
1656 263 1749 299 liuius
1777 265 1913 299 auctori—

191 326 298 347 n..m·undi
323 333 359 347 ar·
377 328 465 356 vare3
493 315 636 361 ideoque,
660 314 846 349 venerabilis
869 312 1125 347 fraterRaimun-
1167 321 1227 346 tate
1261 314 1429 346 sancimus.
1459 311 1556 346 Porro
1593 312 1716 347 illarum
1752 314 1913 348 dioeceses
1954 326 2085 353 :teinsuper

376 365 431 403 de,
459 377 552 411 quem
573 375 641 397 vera
657 363 687 397 in
707 362 834 397 Cliristo
857 363 985 396 caritate
1011 362 1123 407 diligi-

377 426 458 453 mus,
492 413 551 447 tuis
586 412 823 447 rationabilibus
858 411 1124 458 postulationibus

377 471 522 508 paternae
547 462 669 508 pietatis
691 461 802 495 affectu
818 460 967 495 duximus
980 472 1123 495 aunuen-

375 511 462 545 dum.
497 511 557 545 Per
589 510 761 557 praesentis
789 522 864 555 ergo
890 509 1041 557 privilegii
1067 521 1124 556 pa-

374 561 479 606 giuam
502 560 671 607 apostolica
694 559 878 594 auctoritate
893 560 1070 596 statuimus,
1091 567 1123 592 ut

375 622 429 656 per
453 610 596 643 universa
610 608 834 655 Hispaniarum
858 620 950 654 regna
973 608 1123 654 primatus

373 658 517 693 obtineas
532 658 725 704 dignitatem.
749 657 848 692 Pallio
864 657 985 704 itaque,
1010 668 1025 691 a
1041 656 1123 691 Sede

375 707 556 754 Apostolica
586 716 655 742 tuae
673 707 793 742 caritati
816 718 978 749 concesso,
1007 707 1035 739 in
1052 707 1124 740 mis-

374 769 477 791 sarum
502 756 766 791 celebrationibus
789 756 833 790 uti
857 755 979 790 debetis
1002 762 1121 788 tantum

374 806 404 840 in
434 806 611 852 praecipuis
637 805 871 840 festivitatibus:
906 804 1005 838 tribus
1034 804 1123 837 vide—

373 855 445 889 licet
477 854 649 898 diebus,iu
685 854 784 888 Natali
808 853 954 893 Domini,
984 853 1013 886 in
1044 852 1123 899 Epi-

374 904 506 949 pliania,
533 904 743 950 Hypopanton
766 906 822 946 (l),
847 902 954 937 Coena
982 901 1122 945 Domini,

373 952 512 987 Sabbato
530 952 658 991 Sancto,
681 952 781 986 tribus
802 951 913 986 diebus
941 951 969 984 in
989 950 1122 994 Pascha,

374 1001 406 1035 in
426 1002 630 1042 Ascensioue,
661 1000 857 1041 Pentecoste,
887 1001 915 1034 in
939 1000 1123 1034 solemnita-

373 1050 458 1085 tibus
480 1051 614 1086 Sauctae
640 1050 768 1094 Mariae,
795 1049 900 1084 Sancti
921 1061 941 1097 q
957 1061 1049 1095 toque
1068 1048 1124 1082 Mi-

374 1100 501 1140 chaelis,
524 1099 631 1134 Sancti
654 1099 781 1133 Ioauuis
807 1099 980 1145 Baptistae,
1000 1099 1029 1132 iu
1059 1110 1124 1132 om-

372 1149 468 1183 nibus
503 1149 649 1183 natalitiis
698 1149 924 1194 apostolorum,
957 1156 987 1182 et
1014 1159 1121 1181 eorum

373 1207 556 1246 martyrum,
578 1210 712 1245 quorum
734 1198 863 1244 pignora
889 1198 918 1231 in
944 1204 1042 1230 vestra
1068 1208 1121 1231 cc-

372 1248 466 1282 clesia
483 1249 694 1294 requiescunt,
706 1247 802 1281 saneti
819 1259 944 1293 quoque
953 1246 1078 1280 Martini
1093 1254 1122 1280 et

373 1295 521 1331 lldestinsi
536 1296 763 1335 consessorum,
783 1304 813 1331 et
825 1297 966 1330 omnium
983 1297 1123 1329 comme-

373 1346 546 1380 moratione
564 1345 765 1386 Sauctorum‚
789 1346 817 1379 in
832 1344 1123 1380 consecrationibus

372 1395 574 1430 ecclesiarum
589 1422 597 1436 ,
626 1395 847 1442 episcoporum
870 1402 901 1428 et
922 1393 1121 1437 clericorum,

373 1444 403 1477 in
427 1456 532 1479 annuo
559 1444 805 1478 consecrationis
840 1451 909 1478 tuae
931 1442 998 1483 die,
1033 1450 1062 1477 et
1091 1443 1120 1476 in

374 1494 465 1528 natali

375 1551 402 1576 te
426 1542 561 1577 universi
584 1542 805 1589 Hispaniarum
835 1541 995 1588 praesules
1021 1542 1122 1588 respi-

374 1592 470 1632 cient,
493 1599 523 1626 et
538 1591 574 1625 ad
592 1599 632 1635 te,
655 1592 679 1625 si
700 1591 774 1637 quid
798 1591 880 1625 inter
901 1602 956 1624 eos
978 1598 1119 1624 exortum

375 1640 665 1688 l'tieritquaestione
686 1640 830 1687 dignum,
859 1639 1008 1674 referent:
1037 1639 1119 1673 salva

374 1697 478 1725 tamen
512 1690 543 1723 iu
578 1689 727 1724 omnibus
760 1689 922 1724 Romanae
963 1688 1121 1723 Ecclesiae

372 1739 567 1773 auctoritate.
596 1738 711 1773 Verum
738 1749 903 1785 personam
934 1746 1017 1772 tuam
1046 1750 1122 1784 pro-

373 1788 508 1835 pensiori
536 1788 632 1834 gratia
661 1788 841 1828 retinentes,
876 1799 1052 1826 censemus,
1089 1794 1122 1820 ut

372 1838 469 1872 solius
512 1836 648 1871 Romani
693 1836 854 1871 Pontificis
894 1836 1010 1870 iudIcio
1053 1835 1122 1870 eius

373 1899 484 1927 causa,
511 1885 612 1932 siqua
631 1886 735 1927 fuerit,
758 1885 930 1920 decidatur.
959 1885 1042 1919 Sane
1056 1885 1121 1918 To-

373 1936 506 1971 letanam
546 1935 717 1970 Ecclesiam
755 1935 927 1982 praesentis
968 1933 1119 1980 privilegii

374 1985 540 2019 stabilitate
578 1985 758 2028 munimus,
793 1983 1051 2030 Complutensem
1093 1984 1120 2017 ei

377 2034 555 2080 parochiam
581 2046 652 2068 cum
676 2033 816 2068 terminis
838 2034 922 2074 suis,
951 2044 1072 2067 necnon
1092 2041 1122 2066 et

374 2083 532 2118 Ecclesias
554 2095 674 2123 omnes,
703 2095 780 2129 quas
803 2083 870 2117 iure
893 2082 1020 2129 proprio
1041 2082 1122 2116 auti-

375 2133 480 2179 quitus
504 2132 682 2179 possedisse
697 2131 906 2177 cognoscitur,
929 2131 1122 2166 confirman—

374 2190 432 2216 tes.
472 2181 678 2229 Episeopales
716 2189 873 2228 praeterea
908 2180 1010 2220 sedes,
1045 2177 1122 2226 quas

375 2231 666 2277 impraesentiarum
689 2230 767 2264 iuste
789 2237 820 2265 et
841 2231 945 2277 quiete
968 2230 1122 2277 possides,

375 2280 475 2315 eidem
499 2280 669 2315 Toletauae
692 2279 866 2324 Ecclesiae,
889 2287 1046 2325 tamquam
1063 2291 1122 2313 me-

376 2329 501 2376 tropoli,
528 2329 670 2364 subditas
696 2341 765 2363 esse
792 2329 999 2363 decernimus.
1029 2327 1122 2362 Reli—

376 2391 453 2424 quas
475 2391 559 2418 vero,
592 2391 671 2426 quae
705 2378 842 2424 antiquis
869 2377 896 2412 ei
927 2377 1123 2424 temporibus

376 2427 598 2469 subiacebunt,
627 2440 699 2462 cum
729 2425 887 2462 Dominus
921 2427 1123 2473 omnipotens

376 2476 614 2511 christianorum
648 2476 816 2512 restituerit
849 2476 1014 2523 potestati,
1048 2487 1123 2510 suae

377 2524 557 2570 dignatione
585 2526 831 2569 misericordiae,
862 2525 901 2560 ad
928 2533 1021 2573 caput
1048 2537 1124 2572 pro-

412 2585 451 2621 (ί)
469 2586 532 2614 Vide
547 2587 681 2622 superius)
696 2595 752 2622 pag.
774 2586 832 2614 157.
849 2586 888 2621 (n.
909 2585 949 2622 Τ.)

507 1493 540 1528 S.
578 1493 689 1527 Isidori
727 1501 757 1527 et
784 1492 928 1527 Leandri.
951 1491 1137 1533 Primatetn

1164 362 1341 401 civitatum,
1376 372 1456 407 quae
1483 360 1666 395 Sarracenis
1693 362 1912 397 invadentibus

1166 410 1423 457 metropolitanos
1447 410 1588 456 proprios
1610 411 1793 450 amiserunt,
1815 423 1853 445 eo
1873 421 1913 446 te-

1166 472 1240 494 nore
1265 467 1382 493 vestrae
1409 459 1598 493 subiicimus
1613 458 1740 498 ditioni,
1765 468 1796 493 ut
1809 461 1911 506 quoad

1164 510 1231 543 sine
1280 507 1414 555 propriis
1450 508 1608 542 extiterint
1643 509 1911 554 metropolitanis,

1165 557 1240 599 tibi,
1270 566 1304 591 ut
1332 556 1476 604 proprio,
1512 556 1646 591 debeant
1672 557 1843 591 subiacere.
1877 559 1911 593 Si

1164 619 1244 654 quae
1267 615 1370 640 autem
1400 606 1589 653 metropoles
1612 606 1642 639 iu
1665 615 1777 640 statum
1798 606 1914 642 luerint

1166 657 1326 703 proprium
1355 656 1537 695 restitutae,
1565 667 1622 689 suo
1649 667 1791 702 quaeque
1824 656 1913 691 dioe-

1164 707 1244 740 cesis
1280 704 1519 750 metropolitano
1554 704 1752 745 restituatur,
1789 713 1822 739 ut
1853 705 1913 740 sub

1165 755 1281 801 proprii
1319 754 1472 799 regimine
1514 753 1649 800 pastoris
1682 765 1778 800 super
1815 753 1911 789 divini

1164 803 1328 838 collatione
1344 803 1486 837 beneficii
1509 802 1670 848 glorietur.
1690 802 1722 836 Si
1742 815 1802 849 qua
1818 803 1913 849 igitur

1166 853 1195 886 in
1220 852 1359 887 futurum
1387 852 1596 886 ecclesiastica
1620 863 1754 898 persona
1776 861 1913 887 autsae-

1164 902 1295 945 cularis,
1331 901 1411 936 banc
1444 911 1568 936 nostrae
1596 901 1828 935 constitutionis
1857 914 1914 949 pa-

1163 951 1269 996 giuam
1297 950 1412 990 sciens,
1437 958 1495 984 etc.

1213 999 1328 1034 Datum
1364 999 1508 1033 Laterani
1548 1010 1602 1045 per
1641 1011 1751 1033 manus
1782 999 1916 1034 Baronis

1164 1049 1315 1095 capellani
1338 1057 1368 1082 et
1389 1048 1562 1093 scriptoris,
1595 1060 1634 1082 111
1656 1048 1727 1082 idus
1750 1049 1838 1089 maii,
1863 1048 1914 1083 in-

1164 1098 1300 1132 dictione
1317 1110 1371 1137 vit,
1396 1097 1622 1131 iucarnationis
1638 1097 1814 1132 dominicae
1828 1109 1913 1133 auno

1164 1159 1307 1183 MCXLtV.
1345 1147 1542 1193 pontificatus
1578 1158 1650 1181 vero
1683 1146 1789 1181 domni
1825 1146 1914 1181 Lucii

1163 1196 1267 1242 Papae.
1295 1195 1320 1230 Il
1344 1208 1427 1230 anno
1455 1209 1477 1230 ι,
1795 1237 1806 1247 ·

1233 1252 1294 1283 Dat.
1315 1253 1362 1282 die
1381 1253 1417 1283 ‹13
1440 1253 1509 1282 maii
1532 1262 1607 1282 anno
1624 1251 1742 1282 Domini
1761 1252 1852 1288 1144,

1417 1297 1519 1336 pontif.
1539 1306 1614 1327 anno
1637 1306 1655 1327 1.
1879 1300 1882 1302 ’

1502 1468 1572 1503 ΧΙΙ.

1166 1545 1363 1590 Confirmatio
1384 1546 1616 1589 privilegiorum
1643 1557 1662 1578 a
1694 1546 1829 1580 Summis
1854 1546 1914 1578 cle-

1210 1600 1374 1632 ces-soriam
1405 1599 1600 1643 Pontificibus
1634 1600 1821 1632 Ariminensi
1850 1599 1911 1631 Ec-

1211 1653 1314 1685 clesiae
1343 1653 1462 1696 eiusque
1477 1653 1621 1696 episcopis
1635 1663 1841 1685 concessorum
1853 1654 1908 1694 (t).

1431 1733 1643 1763 sUMMARIUM

1162 1801 1328 1830 Exordium.
1347 1817 1382 1822 —
1402 1799 1479 1829 Bona
1502 1800 1611 1835 omnia,
1629 1799 1783 1838 ecclesias,
1806 1809 1911 1829 mona-

1202 1845 1307 1881 steria,
1335 1844 1460 1873 oratoria
1487 1852 1554 1873 cum
1578 1843 1762 1882 pertinentiis
1785 1844 1911 1882 singulis

1202 1890 1354 1919 confirmat
1377 1888 1517 1917 Pontifex.
1542 1904 1582 1910 —
1609 1888 1823 1917 Ariminensem
1853 1887 1910 1917 Ec-

1202 1935 1322 1964 clesiam
1337 1933 1391 1962 soli
1410 1932 1566 1969 Romanae,
1578 1933 1703 1971 eiusque
1715 1932 1910 1962 Pontificibus

1203 1979 1363 2009 subiectam
1390 1977 1528 2011 deelarat;
1546 1993 1585 1998 —
1606 1974 1791 2015 Censumque
1811 1976 1912 2006 statuit

1202 2031 1331 2052 annuum
1346 2020 1533 2050 Lateranensi
1557 2020 1664 2059 palatio
1683 2020 1911 2059 persolvendum

1203 2076 1254 2106 pro
1273 2066 1367 2101 bonis,
1385 2073 1459 2104 quac
1482 2064 1517 2093 de
1540 2064 1604 2092 iure
1627 2062 1654 2093 S.
1674 2063 1751 2093 Petri
1771 2064 1911 2103 possidet.

1201 2128 1240 2133 —
1263 2110 1371 2140 Solitae
1390 2109 1596 2139 conclusiones
1622 2109 1700 2147 (quae
1726 2109 1911 2147 omittuntur).

1201 2172 1241 2177 —
1258 2155 1340 2184 Lucii
1363 2153 1416 2183 Pi).
1445 2158 1473 2182 et
1497 2152 1526 2182 S.
1553 2152 1588 2182 R.
1611 2152 1689 2182 Eccl.
1716 2153 1911 2183 cardinalium

1202 2198 1444 2237 subscriptiones.

1163 2260 1246 2290 Lucius
1264 2260 1383 2298 episcopus
1404 2268 1480 2289 servus
1501 2268 1617 2289 serrorum
1631 2258 1682 2295 Dei,
1704 2268 1755 2289 ven.
1769 2258 1832 2288 fratri
1851 2258 1911 2297 Ray-

1203 2305 1267 2334 net-io
1298 2304 1437 2333 Ariminensi
1468 2303 1585 2342 episcopo,
1618 2305 1713 2342 eiusque
1741 2301 1910 2333 successortbus

1202 2349 1312 2379 canonice
1335 2348 1505 2388 promovendis,
1529 2348 1710 2387 inperpetuum.

1214 2415 1247 2450 ln
1269 2415 1419 2450 eminenti
1445 2415 1645 2462 Apostolicae
1666 2414 1758 2449 Sedis
1772 2413 1911 2460 specula,

1164 2469 1349 2516 disponente
1367 2469 1514 2510 Domino,
1529 2468 1701 2510 constituti,
1717 2480 1755 2502 ex
1771 2467 1910 2501 iniuncto

1199 2543 1239 2578 (t)
1259 2544 1297 2570 Ex
1317 2543 1457 2578 originario
1476 2542 1619 2577 exemplari
1635 2545 1738 2569 erutam
1764 2541 1829 2567 hanc
1845 2540 1910 2567 But-

1165 2583 1215 2611 latn
1231 2584 1312 2612 edidit
1328 2583 1440 2619 Ughell„
1458 2583 1516 2610 Ital.
1536 2583 1607 2616 Suc„
1629 2587 1693 2610 tom.
1711 2589 1740 2608 ιι.

1927 209 1976 234 An.
1993 208 2022 235 C.
2043 209 2104 236 lllt't

1927 356 2040 381 tit-ctesias.
2057 364 2107 384 quas

1940 389 1965 408 de
1980 387 2099 409 Sarac-euu-

1939 425 1984 439 rum
2002 418 2095 439 manibus

1927 450 2028 470 rindIcari
2057 454 2110 469 cou-

1927 481 1999 505 tingat,
2016 485 2108 506 quosque

1927 514 1997 530 tamen
2018 510 2042 530 ad
2063 509 2109 536 pri·
2145 514 2159 538 ¹·-

1927 544 2002 562 stiuam
2017 541 2106 567 dignita·
2139 544 2143 549 ·

1927 575 1968 592 tem
1980 571 2100 596 redigantur
2127 579 2129 582 ⁴
2142 562 2153 573 ’ἶ

1958 2434 2075 2456 Exordium.
