2180 3205
430 237 496 269 504
1819 227 1889 231 Ἦ

420 304 509 327 ratur.
527 315 566 320 -
582 297 660 326 Bona
683 297 779 326 omnia
803 300 928 326 monast.
951 296 1127 325 confirman-

419 348 474 372 tur.
495 359 532 364 —
552 341 658 371 Solitae
678 341 893 370 conclusiones.
912 357 951 362 -
974 340 1054 369 Lucii
1075 340 1126 369 [¹9

418 393 445 416 et
464 386 492 416 S.
517 386 548 414 ll.
570 385 646 415 Eccl.
670 385 862 414 cardinalium
883 385 1126 424 subscriptiones.

179 249 227 274 An.
247 247 274 274 C.
297 248 360 274 ΗῙΙῙΙ
976 243 1161 265 nfrmmrtt
1192 243 1352 265 [1⁰51foss

1933 242 1981 270 An.
2000 243 2027 271 C.
2048 244 2112 273 mu

1168 297 1226 331 silii
1268 297 1421 338 samnis,
1454 295 1632 330 secundum
1660 296 1718 331 Dei
1753 297 1916 339 timor‚em

1168 354 1197 380 «t
1225 346 1251 380 B
1286 345 1446 380 Benedicti
1477 345 1614 391 tegulam
1645 346 1837 392 providerint
1859 347 1917 382 eli-

1169 395 1324 441 g3:‹n‹lum
1348 394 1397 429 cui
1421 395 1446 428 si
1470 407 1567 441 qua
1553 395 1676 437 gravior
1698 407 1789 430 causa
1802 408 1917 431 evene-

1169 431 1219 487 i·‚it
1243 444 1338 478 libere
1361 444 1451 478 liceat
1472 445 1581 490 Apost.
1606 443 1698 479 Sedis
1724 445 1915 480 audientiam

1169 493 1336 541 appellare.
1356 493 1520 528 Praeterea
1549 505 1766 539 quascumque
1788 507 1917 541 posses—

1169 544 1286 583 siones7
1320 554 1538 590 quaecumque
1565 542 1658 583 bona,
1693 542 1774 578 idem
1809 556 1918 579 mona-

1169 593 1300 627 sterium
1320 592 1611 639 impraesentiarum
1632 592 1711 626 iuste
1723 600 1754 627 et
1765 593 1918 628 canonice

1172 641 1335 688 possidet,
1371 649 1423 675 aut
1465 641 1495 675 in
1531 640 1671 675 futurum
1712 643 1917 677 concessione

1172 692 1371 733 Pontificum,
1398 691 1565 737 largitione
1592 703 1699 736 regum
1724 691 1770 725 vel
1798 692 1918 738 princi-

1172 753 1257 786 pum
1280 740 1438 775 oblatione
1465 739 1616 780 fidelium
1639 753 1696 775 seu
1726 741 1794 775 aliis
1830 742 1918 776 iustis

378 453 462 482 Lucius
483 453 600 491 episcopm
618 461 694 481 serius
715 460 831 480 sorvorum
860 450 912 485 Dei,
942 451 1033 481 dilectis
1065 452 1126 488 liliis

418 496 511 525 Nicolao
529 495 605 525 abbati
632 494 739 524 venerab.
765 495 906 528 monasterii,
935 495 995 533 <prod
1020 475 1127 524 Otnainni

418 540 551 569 Sanrtoruni
569 539 661 574 dicitur,
677 540 699 568 iu
718 540 768 568 loro
785 538 836 568 Cuti
853 540 874 568 in
896 539 990 568 Bai-ena
1007 538 1126 576 ςιιΙιιιιέιίο,

416 585 463 613 sive
485 585 534 614 eius
548 583 654 613 fratribus
669 588 715 613 tam
732 583 889 623 praesentibus
906 593 974 621 quam
996 584 1076 613 littaris
1095 595 1128 615 re-

417 630 530 667 gulariter
550 628 728 665 substituendis,
751 629 936 667 inperpetuum.

1953 554 2009 575 Bona
2022 556 2092 576 omnia

1957 587 2079 606 monasterii

1944 617 2101 637 confirmantur.

211 703 330 724 Exordium.

428 691 642 735 Desiderium,
665 691 748 738 quod
771 690 808 725 ad
829 690 990 737 religionis
1011 703 1130 738 propo-

377 743 493 786 sitnm⁷
530 749 560 775 et
592 741 769 775 animarum
804 740 937 775 salutem
974 741 1129 786 pertinere

200 1147 337 1168 Confirmatur

182 1178 313 1204 [mvilezium
329 1177 367 1197 Ca·
393 1187 398 1192 ·

182 1211 226 1230 lini
241 1209 288 1232 PP..
300 1212 320 1229 et
331 1209 367 1229 do-

182 1244 280 1261 nationes
317 1240 365 1260 huie

182 1275 271 1291 monast.
292 1278 303 1291 u

184 1302 281 1322 rensibus
297 1304 364 1329 episc.

181 1332 257 1352 tut-iae.

203 2033 272 2054 Abbas
288 2036 308 2053 et
329 2037 374 2052 mo-

189 2065 251 2084 nachi
270 2065 371 2090 episcopo

189 2096 317 2115 dioecesano
335 2100 372 2121 pro

191 2126 241 2144 solis
256 2125 374 2145 ordinatio-

191 2157 251 2176 nibus
283 2156 373 2176 subiecti

190 2187 331 2207 declarantur.

192 2425 276 2445 Abbatis
288 2428 339 2443 vero
351 2428 376 2443 e-

193 2456 256 2476 lectio
272 2454 323 2475 sotis
335 2459 378 2474 mo-

191 2486 265 2506 nacbis
275 2489 377 2506 reserva-

377 798 580 827 monstratur.
600 790 705 824 animo
735 801 791 824 nos
811 789 902 824 ‘decet
925 789 1035 823 libenti
1050 802 1122 824 con

377 841 501 883 cedere,
523 848 553 874 et
577 839 748 886 petentium
768 839 931 873 desideriis
954 851 1128 884 congruum

378 889 529 937 impertiri
552 888 747 935 suffragium.
770 887 998 930 Quamobrem,
1017 887 1130 922 dilecte

378 940 409 974 in
437 938 564 974 Christo
595 938 637 972 fili
670 937 776 972 Nicola
807 937 921 977 abbas,
951 949 1043 984 quem
1076 949 1130 984 per

378 988 436 1024 Dei
473 988 604 1035 gratiam
641 987 673 1021 in
709 986 853 1021 abbatem
888 986 1129 1025 benediximus,

378 1038 531 1074 Omnium
544 1037 733 1072 Sanctorum
752 1037 988 1078 monasterium⁷
1003 1036 1053 1070 cui
1071 1035 1130 1070 Do—

378 1088 454 1123 mini
477 1086 661 1122 auctoritate
697 1085 868 1132 praesides,
896 1086 932 1120 ad
970 1084 1131 1132 exemplar

381 1136 632 1184 praedecessoris
648 1135 745 1169 nostri
766 1134 814 1169 sel.
839 1147 932 1169 mem.
950 1134 1054 1181 Papae
1074 1133 1132 1169 Ca-

380 1187 445 1221 lixti
462 1185 662 1232 Apostolicae
682 1184 775 1218 Sedis
798 1184 962 1231 privilegio
981 1196 1132 1218 commu-

382 1236 498 1271 nimus.
525 1233 662 1269 Omnem
679 1233 834 1281 siquidem
853 1233 970 1280 quietis
991 1241 1021 1268 et
1040 1233 1133 1267 liber-

354 1282 451 1320 'tatis
480 1284 704 1331 provisionem,
732 1295 825 1329 quam
856 1283 956 1317 bonae
987 1282 1132 1317 recorda-

380 1335 475 1370 tionis
495 1333 598 1368 Ursus
620 1342 648 1368 et
675 1332 772 1375 Elias
795 1332 944 1367 Rarensis
973 1332 1131 1366 Ecclesiie

381 1383 553 1432 praesules,
576 1382 678 1417 eidem
709 1390 842 1416 monast.
866 1382 1079 1423 contulerunt
1102 1390 1132 1415 et

380 1433 528 1468 dominus
551 1431 774 1479 praedecessor
797 1439 902 1465 noster
916 1439 1043 1466 sanctae
1066 1443 1133 1465 me-

382 1483 500 1517 moriae
523 1481 682 1516 Paschalis
705 1480 787 1535 Papa
807 1480 951 1524 firmavit,
974 1492 1031 1515 nos
1053 1492 1133 1527 quo-

382 1545 443 1579 que
477 1530 650 1578 praesentis
679 1530 787 1576 scripti
822 1530 935 1584 pagina
958 1530 1133 1564 coufirma-

382 1594 472 1621 mus·
507 1589 539 1615 ut
565 1579 710 1614 videlicet
732 1580 820 1614 locus
849 1579 916 1626 ipse
943 1592 1014 1613 cum
1039 1578 1133 1613 rebus

382 1630 532 1665 omnibus
563 1629 601 1664 ad
637 1639 708 1664 eum
745 1628 825 1662 iuste
862 1628 1089 1675 pertinentibus
1116 1640 1132 1662 a

383 1679 524 1715 dominio
547 1678 592 1713 vel
615 1678 821 1725 oppressione
843 1678 1013 1712 cuiuslibet
1035 1678 1135 1711 homi-

383 1729 433 1763 nis
466 1728 545 1763 liber
577 1727 688 1762 debeat
724 1739 924 1774 permanere2
960 1739 1018 1762 nec
1053 1726 1134 1761 ullus

383 1778 543 1812 Ecclesiae
558 1776 704 1811 Barensis
718 1777 860 1815 antistes,
876 1785 928 1810 aut
943 1777 1023 1811 alius
1038 1776 1134 1823 (quod

384 1827 476 1871 absit)
499 1827 694 1869 temerarius,
720 1825 833 1860 audeat
854 1825 957 1860 eidem
980 1825 1134 1860 coenobio

384 1875 746 1912 excommunicationem
776 1874 907 1909 inferre:
933 1886 1035 1922 neque
1063 1887 1135 1921 per-

385 1927 470 1961 sonis
501 1933 554 1960 aut
586 1925 680 1959 rebus
707 1925 775 1959 eius
801 1923 906 1971 aliquo
933 1924 1008 1958 citra
1042 1924 1136 1958 iusti-

385 1976 460 2010 tiam
489 1974 582 2009 modo
606 1974 782 2009 molestiam
805 1981 859 2008 aut
888 1974 1135 2008 controversiam

387 2025 534 2071 irrogare.
563 2023 789 2058 Ordinationes
817 2030 922 2057 autem
950 2023 1135 2058 clericorum

387 2082 417 2109 et
438 2073 642 2109 ecclesiarum
665 2071 920 2107 consecrationes
941 2072 1056 2118 gratiS.
1085 2085 1136 2107 se-

388 2123 486 2170 posita
511 2123 660 2169 pravitate
673 2130 704 2157 et
717 2121 804 2156 omni
820 2122 994 2166 exactione,
1016 2133 1137 2156 conce—

388 2173 450 2207 dat.
481 2172 592 2206 Missas
618 2183 694 2206 sane
720 2171 784 2205 illic
817 2170 960 2217 publicas
993 2183 1048 2217 per
1070 2171 1138 2217 epi-

388 2233 522 2269 scopum
558 2220 622 2256 fieri
655 2228 778 2268 praeter
807 2220 928 2254 abbatis
955 2228 986 2254 et
1008 2220 1137 2254 fratrum

389 2272 582 2306 voluntatem
617 2269 811 2305 omnimodis
837 2269 1060 2316 proliibemus;
1100 2281 1138 2303 ne

389 2332 551 2355 servorum
569 2319 625 2354 Dei
649 2319 836 2358 recessibus,
860 2318 1065 2365 popularibus
1079 2330 1140 2353 oc-

390 2370 474 2404 casio
504 2368 689 2416 praebeatur
723 2368 783 2403 ulla
812 2367 1031 2402 conventibus.
1071 2367 1140 2402 Ob-

391 2426 483 2454 eunte
506 2430 578 2453 vero
600 2427 641 2459 te,
665 2430 749 2452 nune
771 2417 912 2452 eiusdem
936 2417 994 2452 loci
1017 2416 1140 2457 abbate,

394 2468 438 2502 vel
463 2476 587 2503 tuorum
610 2467 751 2514 quolibet
772 2478 1012 2506 successorum,
1035 2465 1142 2500 nullus

393 2516 435 2550 ibi
458 2516 597 2564 qualibet
623 2516 836 2570 subreptionis
863 2516 976 2551 astutia
997 2527 1052 2550 seu
1082 2516 1144 2549 tio·

392 2565 487 2600 lentia
527 2574 760 2612 praeponatur
801 2565 860 2600 nisi
900 2577 995 2612 quem
1033 2563 1143 2599 fratres

393 2615 553 2650 communi
575 2627 747 2659 consensu,
770 2614 815 2649 tel
841 2614 968 2649 statium
984 2625 1057 2661 pars
1072 2625 1145 2649 con-

1172 791 1294 827 molis,
1323 789 1389 823 Deo
1423 790 1578 836 propitio,
1615 789 1728 836 poterit
1763 789 1919 836 adipisci,

1172 839 1257 873 firma
1296 839 1383 873 vobis
1419 840 1592 893 vestrisque
1624 839 1863 874 successoribus
1889 849 1920 874 et

1160 888 1286 923 illibata
1316 896 1512 934 permaneam
1543 901 1574 922 ιιι
1601 888 1717 935 quibus
1746 889 1822 923 haec
1846 900 1920 935 pro-

1173 938 1246 984 priis
1274 937 1422 971 duximus
1444 937 1647 984 exprimenda
1676 937 1848 973 vocabulis:
1872 950 1920 972 ec-

1172 987 1298 1021 clesiam
1326 988 1360 1021 S.
1383 986 1544 1021 Laurentii
1579 986 1619 1022 de
1641 987 1736 1027 Anto,
1759 996 1920 1022 monaste-

1173 1037 1252 1070 rium
1277 1036 1451 1082 puellarum
1474 1035 1583 1070 Sancti
1605 1035 1752 1083 Procopii
1784 1036 1823 1071 de
1845 1036 1919 1080 Sto,

1172 1094 1203 1120 et
1225 1086 1388 1120 ecclesiam
1418 1084 1606 1120 Sanctorum
1634 1085 1849 1132 apostolorum
1874 1085 1921 1120 Si-

1174 1135 1276 1169 monis
1312 1144 1340 1168 et
1368 1134 1463 1168 Inulae
1498 1143 1585 1169 extra
1613 1147 1731 1173 muros,
1754 1135 1920 1170 ecclesiam

1173 1184 1278 1219 Sancti
1306 1184 1481 1218 Sebastiam
1516 1196 1588 1218 cum
1628 1185 1778 1218 omnibns
1811 1196 1919 1218 earum

1174 1234 1381 1280 pertiuentiis.
1422 1233 1628 1268 Decernimus
1662 1246 1749 1280 ergo,
1782 1242 1815 1267 ut
1844 1233 1921 1267 nulli

1173 1284 1303 1317 omnino
1326 1282 1491 1316 bominum
1519 1282 1621 1320 liceat,
1653 1282 1824 1329 praefatum
1854 1294 1922 1316 mo-

1175 1333 1343 1366 nasti-rium
1373 1341 1489 1366 temere
1531 1332 1735 1378 perturbare,
1769 1340 1821 1366 aut
1853 1333 1922 1366 eius

1174 1382 1390 1428 possessiones
1412 1381 1545 1418 auferre,
1569 1380 1616 1415 vel
1635 1381 1752 1415 ablatas
1774 1382 1922 1419 retinere,

1175 1432 1328 1474 minuere,
1349 1438 1402 1465 aut
1428 1430 1585 1477 aliquibus
1614 1430 1830 1465 vexationibus
1851 1429 1924 1465 fati-

1174 1492 1266 1526 gare;
1299 1480 1353 1515 sed
1389 1480 1492 1513 omnia
1529 1480 1648 1525 integre
1685 1487 1922 1518 conserventur.

1174 1542 1296 1569 eorum,
1321 1541 1376 1576 pro
1393 1541 1530 1575 quorum
1553 1529 1802 1564 substentatione
1824 1537 1854 1563 et
1868 1541 1924 1575 gu-

1176 1579 1359 1613 bei-natione
1392 1590 1541 1613 concessa
1569 1586 1653 1621 sunt.
1680 1579 1793 1613 usibus
1819 1578 1924 1613 omni-

1178 1628 1279 1663 modis
1303 1627 1479 1674 profutura:
1508 1628 1593 1662 salvo
1622 1627 1772 1662 nimirum
1803 1627 1832 1662 in
1855 1639 1925 1661 om-

1177 1678 1271 1711 nibns
1299 1678 1365 1711 iure
1391 1685 1421 1711 et
1452 1676 1637 1711 auctoritate
1658 1676 1692 1712 S.
1720 1677 1814 1712 Rom.
1837 1677 1924 1712 Eccl.

1175 1726 1206 1760 Si
1223 1740 1282 1773 qua
1300 1726 1392 1773 igitur
1415 1727 1445 1760 in
1460 1726 1599 1760 futurum
1615 1726 1824 1761 ecclesiastica
1850 1738 1928 1761 sae-

1175 1776 1327 1811 cularisve
1344 1788 1494 1823 persona,
1517 1775 1598 1810 hanc
1622 1785 1746 1810 nostrae
1767 1776 1928 1810 eonstitu-

1176 1825 1269 1859 tionis
1292 1826 1436 1871 paginam
1456 1825 1571 1868 sciens,
1593 1833 1700 1862 contra
1719 1837 1788 1860 eam
1810 1833 1928 1860 temere

1178 1875 1282 1909 venire
1312 1875 1496 1918 tentaverit,
1518 1874 1661 1909 secundo
1696 1875 1826 1909 tertiove
1848 1887 1928 1909 com-

1178 1924 1307 1964 monita,
1324 1924 1349 1958 si
1367 1935 1428 1958 non
1443 1924 1655 1958 satisfactione
1670 1936 1808 1970 congrua
1825 1935 1930 1959 emen-

1177 1973 1306 2014 daverit,
1329 1973 1490 2020 potestatis
1504 1973 1695 2020 honorisque
1714 1974 1762 2007 sui
1779 1973 1930 2027 dignitate

1178 2030 1292 2065 careat,
1315 2034 1462 2077 reamque
1480 2034 1512 2056 se
1528 2021 1635 2058 divino
1657 2022 1774 2057 iudicio
1795 2023 1930 2057 existere

1178 2072 1216 2106 (le
1245 2080 1418 2127 perpetrata
1447 2072 1610 2119 iniquitate
1641 2081 1827 2118 cognoscat,
1862 2080 1891 2106 et
1913 2083 1930 2106 a

1178 2121 1388 2156 sacratissimo
1414 2120 1558 2166 Corpore
1580 2120 1637 2155 Dei
1671 2133 1701 2156 et
1733 2120 1931 2167 Redempto-

1180 2171 1224 2205 ris
1247 2171 1345 2205 nostri
1372 2170 1442 2205 Iesu
1467 2169 1586 2205 Christi
1612 2170 1713 2205 aliena
1742 2170 1816 2214 fiat,
1836 2179 1931 2216 atque

1181 2220 1211 2254 in
1225 2227 1364 2260 extremo
1378 2219 1522 2254 examine
1536 2220 1693 2254 districtae
1714 2219 1825 2255 ultioni
1847 2218 1933 2253 sub-

1181 2269 1294 2306 iaceat:
1331 2269 1455 2304 cunctis
1481 2276 1584 2304 autem
1620 2269 1723 2304 eidem
1755 2269 1823 2304 loco
1854 2269 1933 2303 iusta

1181 2317 1378 2353 servantibus
1411 2318 1450 2353 sit
1482 2331 1539 2365 pax
1573 2317 1700 2352 Domini
1735 2319 1830 2353 nostri
1864 2317 1933 2352 lesu

1181 2367 1311 2411 Christi,
1345 2376 1501 2414 qnatenus
1527 2375 1558 2403 et
1592 2368 1642 2403 bic
1674 2367 1811 2402 fructum
1834 2367 1933 2402 bonae

1182 2417 1316 2452 actionis
1338 2416 1522 2464 percipiant,
1547 2425 1577 2452 et
1590 2417 1673 2464 apud
1692 2417 1869 2451 districtum
1886 2415 1935 2450 lu-

1183 2466 1282 2500 dicem
1316 2467 1456 2513 praemia
1484 2474 1630 2501 aeternae
1651 2466 1736 2513 pacis
1762 2465 1932 2500 inveniant.

1184 2515 1298 2549 Amen.

1233 2564 1304 2599 Eoo
1333 2564 1454 2599 Lucios
1485 2563 1656 2600 catholicae
1677 2563 1836 2599 Ecclesiae
1867 2562 1936 2611 epi-

1184 2625 1300 2661 scopus
1327 2613 1510 2661 subscripsi.

1961 1734 2040 1756 Sattiae
2056 1739 2107 1754 eon·

1975 1765 2089 1786 olusianus.

2168 2554 2176 2595 a-

1988 2581 2044 2604 Lucii
2056 2580 2097 2603 ΙΨ.
