2180 3205
27 536 31 540 .
58 514 119 537 dam:

58 271 105 299 An.
126 269 156 297 C.
175 267 242 296 ¹¹36

854 263 1066 288 txxoct-:N'rtt's
1088 264 1108 287 ΙΙ
1131 264 1179 288 PP.

1691 251 1728 285 lrt
1737 251 1755 285 7

256 314 509 360 praeposituris,
538 325 619 358 quae
652 324 708 358 per
739 315 851 346 fratrs-s
881 318 1002 345 was-tros
1039 312 1214 355 percipiant
1235 340 1240 347 .
1265 318 1293 345 et
1322 313 1406 356 apud
1433 311 1611 344 districtum
1639 311 1779 344 iudicem

70 379 240 411 mannam·
258 369 477 408 instituuntur,
499 368 579 401 ordo
601 373 702 401 vesu—r
719 368 895 400 scrinulum
918 367 1000 399 bcati

57 407 423 483 {zini'a'ssgiiiiiiif‘isiAugtistitii
453 423 596 465 regulam
624 428 787 459 tencatur,
812 427 843 454 et.
868 421 892 453 si
925 420 1002 465 quid

57 460 240 510 Jbieeuss‘i'ssiiiiae-
256 475 330 509 novi
356 475 387 508 iu
414 475 527 508 ordine
551 475 758 508 statuendum
781 473 891 513 suerit,
915 484 1002 506 coui-

257 529 346 574 muni
375 539 505 561 assensu
536 529 753 571 praelatorum
785 527 878 560 vostri
904 527 1001 559 annui

256 587 432 616 conventus
451 581 655 614 concorditer
672 586 839 613 statuatur.
864 580 1003 624 Praepo-

81 645 240 682 apspeqprqc-
256 635 372 669 situras
403 645 533 679 quoquc
560 645 578 667 a
605 634 716 667 vestris
737 633 888 666 fratribus
909 633 1000 666 insti-

58 674 242 725 ffi¹i¹¹m”³'¹‘¹¹¹‘
258 694 352 730 tutas,
381 699 399 721 a
417 687 507 721 vobis
532 698 590 731 pro
612 687 860 720 confirmatione
881 686 1004 720 ordinis

258 743 390 783 visitari,
413 747 445 775 et
461 742 662 786 praepositos
684 752 794 774 earum
816 752 874 785 per
894 741 1004 783 singu-

257 797 305 829 los
324 806 426 829 annos
445 801 582 829 vestram
608 794 775 828 ecclesiam
794 794 922 828 visitare
944 795 1001 827 de-

75 859 114 891 ,ᾼιι
126 859 241 880 hom-tiam
257 850 430 884 cernimus.
454 848 645 882 Monasteria
673 858 802 892 quoque
831 848 1004 881 sanctimo-

59 886 242 944 i'a'i'tssiifstmii'iiss
257 902 410 943 nialium‚
431 912 515 946 quae
543 912 576 934 se
597 901 783 943 magisterio
804 907 927 933 restrae
946 901 1004 934 Ec-

59 939 177 990 ffriaiiiii'in
207 938 243 959 '¹⁰'
259 956 374 990 clesiae
394 955 535 998 regenda
555 954 746 994 subiiciunt,
772 954 811 986 ab
837 954 951 987 eodem
972 965 1006 987 se

258 1009 379 1043 absolvi
400 1016 430 1042 et
449 1009 503 1042 alii
524 1009 618 1042 subdi
645 1014 755 1052 postea
778 1018 842 1041 nou
868 1019 1003 1051 praesu-

92 1071 244 1094 cunfirmamur
260 1067 359 1096 mant.
372 1062 414 1096 Ut
431 1067 539 1095 autem
560 1060 775 1105 omnipotenti
792 1061 928 1094 Domino
941 1071 1007 1094 ser-

26 1137 31 1143 .
60 1099 245 1148 iiboiissiissaffl'r‘f
260 1115 327 1149 vire
346 1115 490 1149 securius
511 1115 652 1155 valeatis,
676 1114 859 1147 libertatem
880 1125 898 1147 a
917 1125 1007 1148 reco-

60 1151 246 1216 fsslssffifflffiii
261 1170 376 1204 lendae
388 1169 565 1203 memoriae
576 1169 752 1207 Friderico‚
762 1169 1007 1213 archiepiscopo

61 1211 142 1228 ‘⁰³²⁰'
260 1223 453 1264 Coloniensi,
463 1222 624 1256 Ecclesiae
633 1228 757 1256 vestrae
768 1233 965 1263 concessam,
978 1228 1008 1256 et

261 1276 438 1311 venerabili
450 1276 540 1309 fratri
554 1282 665 1309 nostro
679 1276 840 1316 Brunone‚
857 1276 924 1309 eius
937 1287 1008 1309 suc-

260 1340 402 1370 cessore,
425 1330 634 1373 postmodum
655 1329 884 1373 approbatam,
908 1329 1008 1372 ipsius

259 1383 410 1428 precibus
434 1383 578 1416 inclinati
592 1411 599 1422 ‚
620 1383 842 1416 omnimodam
871 1383 1007 1416 firmita-

262 1443 325 1471 tem
337 1437 369 1470 in
380 1442 574 1481 perpetuum
587 1442 696 1470 tenere
710 1437 881 1470 sancimus.
894 1437 1005 1477 Porro,

75 1498 101 1520 m
110 1498 166 1520 bona
176 1498 246 1546 omuga
261 1500 483 1535 quascumque
513 1489 731 1533 possessiones
744 1516 751 1529 ,
783 1494 1009 1533 quaecumque

63 1525 161 1547 sinemus
179 1531 222 1546 nea
239 1535 247 1540 -
636 1542 641 1548 .
747 1542 753 1547 .
872 1543 877 1548 .

63 1551 104 1573 hue
113 1552 248 1578 etarnmvet
262 1544 366 1585 hona,
389 1543 503 1577 eadem
522 1543 664 1576 Ecclesia
690 1543 843 1576 Steinvelt
870 1553 1009 1587 imprae-

63 1578 247 1653 {ffiffiffirffiie
262 1596 440 1630 sentiarum
460 1595 543 1629 iuste
563 1600 595 1629 et
614 1595 757 1638 legitime
777 1595 930 1639 possidet,
955 1602 1009 1629 aut

213 1648 218 1653 ’
261 1650 295 1684 in
312 1650 455 1684 futurum
473 1649 681 1683 concessione
701 1648 906 1689 Pontificum,
930 1649 1010 1683 libe-

262 1703 391 1737 ralitate
413 1713 527 1746 regum
542 1703 597 1738 rvel
616 1702 800 1746 principum
815 1729 822 1743 ,
847 1702 1009 1736 oblatione

262 1757 420 1798 fidelium,
435 1767 492 1790 seu
505 1756 575 1790 aliis
587 1756 678 1789 iustis
695 1755 811 1796 modis,
827 1761 1010 1799 praestante

261 1810 410 1852 Domino,
427 1809 548 1854 poterit
566 1809 712 1853 adipisci,
735 1809 831 1841 firma
850 1809 939 1842 vobis
958 1819 1012 1842 ve-

262 1863 402 1908 strisque
427 1862 679 1903 successoribus,
703 1868 734 1895 et
753 1861 876 1895 illibata
900 1862 1007 1895 consi-

265 1922 360 1951 stant.
383 1916 416 1951 Si
436 1927 500 1960 qua
516 1916 614 1958 igitur
633 1915 666 1948 in
686 1915 830 1948 futurum
858 1915 1010 1949 ecclesia-

265 1971 345 2005 stica
363 1969 577 2004 saecularisve
596 1979 752 2013 persona,
776 1968 859 2001 hanc
884 1974 1011 2001 nostrae

266 2023 504 2058 constitutionis
516 2023 668 2067 paginam
682 2022 797 2062 sciens,
811 2028 923 2055 contra
941 2033 1012 2055 eam

266 2083 387 2112 temere
417 2077 527 2110 venire
562 2075 749 2116 tentaverit,
784 2076 926 2109 secundo
951 2081 1013 2108 ter-

269 2131 352 2164 tiove
381 2130 607 2170 commonita,
635 2129 661 2162 si
698 2139 763 2162 non
795 2128 1013 2161 satisfactione

267 2195 412 2228 congrua
439 2183 680 2223 emendaverit,
712 2182 880 2226 potestatis
904 2182 1010 2215 hono-

266 2239 376 2283 risque
394 2238 443 2272 sui
471 2237 625 2280 dignitate
654 2241 782 2276 careat,
806 2246 961 2278 reamque
981 2245 1014 2268 se

268 2291 377 2325 divino
397 2290 518 2324 iudicio
538 2290 672 2323 existere
693 2289 733 2322 de
752 2293 938 2332 perpetrata
955 2287 1014 2320 ini-

268 2344 390 2389 quitate
410 2348 593 2386 cognoscat,
614 2347 646 2375 et
665 2353 684 2375 a
703 2341 920 2375 sacratissimo
941 2341 1015 2375 Cor-

267 2408 347 2443 pore
359 2408 397 2431 ac
413 2396 575 2439 Sanguine
593 2395 650 2428 Dei
671 2401 702 2428 et
719 2394 944 2438 Redemptoris
958 2405 1015 2427 no-

268 2451 327 2484 stri
342 2452 413 2485 lesu
425 2449 539 2484 Christi
557 2449 661 2482 aliena
674 2448 740 2488 fiat,
758 2453 854 2491 atque
869 2447 900 2479 in
915 2453 1016 2480 extre-

270 2515 323 2538 mo
341 2503 487 2537 examine
507 2501 671 2535 districtae
691 2499 807 2533 ultioni
828 2499 1013 2540 subiaceat·,

270 2557 394 2591 cunctis
413 2562 520 2590 autem
541 2555 647 2588 eidem
668 2553 740 2586 loco
767 2563 825 2585 sua
854 2552 924 2585 iura
949 2563 1016 2585 ser-

104 1923 186 1946 Solitae
200 1929 250 1945 con-

65 1949 178 1971 elationes.

1038 365 1181 408 praemia
1199 372 1348 398 :ictui-uae
1367 366 1453 409 pacis
1474 365 1646 398 inveniant.
1664 366 1776 397 Amen.

1082 418 1146 451 Euo
1173 419 1386 452 lsxoctzx'rus
1419 419 1595 452 catholicae
1621 418 1780 451 Ecclesiae

1037 463 1207 506 episcopus
1228 463 1414 507 subscripsi.

1082 517 1146 558 Ego
1158 517 1348 550 Guittvtmns
1363 517 1586 550 Praenestinus
1598 517 1777 561 episcopus.

1082 570 1147 612 Ego
1172 570 1344 613 Gregorius
1373 571 1454 603 (liar.
1486 571 1572 603 card.
1606 570 1651 604 Ss.
1680 570 1780 613 Sergii

1038 620 1069 647 ct
1088 614 1214 647 Bacchi.

1082 668 1147 710 Ego
1160 668 1394 701 Theodewinus
1407 668 1438 701 S.
1452 668 1585 702 Rufinac
1597 669 1778 712 episcopus.

1083 721 1148 763 Ego
1169 722 1349 761 Anselmus‚
1365 722 1469 765 presb.
1499 722 1680 755 cardinalis.

1084 775 1148 817 Ego
1168 775 1356 813 Benfredus,
1385 775 1491 819 presb.
1516 775 1602 808 card.

1083 828 1148 870 Ego
1168 829 1413 873 Chrysogonus,
1442 829 1523 862 diac.
1556 828 1644 862 card.
1667 828 1697 860 S.
1721 828 1784 861 Ma-

1041 872 1105 906 riae
1126 873 1158 905 in
1183 873 1323 906 Porticu.

1803 262 1850 287 An.
1872 260 1981 288 (3.1136

1817 428 1930 447 lituos-rutil
1941 428 1980 447 ΙΨ.

1797 457 1860 480 atqu·¹
1877 455 1898 473 S.
1908 454 1931 474 tt.
1943 455 1980 474 Lv-

1797 481 1874 501 rtusiat·
1886 481 1981 500 cuntium

1797 509 1847 527 buu·
1891 508 1981 526 subn-ti-

1798 537 1887 559 ptwuw.

1084 925 1149 968 Ego
1162 926 1274 966 Lucas,
1290 926 1456 970 presbyter
1469 926 1556 959 card.
1570 925 1616 958 tit.
1633 926 1679 959 Ss.
1695 926 1785 958 loan-
1817 939 1819 942 ·

1040 969 1088 1003 nis
1110 976 1140 1003 et
1160 970 1260 1003 Pauli.

1085 1024 1150 1066 Ego
1171 1024 1339 1064 Martinus,
1359 1024 1466 1068 presb.
1492 1023 1538 1056 tit.
1561 1023 1592 1057 S.
1617 1023 1781 1067 Stephani.

1084 1078 1150 1120 Ego
1170 1078 1274 1112 Guido
1295 1078 1446 1120 indignus
1470 1078 1630 1111 sacerdos.

1085 1132 1151 1174 Ego
1164 1131 1348 1174 Gregorius,
1366 1131 1452 1164 card.
1465 1131 1572 1175 presb.
1590 1131 1635 1164 tit.
1652 1130 1785 1164 Sanctae

1042 1175 1178 1209 Priscae.

1084 1230 1162 1263 Data
1181 1229 1271 1269 Pisis,
1296 1240 1353 1273 per
1373 1239 1504 1262 manum
1525 1228 1684 1273 Aymerici
1705 1238 1781 1261 san-

1042 1280 1111 1307 ctae
1131 1274 1295 1307 Romanae
1320 1273 1480 1306 Ecclesiae
1509 1272 1635 1306 diaconi
1661 1272 1786 1305 cancel-

1041 1318 1123 1357 larii,
1139 1328 1171 1352 tv
1192 1318 1263 1351 idus
1284 1318 1444 1358 decemb,
1462 1317 1528 1350 ind.
1544 1328 1609 1356 xw,
1626 1316 1781 1350 incarnat.

1042 1362 1164 1396 domin.
1194 1373 1279 1395 anno
1308 1372 1469 1399 mcxxxvl,
1495 1361 1700 1405 pontificatus
1730 1360 1787 1393 do-

1043 1407 1121 1440 mini
1141 1406 1319 1440 Innocentii
1337 1407 1441 1450 Papae
1458 1406 1500 1446 11,
1521 1415 1605 1438 anno
1626 1415 1681 1438 vu.

1078 1461 1135 1487 Dat.
1164 1460 1208 1487 die
1235 1460 1269 1487 10
1293 1459 1444 1487 decembris
1470 1467 1542 1486 anno
1572 1458 1676 1486 Domini
1706 1457 1784 1488 1136.

1285 1504 1381 1540 pontif.
1402 1512 1473 1531 anno
1494 1511 1543 1530 vu.

1378 1647 1453 1680 XLI.

1043 1721 1225 1759 Decretum,
1239 1729 1279 1751 ne
1290 1719 1327 1751 in
1341 1718 1494 1750 districtu
1506 1718 1698 1750 monasterii
1706 1717 1788 1750 Por-

1089 1773 1187 1807 tensis
1205 1772 1332 1805 ordinis
1354 1771 1537 1806 Cistercien.
1554 1770 1789 1814 Nuenburqen-

1087 1827 1132 1859 sis
1156 1826 1325 1865 dioecesis,
1352 1824 1538 1857 venationes
1569 1834 1590 1856 a
1619 1834 1786 1867 quoquam

1087 1880 1171 1922 fiant
1189 1879 1209 1911 ¹.

1310 1931 1520 1959 SUMMARIUM.

1046 1986 1201 2016 Exordium.
1218 2002 1251 2005 —
1263 1985 1296 2013 Ut
1311 1985 1376 2012 ordo
1392 1984 1556 2012 monasticus
1572 1983 1639 2010 inibi
1654 1987 1787 2016 servetur,

1081 2022 1246 2049 decernitur.
1265 2036 1295 2040 —
1312 2020 1453 2048 Cambium
1469 2028 1484 2047 a
1499 2019 1648 2054 Nuenbnrg
1663 2019 1790 2054 episcopo

1081 2058 1193 2092 factum,
1210 2073 1243 2076 ——
1258 2056 1386 2091 Bonaque
1402 2055 1492 2083 omnia
1516 2056 1550 2082 ad
1570 2058 1685 2081 monast.
1702 2054 1789 2089 perti-

1082 2093 1174 2120 nentia
1197 2092 1402 2119 confirmantur.
1424 2106 1457 2111 -
1476 2091 1507 2117 In
1527 2090 1650 2117 districtu
1673 2093 1788 2116 monast.

1083 2128 1239 2156 venationes
1253 2135 1413 2167 atquoquam
1430 2126 1498 2157 fieri,
1510 2125 1677 2160 prohibetur.
1697 2140 1730 2144 —
1741 2124 1789 2152 So-

1083 2164 1145 2191 litae
1156 2163 1352 2190 conclusnones.
1363 2178 1393 2180 —
1405 2161 1553 2188 Innocentii
1571 2160 1620 2187 PP.
1637 2164 1665 2187 et
1673 2160 1792 2187 nonnul-

1082 2200 1171 2227 lorum
1185 2199 1213 2225 S.
1225 2198 1255 2225 R.
1274 2197 1303 2224 Ε.
1321 2196 1498 2224 cardinalium
1513 2196 1736 2231 subscriptiones.

1048 2261 1245 2290 Innocentius
1261 2260 1430 2294 episcopus,
1443 2266 1548 2286 servus
1566 2266 1719 2286 servornm
1731 2258 1792 2290 Dei,

1084 2306 1193 2333 dilecto
1204 2305 1266 2332 filio
1276 2304 1434 2331 Adelberto
1446 2302 1584 2330 Portensi
1594 2302 1703 2334 abbati,
1714 2301 1793 2329 eins-

1085 2357 1142 2383 que
1159 2348 1388 2376 suecessoribus
1408 2346 1590 2381 regulariter
1604 2345 1792 2374 substituen-

1085 2394 1141 2427 dis,
1163 2393 1194 2420 in
1214 2395 1413 2438 perpetuum·

1093 2447 1167 2480 Piae
1187 2445 1360 2489 postulatio
1373 2444 1546 2478 voluntatis
1567 2443 1683 2477 effectu
1700 2444 1796 2476 debet

1050 2505 1267 2544 prosequente
1289 2497 1456 2542 compleri,
1473 2502 1631 2540 quatenus
1651 2501 1682 2529 et
1701 2496 1796 2529 devo-

1051 2553 1146 2586 tionis
1170 2551 1337 2586 sinceritas
1358 2551 1564 2584 laudabiliter
1585 2550 1749 2590 enitescat,
1767 2555 1798 2582 et

269 2612 418 2645 vantibus
431 2611 471 2644 sit
482 2621 543 2655 pax
553 2607 681 2643 Domini
692 2606 795 2640 nostri
805 2607 876 2640 Iesu
888 2606 1013 2646 Christi,
1051 2606 1169 2639 utilitas
1188 2605 1348 2649 postulata
1367 2604 1450 2637 vires
1467 2603 1688 2637 indubitanter
1707 2613 1796 2636 assu-

271 2670 430 2709 quatenus
450 2669 482 2697 et
506 2663 559 2696 hic
590 2663 728 2695 fructum
758 2660 862 2693 bonae
883 2659 1017 2693 actionis

322 2727 402 2755 Bull.
419 2728 500 2755 Rom.
520 2726 578 2753 Vol.
596 2725 613 2752 X
897 2722 932 2749 53

1089 2669 1129 2703 (1)
1138 2667 1227 2694 Edidit
1240 2666 1402 2694 Pertucbius
1412 2665 1536 2693 Chronic.
1548 2665 1667 2699 Porten.‚
1679 2672 1739 2700 pag.
1751 2664 1796 2690 18.

1836 2452 1957 2474 Exordium.
