2180 3205
47 261 94 288 Λη.
115 261 142 286 u.
163 260 225 286 toa]

78 427 225 449 monasterium

53 454 217 476 Glaiinaffliensv

45 483 166 503 construxit:

70 803 94 825 Ei
113 802 224 824 Cassinati-

46 831 89 852 bus.
112 830 224 857 regenaam

46 858 114 879 uadit:

91 1307 164 1330 lisdem
187 1307 213 1328 ab

51 1334 156 1356 Hadriano
179 1335 218 1355 Pr.

45 1361 185 1384 adiudicatum
194 1368 198 1382 z

71 1629 148 1653 Dehinc
158 1637 170 1652 a
177 1631 225 1652 bar-

54 1656 110 1679 haris
136 1658 216 1679 uestru-

45 1686 98 1705 ctnm
115 1684 225 1705 fossaten-

44 1709 99 1732 sibus
107 1711 127 1731 in
135 1718 226 1737 regimen

44 1738 120 1760 datum.

71 2135 154 2157 Urbano
184 2136 224 2157 PP.

46 2165 153 2189 porrectae
179 2169 227 2189 prc-

47 2193 81 2210 ces
96 2194 133 2215 pro
143 2190 227 2210 restitu-

46 2215 100 2236 tione
113 2214 227 2237 Cassinau-

45 2241 83 2262 bus
97 2242 199 2264 facientia.

879 246 939 267 [ῖῖἶῦ
949 246 1022 268 tNt‘S
1050 247 1071 267 tt
1103 247 1153 268 l’l'.

1685 242 1752 274 170

254 299 418 341 reiis-rionis
433 299 575 334 studium
593 300 813 335 ‹loeendumet
831 301 1007 346 augendum
1053 301 1261 334 habitantium
1288 302 1436 336 nubilium
1462 303 1600 338 virorum
1626 317 1683 339 nos
1713 306 1802 341 turb]

255 348 283 381 in
329 348 450 383 Gallias
488 351 673 393 destinavit,
711 352 792 384 sicut
831 351 859 383 in
898 363 1006 383 eorum

254 399 351 443 gestis
371 398 438 432 luce
456 398 571 433 clarius
588 399 780 446 reperiinus;
798 399 866 445 qui,
884 398 921 433 ad
941 399 1006 432 lot-a

253 447 405 481 destinata
435 449 633 494 perveniens,
659 450 898 487 monasterium,
921 448 1005 494 quod

252 495 489 531 Gtaimasotiuni
510 497 644 537 dicitur,
673 498 701 531 in
730 497 1005 531 Andecavensinm

252 545 388 580 dioecesi
422 546 525 580 divina
561 547 657 592 gratia
691 554 901 592 prosequente
935 559 1004 580 con-

251 595 381 634 struxit,
418 595 503 642 quod
533 595 712 630 Cassinensi
743 595 898 629 coenobio
922 595 1005 629 uude

252 644 412 690 prodierat
440 645 614 685 commisii,
653 644 718 683 ubi,
754 657 825 678 cum
862 644 1005 689 plurimis

252 693 399 727 virtutum
429 694 608 739 insignibus
640 702 831 738 cooperante
866 692 1004 728 Domino

251 742 441 783 effulsisset,
469 742 644 781 Bet-tulfum
681 742 873 788 discipulina
910 756 1002 777 snum

251 791 394 826 abbatem
419 792 626 831 substituens,
651 792 813 826 monachis
835 791 1002 826 Cassincn.

250 841 304 887 qui
330 853 394 875 una
417 853 525 875 secum
549 850 711 884 venerant,
733 853 828 888 super
855 854 926 875 euin
951 854 1003 875 so-

250 888 366 924 licitius
395 890 554 935 invigilare
576 891 750 937 praecepit,
783 903 821 924 ne
844 890 873 924 in
897 891 1002 937 aliquo

250 950 266 972 a
294 939 484 973 rectitudine
516 939 668 986 regularis
692 939 825 973 tramitis
847 939 1002 980 (leviaret,

251 987 360 1035 sicque
384 988 566 1035 temporalis
588 988 668 1023 vitae
692 989 784 1023 finem
800 989 929 1023 sortitus
945 997 1001 1029 est,

251 1049 286 1072 ac
305 1038 457 1084 sepultus.
482 1037 558 1072 Post
573 1037 724 1072 nonnulla
740 1038 832 1083 igitur
845 1050 1000 1073 annorum

250 1087 427 1130 curricula,
475 1087 611 1134 peccatis
658 1087 879 1133 exigentibus,
919 1087 1001 1121 idem

249 1136 474 1171 monasterium
498 1148 514 1171 a
535 1136 683 1171 Gaidulfo
696 1137 854 1183 quondam
877 1136 1003 1171 destru-

250 1193 348 1224 ctum,
385 1185 439 1220 scd
469 1186 668 1231 postmodum
699 1186 919 1231 religiosorum
957 1187 1003 1220 vi-

251 1246 359 1269 rorum
386 1234 492 1269 studio
518 1244 706 1281 reparatum.
733 1235 776 1269 Eo
804 1235 908 1282 itaque
928 1243 1004 1269 tcm-

252 1296 328 1331 pore
346 1284 542 1319 venerandae
561 1284 730 1319 memoriae
742 1284 901 1318 Adrianus
918 1284 1000 1331 Papa

251 1333 344 1368 simul
367 1345 440 1368 cum
463 1333 578 1368 Carolo
601 1346 674 1379 rege
688 1332 882 1367 Francorum
906 1342 935 1367 et
954 1346 1003 1380 pa-

251 1383 336 1417 tritio
358 1382 575 1417 Romanorum
588 1383 759 1430 praefatum
777 1383 1000 1417 monasterium

251 1431 508 1466 Glannafoliense
554 1431 724 1467 venerabili
770 1431 1001 1466 Theodemario

251 1481 434 1516 Cassinensi
452 1481 567 1521 abbati,
594 1481 763 1528 superbae
787 1493 819 1515 re
841 1481 1001 1528 querimo-

251 1531 336 1565 niam
365 1531 507 1570 facienti,
540 1532 664 1577 cognita
692 1531 812 1565 ratione
846 1531 1001 1574 restituit,

251 1587 345 1627 atque
377 1580 561 1614 auctoritate
588 1580 757 1627 apostolica
792 1580 999 1614 confirmavit.

250 1629 387 1673 Verum,
414 1631 486 1676 quia
514 1629 571 1664 Dei
606 1629 718 1664 iudicia
741 1629 864 1664 abissus
887 1629 1000 1670 multa,

252 1678 312 1713 iam
339 1678 458 1713 dictum
495 1679 682 1713 coenubium
719 1678 919 1713 barbarorum
954 1678 1001 1715 ins-

251 1739 345 1762 cursu
368 1736 521 1762 vastatum
545 1728 657 1762 iterum
681 1735 711 1762 et
737 1728 931 1762 destructum
958 1740 1001 1762 as-

251 1777 377 1812 seritur.
409 1777 673 1824 Depopulationis
695 1789 769 1823 ergo
791 1777 874 1811 illius
897 1777 1003 1811 harba-

252 1827 335 1861 ricae
373 1826 543 1861 solitudine
573 1834 796 1873 permanente,
835 1825 1000 1861 illustrium

252 1875 431 1922 principum
455 1875 558 1909 studio
582 1876 740 1922 provisum
756 1875 824 1919 fuit,
847 1883 1003 1922 quatenus

251 1923 522 1960 Glannofoliensis
549 1924 648 1965 locus,
687 1925 891 1959 monachicae
928 1932 1002 1959 tunc

252 1974 348 2021 quieti
377 1974 588 2020 incongruus,
625 1987 679 2021 per
705 1974 910 2009 Fossatenses
934 1986 1002 2008 mo-

253 2023 371 2058 nachos
386 2023 616 2070 disponeretur.
638 2023 726 2065 Quae
748 2023 875 2070 quidem
900 2023 1004 2069 dispo-

254 2072 326 2107 sitio
358 2084 458 2118 usque
485 2072 523 2107 ad
552 2081 692 2118 tempora
728 2080 832 2107 nostra
862 2072 1002 2106 immobi-

254 2120 325 2155 liter
340 2121 528 2168 perduravit.
544 2121 711 2156 Caeterum
724 2134 794 2156 cum
807 2121 1003 2156 Fossatensis

254 2171 348 2205 etiam
375 2170 464 2204 locus
493 2182 509 2204 a
533 2170 691 2216 religionis
714 2170 930 2205 observatione
947 2170 1004 2204 de-

254 2219 370 2259 siisset,
396 2218 662 2254 Glannafoliensis
696 2219 836 2254 Ecclesia
859 2230 914 2264 per
943 2218 1003 2253 loci

255 2268 355 2315 ipsius
377 2269 571 2315 praepositos
594 2280 655 2302 non
674 2276 733 2302 tam
750 2268 898 2313 disposita
910 2280 1001 2314 quam

204 2358 211 2363 =
255 2317 404 2364 dissipata
429 2316 549 2351 diutius
572 2316 743 2352 videbatur.
779 2316 921 2361 Contigit
951 2329 1005 2351 au-

256 2375 318 2402 tem
341 2366 465 2401 divinae
493 2366 699 2412 dispositione
723 2366 909 2401 clementiae
931 2378 1003 2400 cum

256 2427 312 2462 pro
338 2416 562 2451 ecclesiasticis
583 2416 688 2450 causis
710 2415 738 2449 in
764 2415 882 2449 Gallias
910 2423 1004 2449 trans-

256 2465 410 2506 issemus,
449 2477 507 2499 nos
543 2464 647 2498 locum
675 2464 762 2498 illum
787 2477 859 2498 cum
886 2463 1006 2499 confra-

258 2514 358 2549 tribus
377 2514 492 2549 nostris
513 2513 683 2561 episcopis,
713 2522 743 2548 et
765 2513 926 2548 Romanae
948 2512 1005 2547 Ee-

257 2563 370 2597 clesiae,
412 2563 624 2597 cardinalibus
665 2563 816 2597 visitasse.
861 2561 1003 2596 Fratrum

258 2611 351 2659 igitur
372 2611 440 2647 Deo
477 2612 680 2647 servientium
712 2612 792 2657 illic,
825 2619 856 2646 et
885 2612 1004 2646 circum

1032 2562 1206 2597 ‘Ecclesiae

1051 351 1281 391 circumstetit,
1319 365 1415 397 snper
1452 354 1656 399 dissipatione
1691 356 1802 390 mutti-

1052 400 1142 433 inoda
1175 402 1450 446 compierentinni,
1475 415 1556 448 quae
1586 403 1625 438 ab
1650 404 1698 437 his
1721 405 1803 440 infe-

1051 448 1189 487 rebatur,
1211 462 1345 494 quornm
1370 463 1422 484 eos
1444 461 1626 497 oportuerat
1650 454 1800 489 industria

1048 498 1228 541 gubernari.
1266 499 1413 533 Adit-ctae
1449 500 1497 534 his
1524 510 1597 535 sunt
1620 505 1800 539 communis

1050 547 1100 580 lilii
1140 547 1237 581 nostri
1281 547 1430 582 lobannis
1471 558 1597 585 sauctae
1640 551 1802 588 Romanae

1047 595 1206 630 Ecclesiae
1240 596 1364 631 diaconi
1407 598 1596 640 cardinalis,
1637 609 1667 635 et
1702 603 1796 637 vestri

1047 644 1247 679 Cassinensis
1282 646 1424 680 coenobii
1460 648 1602 682 monachi
1632 662 1687 695 pro
1711 660 1799 697 parte

1047 702 1110 734 tua,
1146 702 1175 728 et
1199 694 1387 729 venerabilis
1414 695 1516 730 fratris
1542 700 1640 732 nostri
1663 699 1799 735 Gom-idi

1045 743 1281 778 Amteeaveusis
1303 744 1457 791 episcopi,
1481 753 1510 780 et
1527 746 1577 780 lilii
1603 749 1699 782 nostri
1722 749 1800 783 Fut-

1046 793 1155 827 cbonis
1178 792 1414 828 Andecavensis
1436 795 1561 829 comitis
1577 808 1697 842 preces,
1722 811 1798 844 pro-

1047 842 1149 887 prium
1173 842 1242 876 loco
1266 842 1308 876 illi
1332 843 1476 878 abbatem
1501 844 1560 879 sub
1588 845 1705 880 ditione
1721 847 1795 882 Cas·

1045 891 1182 926 sinensis
1204 891 1385 936 Ecclesiae,
1409 894 1593 929 auctoritate
1607 894 1700 930 Sedis
1715 896 1800 943 Apo·

1044 940 1172 975 stolicae
1201 941 1320 975 restitui
1346 942 1592 988 postulantiuin;
1615 956 1673 979 nec
1690 958 1798 991 parum

1046 989 1075 1024 in
1104 990 1187 1024 brevi
1213 990 1387 1036 profectum
1415 991 1485 1026 loco
1513 1001 1699 1028 eventurum
1719 1007 1795 1041 spc-

1046 1038 1172 1079 rabant,
1195 1046 1225 1074 et
1244 1039 1282 1073 dc
1305 1040 1479 1085 trigesimo,
1502 1042 1555 1088 qui
1580 1055 1665 1077 nunc
1685 1044 1798 1083 inerat,

1046 1088 1272 1122 monachorum
1298 1101 1429 1123 numero
1457 1099 1585 1137 repente
1608 1092 1794 1139 ampliorem

1045 1137 1197 1177 futurum,
1220 1138 1245 1172 si
1263 1138 1391 1184 quidem
1408 1152 1422 1173 a
1439 1139 1675 1175 Fossateiisium
1698 1142 1799 1189 erepti

1046 1186 1219 1233 tyrannide,
1247 1187 1369 1221 abbatis
1393 1189 1507 1234 proprii
1532 1190 1685 1236 regimine
1707 1190 1798 1226 frue-

1046 1244 1162 1270 rentur.
1193 1236 1330 1271 Proinde
1358 1236 1601 1273 Fusszitensibus
1630 1241 1794 1275 monachis

1043 1284 1126 1319 diem
1153 1294 1274 1319 certum
1303 1286 1481 1330 statuimus,
1522 1300 1584 1334 quo
1611 1301 1644 1323 se
1672 1298 1798 1325 nostrae

1043 1334 1236 1379 audientiae,
1270 1335 1294 1369 si
1331 1335 1482 1370 baberent
1517 1337 1678 1384 privilegia
1706 1351 1798 1385 prae—

1043 1391 1214 1418 sentarent.
1256 1383 1506 1420 Considentibus
1527 1399 1602 1432 ergo
1625 1387 1793 1423 nobiseum

1044 1433 1073 1466 in
1096 1432 1274 1467 Turonensi
1291 1433 1428 1468 Ecclesia
1448 1435 1704 1483 archiepiscopiS,
1727 1438 1797 1484 epi-

1043 1482 1146 1528 scopis
1174 1490 1204 1516 et
1237 1482 1402 1518 abbatibus
1437 1497 1569 1520 numero
1597 1487 1796 1532 quatraginta

1044 1539 1191 1577 quatuor,
1215 1532 1291 1566 faeta
1316 1532 1355 1567 de
1377 1533 1437 1567 hoc
1460 1534 1584 1579 negotio
1600 1537 1797 1581 quaestione,

1043 1588 1159 1615 cartam
1198 1581 1289 1615 nobis
1327 1582 1474 1628 praedicti
1512 1583 1622 1619 fratres
1649 1585 1680 1618 in
1709 1597 1798 1619 com-

1045 1630 1131 1663 muni
1160 1630 1317 1665 audientia
1341 1640 1579 1678 praesentarunt
1614 1634 1702 1681 quasi
1731 1635 1798 1669 Ro-

1043 1679 1127 1713 mani
1144 1679 1306 1714 pontificis
1320 1680 1462 1725 Adriani,
1480 1694 1560 1728 quae
1574 1683 1705 1717 omnino
1721 1683 1795 1718 falsa

1045 1728 1218 1762 manifestis
1244 1737 1290 1763 est
1323 1730 1450 1764 indiciis
1483 1731 1695 1778 comprobata.
1725 1733 1798 1767 Pla-

1043 1777 1108 1811 cuit
1123 1777 1227 1824 itaque
1249 1779 1372 1813 cunetis
1395 1780 1423 1813 in
1445 1792 1614 1815 commune
1637 1781 1796 1822 fratribus,

1044 1827 1095 1873 qui
1132 1827 1353 1871 consederant,
1381 1829 1641 1876 quandoquidem
1670 1831 1699 1864 in
1719 1830 1796 1865 Fos-

1044 1876 1157 1910 satensi
1187 1878 1376 1912 monasterio
1409 1878 1568 1923 religionis
1598 1879 1797 1914 observantia

1044 1925 1104 1959 iam
1125 1937 1179 1971 per
1196 1934 1334 1972 tempora
1351 1927 1441 1972 longa
1464 1927 1632 1972 defecerat,
1655 1936 1685 1963 et
1703 1928 1795 1963 Glan-

1044 1974 1226 2009 nafoliensis
1248 1975 1335 2009 locus
1359 1988 1483 2022 percos
1496 1989 1557 2011 non
1574 1977 1793 2018 meliorationi,

1044 2023 1097 2057 sed
1140 2023 1372 2059 deteriorationi
1407 2025 1573 2060 videbatur
1608 2028 1794 2073 expositus,

1044 2081 1187 2107 cessante
1225 2085 1319 2108 causa
1353 2084 1382 2108 et
1417 2086 1540 2109 cessare
1579 2075 1729 2115 effectus,
1764 2083 1795 2110 et

1044 2121 1355 2157 Glainiafoliensibns
1382 2124 1544 2157 monacbis
1577 2124 1698 2158 abbatis
1727 2137 1798 2159 car-

1045 2170 1157 2204 dinalis
1184 2171 1328 2205 solatium
1352 2172 1546 2207 redderetur.
1570 2173 1605 2207 Ei
1630 2180 1705 2208 tunc
1720 2186 1796 2219 ergo

1045 2220 1205 2253 communi
1229 2220 1357 2255 decreto
1384 2222 1556 2262 sancimus,
1583 2231 1614 2256 et
1637 2234 1722 2256 nuuc
1740 2235 1796 2269 per

1046 2270 1219 2314 praesentis
1242 2269 1393 2315 privilegii
1423 2271 1590 2316 paginam,
1622 2270 1797 2317 legitimum

1045 2319 1292 2363 sempiternum,
1328 2319 1497 2365 apostolica
1520 2320 1704 2354 auctoritate
1727 2328 1798 2355 sta-

1045 2367 1176 2405 tuimus,
1201 2375 1233 2401 ut
1260 2367 1289 2400 in
1318 2367 1388 2402 loco
1416 2367 1468 2401 illo
1492 2369 1674 2407 venerabili,
1698 2382 1793 2416 saepe

1045 2415 1192 2461 superius
1220 2416 1392 2457 nominato,
1419 2416 1587 2451 cardinalis
1608 2418 1703 2452 abbas
1725 2431 1799 2465 per-

1047 2465 1150 2511 petuis
1185 2465 1380 2511 temporibus
1417 2465 1589 2507 habeatur,
1627 2467 1709 2501 salva
1743 2480 1798 2514 per

1046 2516 1151 2547 omnia
1169 2515 1338 2548 reverentia
1354 2522 1383 2549 et
1399 2514 1576 2549 obedientia
1602 2517 1707 2550 matris
1724 2529 1800 2551 suae

1249 2563 1460 2597 Cassin·‹nsis.
1510 2564 1798 2599 praedecessorum

1048 2620 1227 2646 nostrorum
1263 2624 1338 2659 ergo
1361 2612 1577 2649 Romanorum
1605 2614 1796 2650 Pontificum

1234 2749 1241 2764 Ι

1823 258 1872 286 An.
1885 259 1913 285 C.
1935 260 2004 286 1007

1846 1269 1882 1289 Lis
1890 1274 1960 1289 coram
1969 1273 2007 1289 eo-

1821 1295 1868 1317 dem
1883 1297 1971 1322 agitata.

1847 1620 1948 1640 Hadriani
1963 1621 2004 1645 pri-

1821 1647 1918 1676 vilegium
1928 1652 2004 1672 suppo-

1820 1675 1914 1694 sititiurn.

1872 2188 1984 2209 Decretum

1819 2218 1841 2236 ut
1863 2221 1960 2241 proprius
1975 2214 2004 2234 ibt

1832 2242 1996 2263 constitueretur

1820 2269 1887 2290 abbas
1896 2275 1900 2288 2
