2180 3205
176 251 226 277 An.
247 249 361 278 &1112

203 312 287 334 Poenae
307 313 362 334 insu—

175 345 214 366 per
228 340 255 361 ab
272 340 297 361 iis
312 346 361 360 con-

176 366 362 388 trainobedieutes

175 396 275 414 salulate.

209 604 300 626 Decreta
322 603 361 624 hu-

176 632 265 652 iusmodi
288 638 300 652 a
322 630 361 651 Pa-

175 659 240 679 senati
270 657 310 679 PP.
340 663 361 677 in

175 686 266 706 concutio
287 684 361 705 confir-

175 715 239 734 mata.

202 764 292 785 Henrico
316 763 361 789 regi

175 792 306 818 praecipitur
329 796 361 811 re-

175 819 231 844 galia
260 817 361 838 ecclesia-

175 846 234 866 sticis
249 844 361 867 dimittere,

196 871 348 891 ecciesiasticis

176 903 224 918 vere
244 904 269 918 ea
280 904 321 918 nou
332 899 361 918 iu·

175 924 260 946 vadere.

203 1057 273 1078 Poene
290 1062 361 1077 omnes

176 1087 317 1107 renovantur,
342 1085 362 1104 et

176 1111 275 1134 Heni-ico,
291 1111 311 1130 in
329 1116 362 1130 re—

177 1144 239 1163 gnum
259 1138 362 1160 reaturo,

177 1165 258 1190 regalia
292 1165 361 1184 omnia

175 1192 321 1212 restituuntur.

197 1987 280 2008 Relatio
289 1987 363 2007 tumul-

178 2016 210 2034 tus
223 2014 250 2034 ab
261 2014 362 2040 antipapa

177 2043 251 2061 eontra
271 2040 364 2061 Pascha-

179 2067 218 2088 lem
235 2067 327 2088 excitati.

439 242 509 275 264

382 305 512 340 datores
534 314 662 351 quoque
691 300 916 337 communione
950 299 1136 347 privandos,

386 361 655 402 percensuerunt,
682 352 765 386 iuxta
793 350 868 385 illud
891 349 1135 397 apostolicorum

383 416 542 438 canonum
571 402 755 447 capitulum,
782 400 867 448 quod
895 412 928 435 se
956 400 997 434 ita
1025 399 1135 433 habet:

383 453 416 487 Si
453 453 524 500 quis
551 453 741 500 episcopus,
777 450 892 485 saeculi
931 448 1137 495 potestatibus

383 515 472 546 usuS,
499 501 674 537 Ecclesiam
699 512 755 547 per
787 501 869 546 ipsas
891 498 1043 538 obtineat,
1078 498 1133 532 ‹le-

383 559 536 598 ponatur,
564 560 594 585 et
622 557 823 596 segregetur,
857 560 1044 595 omnesque,
1083 547 1135 594 qni

382 613 455 635 cum
475 600 527 634 illo
554 600 803 635 communicant.
838 599 982 640 Quorum
1006 597 1134 643 vestigia

380 650 615 696 subsequentes
645 657 675 684 et
712 661 770 683 nos
807 660 916 682 eorum
945 647 1133 681 sementiam

379 699 553 745 episcopali
578 698 713 734 concilio
731 698 968 732 confirmamus.
993 695 1062 729 Tibi
1083 696 1137 730 ita-

379 760 454 795 que,
483 749 524 782 lili
549 749 709 783 carissime
736 746 872 781 Henrice
900 758 964 785 rex.
998 753 1028 780 et
1051 757 1135 779 nunc

382 811 436 845 per
458 797 594 832 ollicium
620 805 761 832 nostrum
786 796 841 830 Dei
856 796 951 842 gratia
972 794 1135 828 Romano-

382 860 450 882 rum
479 848 660 893 imperatori
684 854 714 881 et
738 846 824 891 regni
849 848 906 889 (l),
942 844 1055 889 regalia
1084 843 1134 877 illa

381 897 567 931 dimittenda
594 895 815 943 praecipimus,
838 906 918 941 quae
940 894 978 928 ad
1003 905 1132 938 reguum

381 946 547 981 manifeste
591 945 787 991 pertinebant
831 954 971 990 tempore.
1007 941 1133 982 Caroli,

379 995 547 1036 Ludovici,
575 994 717 1037 Ottonis,
752 1001 783 1028 et
809 1000 1005 1027 caeterorum
1041 1003 1135 1037 prae-

380 1046 583 1079 decessorum
608 1053 743 1078 tuorum.
777 1042 1000 1076 Interdicimus
1021 1041 1134 1084 etiam,

380 1102 411 1128 et
437 1093 498 1129 sub
526 1093 734 1128 anathematis
757 1092 953 1126 districtione
977 1089 1134 1138 prohibe-

381 1156 463 1184 muS,
497 1155 537 1178 ne
573 1143 626 1190 qui
654 1142 877 1188 episcoporum
906 1153 960 1175 scu
984 1139 1132 1174 abbatum

382 1193 593 1240 praesentium
615 1192 660 1226 vel
683 1191 859 1226 futurorum
883 1189 992 1225 eadem
1019 1188 1133 1234 regalia

382 1243 544 1286 invadant,
573 1241 654 1277 idest
689 1240 839 1284 civitates,
875 1240 1019 1282 ducatus,
1049 1249 1135 1271 mar-

381 1291 481 1332 chias,
504 1292 682 1334 comitatus,
697 1298 851 1333 monetas,
870 1288 1032 1326 telonium,
1053 1299 1135 1321 mer-

381 1351 499 1385 catum,
523 1340 711 1380 advocatias,
739 1340 804 1374 iura
839 1338 1071 1380 centurionum,
1105 1344 1135 1370 et

380 1399 495 1435 turres,
517 1402 597 1436 quae
612 1390 698 1435 regni
723 1397 822 1430 erant,
844 1400 914 1423 cum
936 1385 1135 1434 pertinentiis

381 1440 459 1479 suis,
488 1440 643 1483 militiam,
666 1448 695 1473 et
717 1446 839 1479 castra;
875 1445 905 1471 et
928 1449 966 1471 ne
988 1449 1020 1470 se
1043 1435 1135 1469 dein-

380 1501 467 1536 ceps,
491 1490 550 1524 nisi
577 1500 630 1535 per
651 1488 782 1534 gratiam
810 1487 904 1533 regis,
932 1486 970 1520 de
993 1484 1069 1532 ipsis
1085 1496 1135 1518 re-

381 1539 506 1584 galibus
545 1538 763 1572 intromittant.
806 1536 868 1571 Sed
909 1548 966 1569 ncc
1001 1533 1135 1581 posteris

381 1589 499 1623 nostris
521 1587 623 1626 liceat,
651 1587 703 1633 qui
728 1594 796 1633 post
819 1598 876 1620 nos
900 1585 930 1618 in
952 1582 1134 1631 Apostolica

381 1636 464 1672 Sede
486 1637 664 1672 successuri
687 1644 790 1675 erunt,
813 1642 865 1669 aut
884 1642 911 1669 te
928 1642 979 1668 ant
1003 1644 1133 1679 regnum

381 1698 477 1733 super
504 1686 564 1720 lioc
587 1685 762 1732 inquietare
791 1683 1050 1730 negotio.'Porro
1073 1681 1136 1715 Ec-

380 1736 491 1770 ctesias
518 1748 589 1769 cum
613 1733 839 1776 oblationibus,
862 1742 892 1767 et
919 1730 1135 1767 haereditariis

381 1784 654 1831 possessionibus,
689 1796 768 1830 quae
803 1785 840 1817 ad
871 1794 1004 1828 regnum
1034 1779 1136 1814 mani-

381 1834 458 1868 feste
482 1834 699 1881 pertinebant,
727 1832 841 1867 liberas
876 1843 1003 1866 manere
1025 1830 1136 1864 decre-

380 1884 496 1922 vimus,
519 1884 601 1918 sicut
623 1884 652 1917 in
671 1882 722 1917 die
741 1881 957 1917 coronationis
975 1889 1058 1920 tuac,
1073 1890 1135 1913 om-

381 1932 539 1980 nipotenti
577 1932 715 1967 Domino
755 1931 785 1965 in
827 1926 997 1977 conspectu
1037 1929 1135 1962 totius

382 1982 542 2017 Ecclesiae
566 1981 748 2029 promisisti.
776 1979 909 2026 Oportet
935 1979 1036 2018 euim,
1067 1977 1134 2022 epi-

382 2043 507 2079 scopOS,
529 2032 613 2066 curis
634 2029 848 2065 saecularibus
875 2029 1050 2075 expeditos,
1077 2038 1135 2061 cu-

383 2094 448 2116 ram
478 2092 606 2116 suorum
639 2092 730 2126 agere
757 2079 961 2126 populorum,
985 2089 1042 2111 nec
1070 2076 1134 2110 Ec-

383 2130 489 2166 clesiis
517 2130 583 2164 suis
615 2129 725 2164 abesse
759 2129 896 2169 diutius,
939 2127 997 2174 ipsi
1026 2126 1134 2169 enim,

382 2180 467 2215 iuxta
514 2179 649 2214 Paulum
684 2178 886 2226 apostolum,
930 2176 1133 2223 pervigilant,

382 2237 542 2277 tamquam
572 2229 723 2263 rationem
754 2240 809 2275 pro
836 2226 1002 2262 animabus
1028 2225 1136 2260 reddi-

382 2280 443 2313 turi
472 2282 525 2323 (αδ.
550 2278 596 2313 De
619 2278 786 2312 traditione
810 2289 881 2311 vero
904 2276 935 2310 in
958 2287 1015 2310 nos
1036 2274 1084 2309 vel
1103 2275 1133 2309 in

383 2338 509 2363 nostros
531 2328 576 2363 sic
598 2339 631 2362 se
658 2339 707 2362 res
729 2326 840 2361 habet:
869 2325 928 2360 Vix
951 2332 1056 2372 portas
1088 2324 1136 2358 ci-

385 2378 488 2413 vitatis
522 2377 654 2424 ingrcssi
690 2388 818 2419 sumus,
846 2387 918 2410 cum
954 2387 991 2408 ex
1019 2373 1136 2407 nostris

384 2426 462 2461 intra
482 2428 561 2461 muri
587 2426 708 2461 moenia
730 2437 840 2460 secure
863 2423 1049 2470 vagantibus
1070 2423 1135 2470 qui-

385 2475 456 2510 dam
485 2476 658 2519 vulnerati,
699 2475 787 2510 alteri
815 2473 988 2517 interfecti,
1023 2484 1135 2506 omnes

385 2537 459 2560 vero
481 2525 604 2572 spoliati
632 2533 685 2560 aut
707 2525 788 2571 capti
811 2532 902 2563 sunt;
931 2534 990 2568 ego
1013 2530 1135 2565 tamen,

385 2575 473 2622 quasi
499 2587 554 2622 pro
577 2575 633 2609 levi
662 2586 752 2609 causa
781 2586 842 2607 non
871 2581 1019 2611 mutatus,
1054 2570 1133 2605 bona

419 2640 460 2678 (l)
476 2640 595 2667 Forsitan
616 2642 682 2673 rem.
721 2640 759 2675 (α)
776 2639 856 2666 Hebr.
874 2645 933 2665 xm.
960 2637 1002 2664 ¹7.
1042 2637 1079 2672 (n.
1097 2635 1137 2671 τ.)

982 245 1081 268 BULLA
1087 246 1105 266 R
1112 245 1119 267 1
1127 244 1172 267 tm
1196 242 1360 265 ttOMANCM

1178 306 1209 332 et
1243 295 1409 343 tranquilla
1442 303 1547 331 mente
1583 307 1682 343 usque
1708 294 1745 330 ad
1780 294 1933 330 ecclesiae

1179 347 1216 382 B.
1248 346 1331 381 Petri
1369 346 1476 380 ianuas
1517 357 1587 379 cum
1626 344 1826 392 processione
1860 356 1933 392 per-

1180 396 1270 431 veni:
1294 394 1377 443 qnod
1398 395 1441 429 sic
1469 402 1591 441 gestum
1620 395 1726 438 fuisse,
1749 394 1792 428 rei
1818 394 1930 428 veritas

1179 445 1349 481 multormn
1373 444 1561 491 adstipulata
1584 443 1786 487 testimoniis,
1811 443 1864 489 qui
1889 443 1934 476 in-

1178 495 1324 537 terfuere,
1345 502 1534 541 protestatur
1555 495 1610 537 (1).

1496 643 1609 679 XLVI.

1178 722 1381 764 Prin-ileqiwn
1408 721 1648 766 confirmationis
1685 721 1834 754 bonorum
1866 732 1926 753 om-

1227 773 1325 809 nium,
1366 772 1598 815 pririleyiorum
1636 777 1662 803 et
1697 771 1929 803 immunitatum

1230 821 1401 854 Casae'nenst's
1423 820 1601 853 monasterii
1619 820 1680 861 (2).

1450 892 1663 923 SUMMARIUM

1178 959 1355 990 Cassinense
1375 959 1587 989 monasterium
1610 963 1792 989 caeterorum
1811 966 1862 996 per
1876 956 1931 986 Oc-

1217 1005 1363 1035 cidentem
1399 1003 1646 1033 monasteriorum
1682 1006 1783 1041 caput3
1815 1001 1930 1040 solique

1216 1048 1404 1087 Apostolicae
1423 1046 1491 1076 Sedi
1521 1046 1699 1076 subiectum.
1716 1062 1756 1068 —
1772 1045 1862 1075 Cuius
1881 1045 1930 1074 ab·

1217 1093 1298 1122 bates
1322 1097 1453 1121 caeteros
1473 1091 1594 1120 abbates
1611 1091 1801 1130 praecedunt,
1821 1099 1928 1119 usum-

1216 1146 1272 1176 que
1300 1135 1407 1165 habent
1428 1135 1661 1171 chirotecarum,
1696 1134 1871 1164 dalmaticae
1903 1138 1932 1163 et

1216 1183 1332 1214 mitrae:
1350 1197 1390 1202 —
1411 1179 1468 1210 Nec
1491 1179 1667 1209 dioecesano
1687 1179 1842 1209 subiacent
1868 1179 1931 1217 epi-

1215 1234 1318 1264 scopo:
1341 1241 1379 1246 --
1403 1223 1459 1254 Sed
1489 1228 1688 1262 competentes
1720 1227 1790 1252 sunt
1816 1223 1930 1252 iudices

1217 1269 1463 1299 monasteriorum
1499 1269 1652 1306 utriusque
1676 1277 1763 1297 sexus
1797 1267 1822 1296 ei
1854 1266 1930 1297 sub-

1216 1315 1368 1344 iectorum.
1389 1330 1429 1336 ——
1446 1313 1613 1343 monasterii
1647 1311 1832 1342 Cassinensis
1855 1311 1929 1341 bona

1215 1368 1290 1398 quae
1311 1358 1358 1387 hic
1377 1361 1589 1387 enumerantur
1607 1361 1635 1385 et
1656 1356 1881 1391 confirmantur,
1899 1359 1929 1385 et

1215 1414 1229 1433 a
1253 1411 1439 1442 quacumque
1459 1400 1591 1430 molestia
1612 1400 1790 1429 eximuntur.
1808 1416 1848 1421 —
1865 1399 1926 1428 Ro-

1215 1447 1334 1476 boratur
1356 1446 1506 1474 decretum
1532 1444 1736 1473 immunitatis.
1754 1460 1794 1465 —
1821 1442 1930 1473 Solitae

1216 1490 1366 1520 clausulae
1385 1489 1534 1529 poenales.
1555 1504 1594 1509 —
1612 1487 1666 1517 PP.
1691 1487 1880 1526 subscriptio.

1176 1556 1292 1586 Pasclialis
1311 1556 1430 1594 episcopus
1451 1563 1529 1583 serius
1546 1552 1725 1591 smorumssei,
1738 1552 1929 1583 reverendissimo

1216 1605 1237 1629 ct
1259 1600 1391 1629 charissimo
1409 1597 1472 1627 fratri
1491 1597 1594 1634 Girardo,
1619 1598 1701 1627 nostris
1722 1606 1763 1636 per
1777 1596 1819 1626 Dei
1829 1598 1929 1636 gratiam

1215 1643 1320 1673 inanibus
1342 1644 1365 1672 in
1386 1642 1494 1671 abbatem
1520 1641 1661 1671 Cassinensis
1683 1642 1816 1671 monasterii
1841 1650 1928 1670 conse-

1215 1693 1286 1726 crato,
1304 1689 1398 1726 eiusque
1413 1684 1581 1716 successoribus
1596 1685 1736 1724 regulariter
1752 1684 1927 1722 substituendis,

1217 1734 1239 1762 in
1261 1736 1408 1772 perpetuum.

1225 1796 1384 1843 Scriptum
1421 1804 1481 1830 cst:
1515 1794 1592 1828 Sine
1628 1792 1818 1840 poenitentia
1852 1798 1929 1836 sunt

1177 1845 1258 1880 dona
1276 1854 1306 1880 et
1322 1844 1514 1880 t·ocatioDei
1531 1847 1591 1888 (a),
1608 1843 1683 1877 illud
1701 1854 1776 1888 ergo
1793 1841 1929 1886 donum,

1176 1895 1261 1942 quod
1284 1894 1463 1929 beatissimo
1484 1893 1566 1927 Patri
1591 1901 1710 1935 nostro,
1733 1891 1928 1926 monasticae

1178 1945 1254 1989 legis
1269 1944 1356 1978 latori
1374 1942 1544 1978 Benedicto
1559 1942 1655 1987 gratia
1669 1941 1777 1975 divina
1791 1952 1928 1975 conces-

1176 1996 1228 2038 sit,
1252 1993 1334 2027 nulla
1359 2000 1460 2040 potest
1484 1991 1675 2038 poenitentia
1699 1989 1872 2029 retractari,
1895 1998 1930 2023 ut

1177 2052 1206 2078 et
1234 2043 1300 2090 ipse
1330 2042 1556 2076 monachorum
1588 2041 1728 2075 omnium
1766 2047 1866 2087 pater,
1898 2045 1930 2072 et

1177 2093 1245 2127 eius
1272 2092 1461 2127 Cassinense
1488 2090 1726 2128 monasterium,
1747 2089 1777 2123 iu
1806 2100 1869 2135 quo
1897 2094 1928 2122 et

1179 2142 1252 2176 vixit
1279 2150 1307 2175 et
1336 2141 1423 2180 obiit,
1452 2140 1594 2175 omnium
1632 2152 1686 2185 per
1717 2137 1928 2173 Occidentem

1179 2191 1440 2226 monasteriorum
1460 2197 1553 2237 caput
1567 2189 1596 2223 in
1609 2196 1794 2236 perpetuum
1813 2186 1930 2221 habea-

1178 2249 1238 2276 tur.
1262 2240 1399 2275 Proinde
1434 2252 1502 2283 nos,
1531 2239 1655 2273 divinae
1691 2235 1930 2272 constitutionis

1213 2312 1251 2346 (t)
1273 2311 1372 2338 Allatas
1387 2310 1512 2345 superius
1528 2309 1628 2340 literas,
1641 2308 1717 2335 datas
1727 2311 1852 2342 putamus
1861 2313 1931 2333 anno

1180 2353 1247 2378 ¹11⁶.)
1264 2354 1323 2386 post
1342 2350 1489 2377 Concilium
1510 2349 1630 2375 Laterani
1658 2348 1800 2374 habituma
1813 2345 1930 2373 Paschati

1178 2392 1227 2418 PP.
1251 2392 1283 2423 ll,
1301 2391 1327 2417 in
1344 2399 1396 2425 quo
1414 2389 1545 2420 Pontifex,
1563 2389 1636 2415 iuxta
1658 2387 1807 2414 Chronicon
1827 2386 1932 2413 abbatis

1177 2431 1377 2466 Urspergensis,
1395 2430 1512 2456 referens
1527 2437 1555 2455 se
1570 2428 1738 2464 privilegium
1758 2426 1931 2453 investitura-

1177 2480 1236 2498 rum
1254 2472 1367 2498 llenrico
1384 2470 1536 2505 imperatori
1555 2477 1601 2504 per
1615 2469 1668 2494 vim
1680 2467 1851 2498 concessisse,
1867 2464 1930 2492 illud

1176 2512 1364 2539 condemnant
1384 2511 1434 2537 sub
1451 2513 1579 2545 perpetuo
1595 2508 1771 2538 anathemate,
1782 2506 1931 2533 acclaman-

1178 2553 1248 2579 tibus
1266 2552 1399 2578 universis
1418 2550 1554 2577 Patribus:
1572 2548 1637 2580 Fiat,
1656 2547 1710 2573 fiat.
1749 2547 1787 2581 (2)
1807 2545 1846 2572 Ex
1872 2545 1929 2571 ori-

1176 2593 1253 2628 ginali
1271 2592 1295 2617 in
1312 2590 1414 2617 archiv.
1435 2588 1634 2616 ediditGattula
1649 2587 1715 2613 Hist.
1737 2585 1838 2613 Cassia.
1858 2590 1928 2612 saec.

1178 2641 1228 2666 vn,
1245 2640 1304 2668 pag.
1326 2631 1386 2657 555.
1427 2630 1465 2666 (a)
1483 2630 1559 2656 Rom.
1580 2635 1621 2660 xi,
1641 2627 1686 2654 29.

1955 251 2005 277 An.
2025 251 2054 279 C.
2070 251 2139 279 llss

1968 1800 2093 1822 cassinense
2099 1804 2142 1820 mo-

1955 1827 2071 1849 nisterium
2091 1831 2142 1847 oae-

1956 1858 2049 1875 tei-orum
2057 1859 2095 1879 per
2100 1853 2141 1874 Oe-

1956 1881 1976 1902 ci
1984 1881 2060 1901 lentem
2069 1885 2142 1900 mnua-

1956 1907 2067 1928 stoi-iorum
2077 1907 2143 1932 caput

1956 1934 2037 1960 solique
2051 1934 2140 1963 Aposto-

1955 1960 2009 1982 tieae
2023 1958 2076 1981 Sodi
2088 1957 2142 1980 sub-

1957 1989 2042 2008 iactum.
