2180 3205
902 269 1000 294 inncx
1030 271 1141 296 nanum
1431 305 1432 308 Ἴ
1679 266 1742 299 841

262 319 484 358 aureliacense
507 324 732 360 monasterium
756 325 832 360 iuris
859 327 892 361 S.
926 327 1020 370 l'vtri,
1057 330 1120 361 110
1151 330 1178 362 b.
1208 327 1441 364 Beneficiorum
1470 329 1691 377 bonorumque
1720 344 1797 366 om-

359 371 444 406 nium
473 372 744 409 confirmationem
767 374 902 416 obtinet,
933 378 994 410 111
1029 389 1060 411 α.

260 420 491 456 Avenionensis
513 421 572 466 (S.)
596 423 755 458 Ecclesiae
777 425 919 459 canonici
943 437 1013 459 cum
1038 425 1127 460 bonis
1149 426 1299 461 omnibus
1324 427 1361 461 ad
1385 428 1568 464 canonicam
1595 429 1694 477 ipsam
1716 442 1796 478 spc-

358 470 515 504 ctantihus
549 472 609 505 suh
637 473 830 518 protectione
857 473 949 508 Sedis
976 474 1176 519 Apostolicae
1209 476 1425 523 suscipiuntur
1447 485 1477 512 et
1510 478 1739 514 confirmantur
1762 481 1793 514 in

359 518 554 565 professione
576 521 729 567 regularis
751 522 948 569 disciplinae,
972 524 1034 557 161
1067 536 1087 558 a
1109 532 1138 558 et
1163 537 1222 570 seq.
1251 524 1447 561 Concessum
1482 527 1530 562 ius
1558 527 1696 575 eligendi
1725 530 1794 575 epi-

354 579 480 614 scopos,
495 570 570 603 ibid.

255 615 501 652 Averbodiensis
527 618 651 653 abbatia
681 619 741 654 sub
774 621 967 666 protectione
997 621 1090 656 Sedis
1117 622 1317 669 Apostolicae
1344 624 1511 671 recipitur,
1542 626 1677 673 eiusque
1709 627 1792 662 bona

354 665 458 700 omnia
486 667 724 709 confirmantur,
747 672 817 703 456
842 683 862 704 a
883 678 914 704 et
939 683 999 716 seq.

254 712 445 749 Avesianum
474 717 710 751 monasterium.
742 719 776 752 Γ.
798 717 919 764 Rigaldi
943 719 1002 764 (S.)
1025 719 1064 754 de
1091 720 1204 755 Avesia
1231 730 1282 755 etc.

253 763 318 797 Azo
341 764 511 799 canonicus
537 764 766 801 absolutionem
790 768 925 814 postulat
950 781 965 803 a
1000 769 1132 804 vinculis
1158 771 1509 813 excommunicationis,
1537 784 1599 819 qua
1626 773 1664 808 ab
1685 774 1790 809 arehi-

350 813 499 860 episcopo
521 813 669 850 Remensi
692 815 825 862 aligatus
847 817 957 859 suerat,
986 820 1031 853 88
1053 831 1084 852 α.

1004 982 1044 1022 Β

246 1103 392 1140 Balduini
420 1104 503 1149 regis
525 1102 800 1150 Hierosolymitani
821 1102 990 1143 cruciatus,
1015 1107 1083 1138 719
1111 1105 1139 1138 b.

247 1153 414 1188 Balmense
437 1152 674 1192 monasterium,
695 1155 765 1186 624
789 1153 818 1186 b.
843 1151 1107 1187 Cluniacensibus
1128 1153 1335 1188 committitur
1356 1155 1551 1201 regendum,
1586 1158 1662 1191 ibid.
1687 1157 1721 1192 ln
1749 1170 1787 1193 eo

345 1214 410 1237 non
432 1202 571 1242 abbates,
594 1201 648 1236 sed
673 1201 793 1248 priores
817 1200 967 1247 eligendi⁷
993 1203 1068 1235 ibid.
1098 1202 1183 1236 Bona
1207 1204 1233 1236 ei
1263 1203 1458 1243 confirmata,
1482 1206 1560 1239 ibid.

245 1250 445 1287 Balneolensi
468 1250 658 1286 monasterio
684 1250 717 1285 S.
747 1258 929 1297 protomart.
952 1250 1105 1297 Stephani
1127 1251 1206 1286 bona
1230 1252 1468 1297 confirmantur,
1502 1254 1598 1301 eique
1629 1255 1784 1290 nounutta

345 1300 552 1336 immunitatis
573 1312 610 1335 ac
636 1299 844 1347 exemptionis
865 1299 1027 1346 privilegiu
1063 1300 1292 1340 conceduntur,
1324 1303 1392 1335 172
1419 1315 1438 1336 α
1471 1311 1501 1337 et
1527 1316 1586 1348 seq.
1620 1303 1689 1338 Sub
1712 1317 1785 1351 pro-

343 1350 479 1385 tectione
507 1350 617 1396 Apost.
639 1348 733 1383 Sedis
760 1348 931 1395 suscipitur
952 1361 1024 1383 cum
1052 1350 1290 1385 confirmatione
1326 1350 1479 1385 honorum
1496 1380 1504 1391 ,
1529 1355 1598 1387 778
1626 1355 1644 1387 b
1667 1362 1697 1387 et
1723 1366 1784 1399 seq.

243 1398 491 1446 Bambergensis
517 1398 670 1433 dioecesis
697 1399 884 1432 monasteria
910 1397 948 1431 ab
975 1398 1092 1432 Ottone
1120 1400 1268 1445 episcopo
1303 1400 1373 1434 eius
1399 1409 1578 1436 constructa
1605 1402 1665 1436 sub
1691 1402 1784 1449 Apo—

341 1448 470 1483 stolicae
487 1447 579 1483 Sedis
592 1447 787 1495 protectione
802 1447 1030 1494 suscipiuntur,
1047 1449 1115 1480 544
1130 1450 1157 1482 b.
1173 1448 1261 1482 Bona
1277 1449 1396 1483 eisdem
1417 1450 1527 1484 collata
1545 1450 1782 1495 confirmantur,

340 1499 416 1532 ibid.
445 1496 529 1532 Cura
551 1509 624 1532 vero
653 1508 756 1531 rerum
785 1496 921 1543 ipsarum
949 1496 1099 1543 episcopo
1127 1497 1350 1544 Bambergensi
1381 1498 1607 1539 demandatur.
1641 1502 1717 1535 ibid.
1751 1508 1782 1535 et

341 1549 412 1582 545
438 1560 469 1582 α.

241 1595 486 1642 Bambergensis
507 1595 672 1630 Ecclesiae
706 1595 868 1629 Romanae
902 1594 1047 1640 specialis
1081 1594 1154 1638 filia,
1191 1598 1229 1629 71
1267 1598 1295 1630 b.
1339 1595 1416 1631 Eius
1450 1597 1620 1645 episcopus
1653 1606 1782 1645 propter

340 1645 506 1680 simoniam
535 1644 715 1691 deponitur,
747 1646 822 1678 ibid.
849 1643 1086 1678 Conlirmantur
1117 1644 1143 1678 ei
1173 1644 1252 1679 bona
1285 1654 1315 1679 et
1345 1645 1572 1692 dispositiones
1597 1647 1636 1682 ab
1662 1647 1780 1683 Ottone

337 1695 491 1742 episcopo
510 1694 620 1737 factae,
643 1696 712 1728 545
740 1695 768 1727 b.
796 1693 873 1727 Eius
901 1693 982 1727 bona
1005 1705 1066 1727 non
1090 1693 1268 1734 alienanda,
1291 1696 1367 1728 ibid.

188 1781 191 1784 Α
239 1743 425 1779 Bandusino
459 1742 648 1779 monasterio
684 1741 894 1778 invalidantur
928 1742 1087 1789 privilegia
1120 1755 1225 1778 omnia
1259 1743 1286 1778 ei
1310 1755 1457 1779 concessa
1481 1744 1513 1779 in
1541 1745 1775 1792 praeiudicium
1815 1775 1818 1777 .

337 1792 517 1836 Cassinen.,
539 1793 611 1826 255
633 1804 663 1826 α.

238 1841 376 1878 Bantino
398 1841 586 1877 monasterio
613 1840 651 1875 ab
677 1839 806 1875 Urbano
828 1840 855 1874 ll
877 1848 1059 1875 consecrato
1076 1841 1225 1875 nonnulla
1249 1841 1410 1888 privilegia
1431 1851 1525 1890 atque
1552 1844 1771 1890 exemptiones

338 1891 558 1927 conceduntur
579 1889 618 1925 ab
635 1889 706 1924 eod.
729 1889 891 1929 pontifice,
917 1892 984 1923 125
1007 1903 1037 1923 α.
1057 1889 1124 1924 Sub
1140 1890 1334 1936 protectione
1356 1891 1448 1927 Sedis
1470 1893 1580 1939 Apost.
1605 1892 1691 1927 idem
1707 1905 1769 1928 mo·

337 1941 514 1976 nasteriutn
539 1939 700 1986 recipitur,
725 1939 815 1986 eique
844 1939 923 1973 bona
951 1939 1054 1972 omnia
1077 1940 1314 1979 confirmantur,
1337 1942 1406 1974 227
1429 1943 1447 1975 b
1469 1950 1499 1976 et
1524 1954 1584 1986 seq.

238 1990 401 2038 Baptisma
428 1989 468 2024 ab
503 1988 666 2024 haereticis
701 1988 746 2023 vel
778 1989 870 2022 etiam
906 1987 1113 2023 schismaticis
1145 2001 1231 2024 more
1268 1989 1479 2025 ecclesiastico
1512 1990 1640 2033 datum,
1673 1999 1775 2027 ratum

337 2051 405 2074 esse
427 2038 615 2082 declaratur,
638 2039 709 2072 206
736 2050 756 2071 a
782 2046 810 2071 et
832 2039 859 2071 b.
944 2076 947 2078 ¹

236 2087 501 2136 Barcligetesgad.
524 2087 676 2131 Ecclesia,
698 2089 768 2121 522
788 2088 815 2120 b.
841 2086 918 2121 Eius
939 2086 1082 2121 canonici
1105 2086 1281 2133 regularem
1308 2087 1400 2123 vitam
1423 2088 1570 2136 professi,
1596 2091 1672 2124 ibid.
1696 2089 1776 2125 Eius

335 2137 508 2185 privilegia,
531 2139 602 2172 525
629 2149 659 2176 α,
1203 2185 1209 2190 .

237 2187 386 2222 Barensis
410 2187 701 2234 archiepiscopatus
723 2185 927 2220 confirmatur
952 2198 1023 2220 curn
1047 2186 1114 2220 suis
1136 2185 1228 2220 bonis
1261 2185 1299 2220 ab
1331 2185 1460 2221 Urbano
1490 2186 1517 2220 11
1547 2186 1624 2229 ΡΡ.,
1657 2189 1726 2223 125
1753 2190 1772 2223 b

333 2245 364 2271 el
384 2249 413 2271 se
437 2263 444 2270 .

236 2285 386 2321 Barensis
407 2249 547 2320 Ecclesia
575 2297 705 2332 corpore
727 2284 764 2318 B.
792 2283 912 2318 Nicolai
945 2283 1108 2324 decorata,
1138 2284 1206 2317 125
1243 2285 1271 2317 b.
1304 2283 1393 2319 Bona
1429 2284 1469 2319 ad
1496 2285 1567 2320 eius
1601 2286 1771 2334 episcopos

333 2335 505 2381 spectantia
531 2334 769 2373 confirmantur,
795 2336 862 2368 126
890 2346 919 2368 α.
943 2333 1077 2368 Palliuin
1101 2332 1211 2368 Heliae
1229 2333 1298 2368 eius
1319 2333 1558 2383 archiepiscopo
1574 2335 1771 2381 conceditur,

331 2385 408 2418 ibid.
431 2385 458 2418 b.

234 2432 467 2468 Bartholomaei
494 2432 549 2476 (S.)
575 2432 751 2467 Fesulauae
776 2431 930 2466 dioecesis
964 2431 1154 2466 monasterio
1182 2430 1263 2466 bona
1291 2431 1396 2467 omnia
1417 2432 1658 2475 confirmantur,
1680 2434 1773 2481 eique

332 2481 485 2517 nonnulla
507 2481 727 2517 conceduntur
749 2480 924 2528 privilegia,
950 2483 1021 2515 455
1043 2482 1060 2515 b
1079 2488 1109 2515 et
1134 2493 1193 2524 seq.

233 2531 384 2566 Bavariae
410 2530 507 2566 duces
529 2531 670 2578 perpetui
692 2529 862 2566 canonicae
883 2529 917 2564 S.
945 2529 1060 2564 Mariae
1088 2530 1117 2563 in
1140 2528 1315 2564 Rettenbac
1342 2530 1477 2577 patroni,
1502 2533 1566 2566 151
1593 2544 1624 2566 a.

232 2580 386 2616 Beccensi
408 2580 598 2615 monasterio
632 2580 836 2616 confirmatur
867 2579 1024 2626 possessio
1050 2578 1214 2614 Ecclesiae
1244 2577 1280 2616 S.
1307 2578 1471 2616 Trinitatis
1498 2579 1538 2616 de
1558 2580 1770 2623 Bellomonte,

336 2631 406 2664 593
429 2631 447 2663 b
473 2637 504 2664 et
529 2642 589 2674 seq.

350 2686 425 2719 Butt.
445 2685 524 2721 Rom.
550 2685 604 2717 Vol.
626 2686 656 2717 11
933 2685 990 2717 106
