2180 3205
155 246 206 274 An.
225 249 253 277 C.
275 250 341 277 1¹53

160 992 210 1014 Cum
240 993 328 1013 decimis

144 1030 181 1044 scu
198 1027 256 1050 parte
272 1025 328 1045 det-i-

142 1061 222 1075 marum
238 1055 327 1082 aliisque

142 1086 237 1113 pluribus
274 1092 329 1107 con-

143 1118 285 1138 cessionibus.

404 241 476 273 674

353 317 451 343 acras,
475 316 553 349 quas
580 303 663 337 dedit
689 303 718 336 in
744 302 972 348 eleemosynam
1000 315 1053 348 [ιι-ω
1070 316 1102 335 st·

351 363 380 388 et
404 353 552 387 omnibus
579 352 761 398 parentibus
782 352 848 385 suis
872 351 948 385 xiiis
969 359 1000 384 et
1023 363 1103 385 inor-

353 403 430 437 ttiis:
448 403 475 436 in
492 401 642 436 comitatu
661 402 816 447 Nainpton
840 400 1007 447 Einymell,
1023 400 1101 434 duas

350 451 440 486 hidas
454 459 483 485 et
499 451 728 490 molendinum7
744 459 854 484 terrani
872 450 901 483 in
917 449 1099 497 Lustemyk,

349 500 422 535 item
446 500 608 535 dimidiam
633 500 782 546 virgatam
803 508 914 538 terrac,
939 506 969 533 et
990 499 1098 533 decem

348 562 436 584 acras
463 550 502 584 de
528 549 637 584 Iuland
664 549 693 583 in
723 549 882 596 praedicta
907 548 988 586 vitta,
1006 560 1097 582 tinam

347 599 453 634 hidam
477 600 507 633 in
533 599 640 633 Raude
667 612 738 633 cuni
764 598 886 632 redditu
909 598 990 637 eius,
1012 598 1099 631 scili-

347 657 395 682 cet
417 662 476 683 xm
500 649 659 682 dimidiam
689 647 795 681 hidam
820 648 849 681 in
873 646 1095 681 Charmalton:

346 705 459 732 terram
484 698 522 732 de
550 697 721 744 Pippevvell
755 697 793 731 de
820 697 903 730 donn
930 696 1095 730 willielmi

345 747 384 781 de
407 747 520 781 Atheni
549 747 720 781 Brittonis:
748 754 778 780 et
805 747 834 779 in
871 744 968 779 Stulte
1003 758 1094 779 unam

344 807 520 831 carucatam
554 805 653 831 terrae
687 796 724 830 de
763 795 922 829 dominico
953 794 1094 828 eiusdem

343 846 434 881 villae
457 859 528 881 cnm
545 854 624 881 tosta
649 848 692 890 tl)
715 853 744 879 et
767 852 855 892 prato
877 851 907 878 et
929 852 991 878 tota
1007 856 1094 878 com-

342 897 496 930 munitate
530 896 558 930 in
595 896 691 930 bosco
719 903 746 929 et
776 895 868 940 plano
895 901 925 928 et
953 894 1092 940 pascuis:

343 945 381 980 de
403 946 486 979 dono
510 945 645 979 Alberiei
678 944 716 978 de
739 943 892 990 Etnymell
919 943 996 977 duas
1028 955 1095 988 gar-

344 995 397 1028 bas
419 998 463 1038 tiz)
487 995 678 1029 decimarum
707 1006 762 1028 sex
785 1004 969 1027 carucarum
999 993 1092 1025 trium

343 1044 498 1087 vittarum,
512 1045 643 1081 scilieet,
656 1043 752 1089 Istep⁷
767 1042 918 1089 Drayton,
934 1041 1091 1075 Edinton:

342 1094 372 1128 in
392 1095 541 1128 comitatu
558 1094 596 1128 de
610 1092 822 1130 Warremicli,
838 1091 1004 1136 Salebrigg
1019 1103 1090 1125 cum

340 1143 538 1190 appendiciis
572 1143 658 1184 suis,
693 1154 786 1176 unam
815 1141 964 1186 virgatam
994 1149 1091 1174 terrae

340 1193 370 1227 in
393 1192 643 1235 Wetshamcoie,
666 1200 696 1226 ct
719 1190 934 1225 molendinum
958 1190 996 1224 de
1023 1189 1092 1224 Ru-

338 1249 406 1282 ton,
433 1242 594 1277 servitium
616 1240 725 1275 Edi-ici
748 1240 786 1274 de
809 1239 1002 1273 Stlcchenlio
1018 1251 1089 1273 cum

338 1304 395 1326 sua
424 1299 516 1336 terra,
539 1291 659 1326 scilicet
682 1303 701 1324 v
721 1290 828 1336 iugera
856 1289 885 1322 in
909 1301 1032 1335 ean1p0,
1061 1296 1089 1322 et

338 1341 369 1375 in
394 1341 464 1375 villa
488 1350 550 1375 tres
578 1348 697 1375 crustas
719 1347 748 1374 et
770 1338 952 1373 dimidiam:
976 1339 1006 1372 in
1036 1350 1090 1372 co-

339 1391 448 1425 mitatu
464 1390 651 1425 Bedfordiae
671 1389 749 1423 duas
771 1389 858 1422 hidas
874 1396 902 1421 et
926 1387 1088 1421 dimidiam

337 1440 369 1474 in
393 1440 590 1475 Bollehorst:
624 1440 653 1473 in
684 1438 834 1473 Wildene
856 1437 934 1470 duas
958 1438 1090 1483 virgatas

337 1498 438 1524 terrae
466 1502 537 1524 cum
566 1488 762 1531 hominibus,
794 1487 846 1534 qui
875 1487 942 1520 illas
965 1494 1087 1520 tenent:

337 1539 367 1573 in
396 1539 552 1574 Betlesord
582 1551 675 1573 unam
706 1537 834 1571 domum
864 1544 894 1570 et
921 1544 1032 1570 terram
1061 1537 1086 1569 ei

337 1589 567 1636 pertinentem:
599 1588 672 1622 item
708 1587 738 1620 in
763 1585 921 1620 Norfoleia
951 1585 980 1618 in
1006 1585 1087 1625 villa,

336 1650 417 1685 quae
451 1638 567 1672 dicitur
592 1637 777 1679 Tuameres,
806 1647 900 1669 unam
938 1634 1086 1668 terrulam

335 1688 520 1723 reddentem
548 1687 691 1738 quinque
713 1685 845 1720 solidos:
875 1684 946 1718 itein
965 1684 1088 1718 medie-

335 1745 429 1772 tatem
458 1737 560 1778 villae,
587 1748 668 1783 quae
686 1735 802 1769 dicitur
827 1733 964 1780 VVenge,
987 1742 1016 1767 et
1031 1733 1087 1767 di-

336 1787 467 1821 midium
484 1786 656 1821 molendini
675 1784 816 1819 eiusdem
834 1783 938 1824 villae3
958 1783 1087 1830 insuper

335 1838 485 1871 villanum
510 1848 605 1870 unum
633 1834 762 1869 nomine
789 1832 982 1866 Normanum
1013 1845 1084 1866 cum

334 1894 414 1920 terra
431 1899 497 1926 sua,
516 1886 636 1921 scilicet
658 1897 718 1918 una
736 1883 853 1929 virgata
874 1882 904 1916 in
929 1882 1084 1929 praedicta

334 1936 421 1970 villa:
455 1936 528 1970 item
558 1948 577 1969 x
604 1934 722 1969 solidos
752 1933 791 1966 de
817 1931 941 1966 redditu
968 1932 1087 1967 molen-

334 1985 399 2019 dini
422 1985 460 2019 de
483 1984 666 2030 Teseburge
682 1995 753 2018 cnm
770 1982 901 2016 dimidio
915 1994 1086 2027 augumen-

334 2035 483 2075 tationis‚
522 2042 674 2081 qnantum
703 2032 850 2067 creverit:
880 2031 1084 2076 piscationem

334 2083 374 2117 de
402 2083 538 2123 Welle,'
566 2084 605 2118 de
632 2081 756 2122 Delme,
792 2081 830 2115 de
865 2081 1019 2127 Tittinga,
1047 2081 1085 2116 de

333 2132 503 2180 Trillinga:
526 2133 599 2167 item
624 2140 735 2166 terram
759 2131 797 2165 (le
818 2130 982 2165 Stanford:
1011 2131 1084 2166 item

333 2187 572 2222 heremitorium
611 2186 650 2221 de
692 2185 903 2220 Trokenholt:
947 2194 1059 2220 terram
1076 2214 1084 2227 ‚

334 2253 428 2288 qnam
451 2241 573 2288 habetis
601 2241 631 2275 iu
664 2240 818 2288 Chelsey:
842 2248 968 2284 terram,
990 2253 1083 2287 quam

333 2295 458 2330 habetis
488 2296 517 2330 in
551 2294 671 2330 Cfune:
700 2303 825 2334 terram,
848 2307 941 2342 quam
965 2294 1085 2328 habetis

333 2348 364 2382 in
388 2348 466 2383 Titi:
493 2361 531 2383 ex
553 2349 637 2384 dono
664 2349 788 2384 comitis
809 2349 847 2383 de
870 2348 960 2383 Clara
985 2348 1087 2382 reddi·

333 2410 400 2436 tum
428 2412 553 2438 centum
581 2403 766 2446 solidorum,
796 2402 854 2437 sub
883 2402 1084 2437 iureiurando

369 2473 408 2507 (t)
430 2474 519 2505 Tosla,
538 2473 615 2507 tosta,
633 2477 739 2499 tostum.
758 2472 875 2499 Cowello
895 2477 934 2499 est
950 2472 1023 2499 Iocus
1040 2473 1084 2499 ubi

334 2514 407 2539 stetit
426 2512 589 2546 aedificium;
611 2513 744 2548 Rcynerio
760 2517 800 2540 est
814 2513 957 2548 genusluei
970 2514 1083 2548 parvuli,

334 2560 380 2578 seu
410 2553 457 2579 loci
486 2554 579 2580 consiti
605 2553 746 2580 arboribus
775 2553 929 2580 minusculis
959 2554 1005 2588 (n.
1037 2555 1084 2588 τ.)

335 2593 374 2626 (⁵2)
391 2593 490 2625 Carbo,
507 2594 640 2628 spicarum
657 2592 824 2628 manipulu53
849 2594 938 2620 θαι-θα
961 2596 1083 2626 decimae,
1103 2598 1107 2622 ζ

333 2636 374 2660 est
393 2641 454 2668 pars
470 2633 594 2660 decimae.
613 2634 641 2669 (n
670 2634 709 2669 τ.)

939 248 1018 270 Bru
1024 247 1128 270 ARIUM
1156 248 1318 270 mumma!

1914 249 1962 276 An.
1981 249 2010 276 C.
2027 249 2095 277 ¹¹65

1146 303 1351 348 promissum:
1376 315 1411 337 ex
1431 303 1515 337 dono
1529 303 1673 349 Hugonis
1697 303 1750 338 filii
1769 304 1896 339 Radtilfi

1144 351 1182 384 de
1205 350 1391 386 Witdeboef
1417 364 1511 386 unam
1541 353 1687 398 virgatam
1718 361 1837 393 terrae,
1866 361 1897 388 et

1144 400 1331 440 libertatem,
1354 413 1448 447 quam
1473 401 1582 435 beatus
1604 402 1807 436 Adelwoldus
1831 403 1896 449 epi-

1142 462 1270 496 seopus,
1299 449 1444 484 fundator
1471 451 1620 496 praedicti
1655 452 1826 490 coenobiii‚
1855 452 1895 487 i'a-

1143 507 1232 533 vente
1262 511 1334 544 rege
1365 499 1503 545 Edgaro7
1531 508 1559 533 et
1582 499 1615 533 S.
1639 499 1803 534 Dunstano
1825 500 1894 535 Do-

1142 548 1304 583 roherniae
1327 549 1526 595 archiepisc„
1542 547 1690 583 Oswaldo
1719 549 1891 584 Eboracen.

1139 598 1339 643 archiepisc,
1374 606 1404 632 et
1439 597 1587 632 omnibus
1615 598 1684 632 aliis
1712 599 1892 645 episeopis,

1139 647 1306 681 abbatibus
1339 656 1369 682 et
1405 647 1579 681 baronibus
1606 648 1701 681 totius
1736 648 1891 693 Angliae7

1138 698 1240 732 eidem
1271 697 1341 731 loco
1368 697 1536 738 concessit,
1566 704 1596 730 et
1624 696 1740 743 scripto
1764 699 1890 744 proprio

1137 746 1343 781 confirmavit.
1377 746 1461 781 Sane
1497 746 1656 779 novalium
1693 755 1888 787 vestrorum,
1916 761 2033 789 inhibitio,
2064 770 2090 785 ne

1137 808 1216 843 quae
1240 797 1374 843 propriis
1401 794 1547 829 manibus
1569 803 1620 829 aut
1644 795 1822 842 sumptibus
1840 809 1890 832 co·
1903 794 2090 845 ξθηῇοᾞῗξῖιῇζ

1138 846 1209 888 litis,
1237 847 1300 879 sive
1322 845 1361 879 de
1388 845 1591 879 nutrimentis
1620 853 1790 878 vestrorum
1819 831 1991 880 ani-dgciima-
2030 830 2042 850 g

1137 896 1263 930 malium
1294 894 1399 928 nullus
1425 894 1556 928 omnino
1583 906 1597 926 a
1630 894 1719 928 vobis
1749 894 1887 929 decimas

1135 945 1259 990 exigere
1283 951 1471 990 praesumat.
1494 942 1641 977 Obeunte
1662 955 1733 977 vcro
1755 951 1796 984 te,
1812 952 1886 979 tunc

1134 993 1274 1028 eiusdem
1304 993 1362 1027 loci
1386 993 1510 1035 abbate,
1533 994 1581 1025 vel
1603 1001 1727 1026 tuorum
1744 993 1884 1039 quolibet
1913 999 2087 1035 Abb2155210⁰¹⁵⁰

1134 1055 1351 1077 successorum
1368 1070 1377 1085 ,
1412 1041 1518 1076 nullus
1545 1041 1585 1075 ibi
1617 1041 1756 1088 qualibet
1783 1029 2009 1082 snrt'e-i'iiuiicms
2026 1036 2087 1051 ³⁵⁵⁰-

1135 1093 1240 1139 ptione
1274 1104 1328 1126 seu
1369 1091 1516 1125 violentia
1555 1099 1789 1137 praeponatur,
1824 1093 1883 1127 nisi

1133 1154 1227 1188 quem
1252 1140 1361 1176 fratres
1387 1140 1548 1175 communi
1582 1152 1724 1181 assensn,
1752 1141 1798 1176 vel
1823 1142 1885 1176 fra-

1133 1199 1214 1225 trum
1240 1203 1310 1237 pars
1324 1190 1446 1225 concilii
1465 1189 1610 1231 sanioris,
1633 1191 1806 1225 secundum
1826 1191 1883 1226 Dei

1133 1241 1276 1275 timorem
1304 1248 1334 1274 et
1358 1239 1436 1274 beati
1461 1238 1622 1273 Benedicti
1647 1240 1784 1285 regulam
1808 1253 1885 1288 pro-

1132 1291 1265 1324 viderint
1293 1289 1488 1335 eligendum.
1510 1288 1716 1323 Decernimus
1741 1301 1828 1335 ergo⁷
1851 1298 1884 1325 ut

1132 1340 1208 1374 nulli
1240 1340 1369 1373 omnino
1399 1338 1563 1373 hominum
1591 1338 1680 1372 liceat
1709 1339 1880 1386 praefatum
1896 1334 2084 1390 flssfJ-[ss'dj'sufflfss

1132 1389 1357 1423 monasterium
1383 1395 1501 1421 temere
1523 1387 1718 1434 perturbare,
1740 1396 1792 1422 aut
1814 1390 1882 1424 eius
1896 1394 1968 1419 dicti*

1132 1439 1349 1485 possessiones
1375 1437 1507 1476 auferre,
1531 1437 1575 1470 vel
1592 1436 1709 1471 ablatas
1732 1438 1881 1477 retinere,

1130 1488 1285 1532 minuere,
1307 1499 1361 1521 seu
1380 1485 1574 1533 quibuslibet
1597 1486 1813 1521 vexationibus
1835 1487 1882 1520 fa-

1130 1537 1242 1583 tigare3
1270 1537 1324 1571 sed
1354 1536 1457 1577 omnia
1488 1536 1609 1580 integra
1636 1544 1880 1577 conserventur,

1129 1599 1252 1626 eorum,
1281 1598 1337 1633 pro
1360 1597 1494 1632 quorum
1529 1585 1758 1631 gubernatione
1787 1593 1881 1632 atque

1129 1635 1377 1670 substentatione
1398 1646 1546 1668 concessa
1571 1642 1654 1673 sunt,
1677 1634 1786 1669 usibus
1804 1646 1881 1669 om-

1130 1685 1266 1719 nimodis
1307 1683 1487 1730 profutura:
1531 1683 1614 1718 salva
1655 1683 1749 1718 Sedis
1790 1683 1881 1731 Apo-

1128 1734 1257 1768 stotieae
1298 1734 1507 1776 auctoritate,
1550 1741 1579 1767 et
1617 1732 1879 1768 dioecesanorum

1128 1784 1348 1830 episcoporum
1363 1783 1512 1817 canonica
1525 1782 1651 1817 iustitia.
1664 1782 1696 1817 Si
1712 1795 1771 1830 qua
1784 1783 1879 1828 igitur

1128 1833 1157 1867 in
1178 1832 1316 1867 futurum
1340 1832 1549 1867 ecclesiastica
1573 1832 1779 1866 saecularisve
1806 1845 1879 1879 per·
1905 1839 1990 1862 Poenae
2005 1845 2079 1863 contra

1127 1895 1214 1923 sona,
1229 1882 1311 1917 bane
1334 1890 1470 1916 nostram
1485 1881 1717 1916 constitutionis
1733 1883 1876 1928 paginam
1892 1871 2079 1929 ssfj‘ssssfss'ffissu'

1127 1933 1243 1971 sciens,
1256 1939 1362 1966 contra
1374 1943 1441 1966 eam
1456 1938 1573 1965 temere
1588 1931 1693 1965 venire
1706 1939 1879 1978 temptave-

1128 1983 1193 2025 rit,
1226 1981 1367 2016 secundo
1405 1981 1533 2015 tertiove
1567 1981 1781 2021 commonita,
1821 1981 1878 2014 nisi

1130 2031 1417 2078 praesumptionem
1457 2042 1546 2064 suam
1582 2041 1719 2075 congrua
1756 2029 1880 2064 satissa-

1126 2081 1229 2115 ctione
1256 2079 1481 2123 emendaverit,
1504 2079 1664 2125 potestatis
1687 2078 1878 2126 honorisque

1126 2130 1174 2164 sui
1209 2130 1361 2176 dignitate
1393 2136 1508 2169 careat,
1535 2140 1684 2175 reamque
1711 2141 1744 2163 se
1770 2128 1878 2163 divino

1126 2180 1242 2214 iudicio
1275 2180 1407 2213 existere
1441 2178 1480 2212 de
1516 2186 1688 2224 perpetrata
1713 2178 1878 2224 iniquitate

1126 2237 1314 2274 cognoscat,
1340 2235 1370 2262 et
1391 2240 1407 2262 a
1430 2228 1641 2261 sacratissimo
1674 2226 1822 2274 Corpore·
1840 2239 1876 2262 ac

1125 2277 1287 2323 Sanguine
1326 2277 1382 2311 Dei
1423 2285 1453 2311 et
1492 2275 1619 2311 Domini
1655 2275 1877 2323 Redemptoris

1127 2327 1222 2362 nostri
1259 2327 1329 2360 lesu
1358 2325 1476 2360 Christi
1505 2326 1604 2360 aliena
1639 2325 1702 2366 fiat,
1727 2335 1820 2372 atque
1843 2327 1875 2360 in

1126 2385 1266 2411 extremo
1281 2376 1424 2410 examine
1442 2375 1601 2409 districtae
1633 2374 1742 2409 ultioni
1766 2374 1875 2410 subia-

1125 2434 1209 2463 ceat:
1231 2425 1353 2460 cunctis
1374 2433 1477 2459 autem
1508 2425 1610 2459 eidem
1641 2424 1709 2459 loco
1731 2437 1785 2459 sua
1808 2425 1874 2459 iura
1903 2436 1960 2459 Bona
2004 2439 2074 2459 omnia

1125 2474 1325 2509 servantibus
1357 2475 1396 2508 sit
1419 2486 1477 2521 pax
1504 2473 1629 2508 Domini
1653 2474 1748 2508 nostri
1776 2474 1799 2508 1.
1823 2473 1872 2512 C.,
1888 2475 1944 2521 {1225
1955 2469 2074 2521 {ms-'³¹¹‘

1125 2533 1282 2571 qnatenus
1303 2531 1334 2558 et
1359 2523 1411 2558 hic
1446 2523 1582 2557 fructum
1615 2523 1715 2558 bonae
1742 2523 1875 2557 actionis

1103 2575 1316 2621 'percipiant,
1352 2581 1382 2607 et
1415 2572 1498 2619 apud
1533 2573 1706 2607 districtum
1733 2571 1874 2606 Iudicem

1918 1301 2058 1324 immunitatis

1102 2627 1262 2674 {praemia
1288 2630 1433 2657 aeternae
1459 2622 1545 2669 pacis
1572 2622 1742 2656 inveniant.
1761 2622 1874 2657 Arnen.
