2180 3205
134 222 183 248 An.
204 221 230 247 C.
252 222 311 249 tout

157 1334 213 1354 Bona
237 1334 263 1354 ah
289 1339 314 1354 ea

136 1361 208 1381 ablata
237 1361 306 1381 eidem

129 1387 244 1408 reddenda.

162 1678 279 1700 Cissus-ulae.

398 207 467 241 458

345 273 465 308 tatibus
499 271 632 306 Sanctae
665 269 798 310 Mariae,
834 269 934 304 sancti
969 281 1096 316 quoquc

344 321 519 365 Michaelis,
541 329 571 355 et
597 319 695 354 sancti
717 319 844 353 Ioannis
871 318 1043 366 Baptistae:
1064 318 1095 352 in

344 371 490 406 natalitiis
512 370 655 404 omnium
684 368 914 423 apostolorum,
937 375 1093 403 eteorum

342 428 525 467 martyrum,
553 430 688 466 quorum
711 418 842 465 pignora
869 417 900 452 in
921 425 1019 452 vestra
1041 429 1095 451 ec-

342 470 436 504 clesia
471 468 694 508 continentur,
724 467 755 501 in
794 466 1094 502 commemoratione

341 518 550 553 nihilominus
576 517 728 552 Omnium
745 515 944 557 Sanctor,um
968 516 998 550 in
1021 527 1094 550 con-

341 567 572 602 secrationibus
604 566 826 606 ecclesiarum,
852 565 1092 613 episcoporum,

341 616 539 658 clericorum,
563 616 595 651 in
622 628 726 650 annuo
753 615 998 650 consecrationis
1021 622 1092 648 tuae

340 665 404 711 die,
426 666 457 700 in
471 665 724 700 solemnitatibus
750 665 842 700 etiam
878 671 1003 699 sanctae
1023 664 1092 697 vir—

339 715 422 762 ginis
455 715 604 759 Theclae,
640 714 803 762 sanctique
833 713 974 760 martyris
1010 712 1092 747 Fru-

340 765 462 809 ctuosi,
508 777 544 799 ac
582 765 739 799 sociorum
773 764 852 798 cius.
894 763 939 797 Te
974 762 1090 808 igitur,

339 814 591 849 reverentissime
627 813 737 853 sr·,atei
778 811 943 847 affictione
981 811 1090 845 intima

339 863 554 908 exhortamus,
590 870 746 910 quatenus
785 862 915 907 dignum
952 868 981 895 te
1014 860 1090 894 tanti

340 912 828 968 1191103ispontificio(t)sernpcr
841 910 1002 945 exhibeas:
1013 909 1090 944 chri-

340 962 453 997 stianis
485 974 520 997 ac
547 961 713 996 Saracenis
735 972 803 994 sine
824 959 996 994 ollensione
1019 971 1089 993 csse

341 1024 533 1059 procurans:
562 1011 600 1046 ad
628 1010 721 1044 tidem
756 1009 900 1043 infideles
926 1020 1088 1055 quaerere,

340 1061 409 1096 Deo
431 1061 595 1116 largiente2
623 1059 726 1094 verbis
752 1058 891 1101 studeas,
926 1066 955 1092 et
988 1069 1091 1091 exem-

338 1111 414 1166 plis:
437 1110 482 1145 sic
499 1110 636 1145 exterius
657 1107 906 1156 palliidignitate
920 1105 1090 1153 praecellas

340 1160 372 1194 in
396 1159 496 1194 oculis
518 1158 696 1198 hominum,
729 1166 764 1192 ut
786 1157 917 1191 interius
939 1156 1088 1190 virtutum

338 1208 523 1243 excellentia
542 1208 659 1256 polleas
681 1218 784 1242 coram
804 1205 967 1253 Supernae
988 1204 1089 1240 oculis

339 1258 523 1293 Maiestatis.

388 1307 485 1342 Plane
512 1319 567 1354 per
602 1306 776 1361 praesentis
809 1304 961 1352 privilegii
1000 1304 1089 1352 pagi-

334 1369 412 1392 nam
440 1356 532 1391 officii
556 1356 652 1390 nostri
675 1355 857 1390 auctoritate
879 1354 1088 1399 decrevimus,

341 1415 375 1441 ut
402 1407 595 1453 quicumque
613 1418 647 1440 se
661 1404 905 1440 Tarraconensis
926 1403 1088 1438 Ecclesiae

341 1455 424 1490 bona
452 1456 566 1490 iniuste
592 1455 745 1489 hactenns
771 1453 944 1488 obtinuisse
966 1465 1089 1499 cogno-

341 1513 452 1549 scunt,
475 1517 509 1540 ea
537 1505 688 1551 deinceps
721 1503 824 1538 eidem
851 1502 1011 1537 Ecclesiae
1044 1514 1090 1537 re-

340 1555 470 1589 stituere
499 1566 571 1601 prae
599 1553 707 1588 iudicii
733 1552 829 1587 divini
849 1551 1032 1596 formidine,
1059 1559 1089 1586 ct

339 1603 433 1638 Sedis
476 1603 678 1650 Apostolicae
714 1601 886 1637 reverentia
930 1601 1087 1636 studeant.

340 1652 374 1688 Si
397 1653 466 1700 quis
492 1660 597 1687 autem
628 1652 660 1686 in
682 1651 854 1686 crastinum
877 1650 1089 1698 archiepisco-

340 1715 401 1750 pus
428 1709 480 1736 aut
506 1703 688 1749 episcopus,
728 1701 897 1747 imperator
934 1708 986 1734 aut
1019 1712 1088 1744 rex,

341 1752 491 1799 princeps
525 1759 578 1786 aut
603 1751 686 1791 dux,
721 1762 827 1784 comes
855 1757 908 1784 aut
935 1750 1088 1790 vicomes,

341 1801 439 1835 iudex
472 1808 525 1835 aut
547 1800 679 1848 quilibet
702 1799 915 1845 magistratus,
943 1799 990 1833 vel
1020 1811 1090 1846 per-

341 1863 418 1885 sona
453 1850 663 1885 ecclesiastica
703 1849 751 1883 vel
784 1849 970 1888 saecularis,
996 1848 1090 1882 huius

342 1899 495 1947 privilegii
524 1899 668 1945 paginam
696 1898 798 1933 sciens
821 1900 928 1932 contra
947 1910 1016 1932 cam
1040 1909 1091 1931 ve-

342 1961 409 1983 nire
433 1957 548 1983 temere
576 1947 759 1990 tentaverit,
793 1946 934 1981 secundo
961 1947 1091 1981 tertiove

342 2002 566 2044 commonitus,
588 2001 613 2035 si
633 2013 694 2035 non
709 2000 922 2035 satisfactione
936 2000 1091 2046 condigna

343 2055 570 2095 emendaverit,
605 2067 678 2090 cum
708 2054 837 2088 honoris
870 2054 918 2089 sui
942 2062 973 2088 et
999 2053 1091 2088 officii

343 2109 485 2158 periculo
507 2109 671 2144 subiacere
693 2107 901 2147 decrevimus,
924 2116 953 2143 et
974 2120 990 2142 a
1005 2108 1094 2142 Chri-

344 2165 382 2199 sti
405 2171 498 2211 atque
521 2163 683 2198 Ecclesiae
717 2174 849 2209 corpore
878 2174 1092 2208 segregamus.

345 2217 615 2252 Conservantibus
636 2223 742 2251 autem
771 2228 829 2262 pax
852 2227 867 2249 a
896 2215 962 2250 Deo
984 2224 1014 2250 et
1041 2216 1095 2249 mi-

339 2269 517 2307 sericordia
539 2269 757 2319 praesentibus
774 2277 804 2304 et
828 2269 940 2304 suturis
962 2269 1095 2304 saeculis

334 2333 560 2370 conservetur.
588 2324 709 2365 Amen,
740 2335 842 2358 amen.

395 2379 511 2414 Datum
533 2379 661 2426 Capuae
681 2377 921 2421 kalendisiulii,
948 2389 1003 2424 per
1031 2389 1095 2411 ma·

937 213 1126 236 BULLARIUM
1152 212 1317 235 ROMANUM

1137 268 1258 313 gesimo
1286 266 1399 314 primo,
1422 264 1626 313 pontificatus
1644 272 1750 301 autem
1765 263 1886 301 domini

1136 317 1255 352 Urbani
1279 315 1409 351 secundi
1432 327 1515 350 anuo
1536 326 1581 349 lv.

1215 373 1277 403 Dat.
1298 373 1344 403 die
1362 372 1374 401 'l
1400 372 1465 402 iulii
1485 381 1561 402 anno
1583 371 1699 402 Domini
1722 370 1808 409 1091,

1383 411 1485 452 pontif.
1509 421 1586 441 anno
1608 420 1644 442 iv.

1483 534 1539 570 xt.

1134 609 1296 641 Decretum
1322 609 1357 641 (Ie
1388 608 1594 641 controversia
1621 608 1700 641 inter
1720 607 1886 641 monachos

1182 658 1216 691 S.
1239 658 1350 690 Albini
1369 658 1564 701 Ancleyaven.
1593 663 1620 690 et
1652 657 1884 690 I‘'1‘ndociizenses

1181 718 1270 752 super
1292 707 1429 740 Ecclesia
1444 707 1478 739 S.
1496 707 1620 740 Mariae
1634 706 1800 740 Gredonen.
1822 705 1883 748 (d).

1407 779 1622 810 SUMMARIUM

1134 846 1231 876 Series
1247 847 1465 876 controversiae
1482 847 1558 876 inter
1573 845 1734 876 monachos
1745 844 1775 876 S.
1786 844 1884 875 Albini

1171 891 1199 916 et
1222 886 1464 916 vindocinenses.
1499 903 1539 908 —
1573 885 1649 916 llaec
1685 886 1884 915 controversia

1171 927 1275 964 agitata
1290 935 1388 955 coram
1400 926 1516 956 Urbano
1529 925 1584 955 PP.
1599 926 1741 964 Angtone
1753 936 1793 947 —
1803 925 1884 961 Quae

1171 966 1258 995 suerit
1270 966 1411 995 delinitio.
1428 983 1468 988 —
1482 965 1731 1004 Compositionem
1746 965 1814 994 inde
1829 965 1884 994 ini-

1171 1010 1237 1050 tam.
1247 1006 1419 1050 servandam
1439 1006 1581 1045 praecipit
1603 1005 1740 1035 Urbanus
1761 1005 1816 1035 sub
1836 1013 1883 1034 ca-

1170 1054 1284 1075 nomcts
1308 1055 1422 1084 poenis.

1130 1111 1251 1140 Urbanus
1270 1112 1410 1148 episcopus
1429 1118 1524 1140 servus
1546 1118 1686 1140 servorum
1697 1111 1758 1144 Dei,
1773 1111 1882 1139 dilectis

1174 1157 1202 1184 in
1218 1157 1326 1185 Christo
1344 1157 1409 1185 filiis
1429 1156 1550 1185 Goffredo
1569 1157 1661 1185 abbati
1681 1156 1772 1184 Sancti
1795 1156 1883 1184 Albini

1173 1202 1379 1234 Andecavensis,
1399 1203 1426 1230 et
1446 1201 1559 1230 Barnuni
1578 1201 1670 1230 abbati
1689 1201 1803 1229 sanctae
1823 1201 1881 1228 Tri·

1174 1247 1272 1275 nitatis
1291 1247 1504 1279 vindocinensis,
1525 1247 1642 1275 satutem
1661 1247 1689 1275 et
1705 1245 1884 1282 apostoticam

1174 1292 1396 1320 benedictionem.

1178 1355 1272 1390 Anno
1307 1354 1484 1390 dominicae
1515 1353 1739 1389 incarnationis
1771 1364 1881 1395 mxcn,

1130 1404 1330 1451 pontificatus
1352 1405 1448 1439 nostri
1467 1416 1498 1447 v,
1522 1404 1691 1438 indictione
1704 1415 1726 1444 1,
1749 1415 1820 1438 cum
1835 1415 1882 1437 es-

1129 1466 1196 1489 sem
1223 1454 1254 1488 in
1278 1455 1439 1501 provincia
1466 1453 1630 1488 Calabriae
1657 1453 1741 1500 apud
1765 1464 1880 1487 mona-

1129 1504 1256 1538 sterium
1286 1503 1419 1538 Sanctae
1446 1503 1560 1537 Mariae
1586 1514 1668 1549 quae
1693 1502 1809 1537 dicitur
1841 1501 1880 1536 de

1129 1553 1257 1597 Matina,
1281 1554 1424 1587 monachi
1452 1552 1560 1587 Sancti
1582 1552 1702 1596 Albini,
1724 1550 1878 1586 Girardus

1131 1603 1233 1649 prior,
1267 1602 1342 1637 Milo
1377 1602 1570 1648 Stephanus,
1597 1601 1748 1636 adversus
1771 1612 1882 1635 mona-

1130 1652 1207 1686 chos
1239 1651 1373 1686 Sanctae
1409 1651 1569 1686 Trinitatis
1603 1651 1641 1685 de
1680 1649 1880 1695 Vindocin0‚

1130 1700 1360 1735 Fortmundum
1384 1701 1533 1748 priorem,
1553 1699 1770 1746 Ingelbaldum
1792 1699 1882 1733 ostia-

1132 1751 1231 1794 rium,
1257 1750 1310 1797 qui
1335 1758 1515 1795 praesentes
1548 1750 1689 1794 aderant,
1715 1748 1881 1795 conquesti

1131 1808 1216 1843 suut,
1230 1800 1313 1846 quod
1328 1799 1581 1834 vindocinenses
1594 1798 1704 1833 fratres
1720 1798 1758 1833 ad
1773 1800 1815 1842 (⁶2)
1835 1809 1870 1832 ec

1131 1849 1256 1884 clesiam
1304 1849 1412 1884 Sancti
1451 1848 1626 1883 Clementis
1647 1847 1880 1886 credonensis,

1132 1910 1211 1945 quae
1233 1910 1249 1933 a
1271 1898 1436 1933 monachis
1462 1897 1568 1932 Sancti
1591 1897 1698 1932 Albini
1720 1897 1800 1930 iuste
1829 1908 1882 1930 se-

1132 1947 1271 1982 cundum
1287 1947 1410 1982 illorum
1427 1955 1603 1994 temporum
1619 1945 1882 1981 consuetudinem

1133 1997 1295 2043 acquisita,
1318 2005 1348 2031 et
1375 2009 1430 2043 per
1450 1997 1577 2042 triginta
1599 2008 1700 2030 annos
1718 1994 1822 2042 quiete
1852 2001 1884 2028 et

1133 2046 1200 2081 siue
1219 2047 1445 2093 interruptione
1462 2058 1617 2092 possessa,
1634 2045 1786 2079 violenter
1803 2043 1884 2078 abla-

1136 2104 1196 2129 tam
1223 2096 1337 2130 iniuste
1363 2095 1550 2130 detinerent.
1578 2094 1639 2136 Qui
1662 2106 1733 2128 cum
1753 2093 1818 2128 suis
1839 2093 1884 2127 in-

1134 2145 1316 2179 strumentis
1349 2154 1380 2179 et
1413 2145 1587 2179 rationibus
1630 2155 1756 2178 causam
1790 2154 1880 2179 suam

1135 2194 1303 2229 defendere
1336 2195 1526 2235 niterentur3
1562 2194 1663 2240 primo
1685 2192 1736 2227 die
1759 2191 1884 2238 procla-

1136 2245 1283 2278 mationis
1313 2258 1362 2279 res
1404 2244 1456 2277 diu
1503 2253 1534 2277 et
1569 2242 1702 2277 multum
1740 2240 1885 2275 ventilata

1137 2294 1223 2327 nullo
1241 2295 1341 2340 potuit
1369 2294 1430 2327 line
1451 2293 1625 2326 terminari:
1648 2290 1788 2326 secundo
1811 2301 1885 2324 vero

1137 2342 1187 2376 die
1209 2343 1352 2377 similiter
1375 2342 1509 2376 multum
1524 2342 1678 2381 discussa,
1700 2339 1738 2374 ad
1761 2338 1885 2374 nullutn

1138 2400 1240 2426 tamen
1286 2400 1332 2426 est
1367 2391 1461 2426 [inem
1495 2390 1648 2425 deducta:
1693 2389 1743 2423 die
1780 2396 1886 2423 autem

347 2444 407 2466 nus
442 2441 566 2467 SssssClssss
597 2431 759 2467 ROmssssae
787 2431 946 2466 ECClssSlsse
972 2431 1097 2465 Ioannis
1115 2446 1119 2461 ¹
1138 2443 1240 2483 tertio,
1276 2453 1324 2475 xii
1364 2441 1481 2475 scilicet
1510 2438 1659 2474 kalendas
1685 2437 1885 2479 decembris,

348 2486 472 2520 diaconi
507 2485 691 2530 cardinalis,
727 2485 897 2520 indictione
919 2497 989 2529 xiv,
1015 2490 1350 2528 aiuioffesjdfflffibus
1387 2490 1478 2524 mbfis
1516 2491 1548 2522 jn
1583 2487 1727 2533 Aug-lone
1762 2487 1887 2521 civitate

338 2539 526 2574 >dominicae
554 2540 777 2574 incarnationis
805 2539 973 2575 millesimo
1003 2550 1099 2574 noua-

384 2597 424 2632 (l)
444 2597 569 2624 Fortasse
589 2600 663 2624 tanto
679 2599 788 2624 [tortore.

1175 2556 1214 2588 (t)
1235 2564 1271 2581 nx*
1284 2556 1383 2581 Com-il,
1397 2555 1503 2581 Collect.
1516 2552 1643 2580 Harduini
1655 2557 1720 2579 tom.
1739 2560 1778 2585 1v,
1788 2558 1887 2588 par-u,

1140 2594 1189 2621 col.
1211 2596 1286 2622 1070.
1325 2597 1364 2631 (1³.)
1380 2593 1593 2630 Expungendum
1608 2593 1696 2621 forsan
1713 2594 1758 2620 ud.

1903 204 1954 231 An.
1975 203 2002 231 C.
2019 204 2083 233 1091

1923 1347 1995 1368 Series
2009 1348 2093 1367 contro-

1916 1374 1998 1394 versiae
2028 1373 2083 1394 inter
2123 1368 2138 1390 ·'-·¹

1914 1400 2030 1420 monachos
2058 1399 2080 1420 S.
2131 1400 2138 1413 ²

1907 1426 1977 1448 Atbini
2000 1428 2021 1446 et
2043 1425 2093 1447 Vin·
2132 1447 2134 1450 ,

1908 1454 2040 1474 «ίοοίιιεηεεε.

1937 2281 1995 2302 llaec
2009 2283 2093 2302 contro·
2139 2284 2141 2289 ¹

1908 2309 1976 2329 versia
2011 2308 2091 2333 agitata
2119 2308 2134 2317 ·‘

1907 2340 1978 2355 emam
2007 2335 2022 2355 L?
2027 2334 2090 2355 rbano
2123 2358 2125 2364 Ι

1907 2361 1947 2382 PP.
1962 2361 2061 2387 Angtono.
