<?xml version="1.0" encoding="UTF-8"?>
<!DOCTYPE html PUBLIC "-//W3C//DTD XHTML 1.0 Transitional//EN"
    "http://www.w3.org/TR/xhtml1/DTD/xhtml1-transitional.dtd">
<html xmlns="http://www.w3.org/1999/xhtml" xml:lang="en" lang="en">
 <head>
  <title>
</title>
<meta http-equiv="Content-Type" content="text/html;charset=utf-8" />
  <meta name='ocr-system' content='tesseract 3.04.00' />
  <meta name='ocr-capabilities' content='ocr_page ocr_carea ocr_par ocr_line ocrx_word'/>
</head>
<body>
  <div class='ocr_page' id='page_1' title='image "./bullarumdiplomat02cath/bullarumdiplomat02cath_0215.png"; bbox 0 0 2180 3205; ppageno 0'>
   <div class='ocr_carea' id='block_1_1' title="bbox 37 278 220 308">
    <p class='ocr_par' dir='ltr' id='par_1_1' title="bbox 37 278 220 308">
     <span class='ocr_line' id='line_1_1' title="bbox 37 278 220 308; baseline -0.011 0"><span class='ocrx_word' id='word_1_1' title='bbox 37 280 86 308; x_wconf 74' lang='lat' dir='ltr'>An.</span> <span class='ocrx_word' id='word_1_2' title='bbox 107 278 135 307; x_wconf 91' lang='lat' dir='ltr'>C.</span> <span class='ocrx_word' id='word_1_3' title='bbox 153 278 220 307; x_wconf 79' lang='lat'>¹099</span> 
     </span>
    </p>
   </div>
   <div class='ocr_carea' id='block_1_2' title="bbox 62 539 192 566">
    <p class='ocr_par' dir='ltr' id='par_1_2' title="bbox 62 539 192 566">
     <span class='ocr_line' id='line_1_2' title="bbox 62 539 192 566; baseline -0.009 -4"><span class='ocrx_word' id='word_1_4' title='bbox 62 539 192 566; x_wconf 75' lang='lat' dir='ltr'>Exordium·</span> 
     </span>
    </p>
   </div>
   <div class='ocr_carea' id='block_1_3' title="bbox 33 917 218 1024">
    <p class='ocr_par' dir='ltr' id='par_1_3' title="bbox 60 917 216 940">
     <span class='ocr_line' id='line_1_3' title="bbox 60 917 216 940; baseline 0 -1"><span class='ocrx_word' id='word_1_5' title='bbox 60 917 148 940; x_wconf 66' lang='lat' dir='ltr'>Bonan.</span> <span class='ocrx_word' id='word_1_6' title='bbox 177 918 216 940; x_wconf 74' lang='lat' dir='ltr'>nub</span> 
     </span>
    </p>

    <p class='ocr_par' dir='ltr' id='par_1_4' title="bbox 33 945 218 1024">
     <span class='ocr_line' id='line_1_4' title="bbox 33 945 218 993; baseline 0.012 -29"><span class='ocrx_word' id='word_1_7' title='bbox 33 945 164 993; x_wconf 54' lang='lat' dir='ltr'>ffitectione</span> <span class='ocrx_word' id='word_1_8' title='bbox 178 945 218 966; x_wconf 84' lang='lat' dir='ltr'>Se-</span> 
     </span>
     <span class='ocr_line' id='line_1_5' title="bbox 50 971 215 996; baseline 0.006 -4"><span class='ocrx_word' id='word_1_9' title='bbox 50 971 54 976; x_wconf 87' lang='lat'>&#39;</span> <span class='ocrx_word' id='word_1_10' title='bbox 83 971 215 996; x_wconf 68' lang='lat' dir='ltr'>apostoticae</span> 
     </span>
     <span class='ocr_line' id='line_1_6' title="bbox 34 997 145 1024; baseline 0.009 -6"><span class='ocrx_word' id='word_1_11' title='bbox 34 997 145 1024; x_wconf 67' lang='lat' dir='ltr'>recipitur-5</span> 
     </span>
    </p>
   </div>
   <div class='ocr_carea' id='block_1_4' title="bbox 30 1750 212 1956">
    <p class='ocr_par' dir='ltr' id='par_1_5' title="bbox 30 1750 212 1956">
     <span class='ocr_line' id='line_1_7' title="bbox 56 1750 212 1778; baseline -0.006 -6"><span class='ocrx_word' id='word_1_12' title='bbox 56 1750 124 1778; x_wconf 68' lang='lat' dir='ltr'>nique</span> <span class='ocrx_word' id='word_1_13' title='bbox 148 1751 212 1777; x_wconf 83' lang='lat' dir='ltr'>privi-</span> 
     </span>
     <span class='ocr_line' id='line_1_8' title="bbox 38 1775 206 1806; baseline 0.006 -9"><span class='ocrx_word' id='word_1_14' title='bbox 38 1775 94 1806; x_wconf 66' lang='lat' dir='ltr'>legia</span> <span class='ocrx_word' id='word_1_15' title='bbox 121 1778 189 1798; x_wconf 85' lang='lat' dir='ltr'>omnia</span> <span class='ocrx_word' id='word_1_16' title='bbox 201 1794 206 1801; x_wconf 83' lang='lat'>,</span> 
     </span>
     <span class='ocr_line' id='line_1_9' title="bbox 46 1803 212 1825; baseline 0.012 -2"><span class='ocrx_word' id='word_1_17' title='bbox 46 1809 78 1824; x_wconf 74' lang='lat' dir='ltr'>:aa</span> <span class='ocrx_word' id='word_1_18' title='bbox 88 1803 212 1825; x_wconf 75' lang='lat' dir='ltr'>donationes</span> 
     </span>
     <span class='ocr_line' id='line_1_10' title="bbox 52 1831 212 1854; baseline 0.006 -4"><span class='ocrx_word' id='word_1_19' title='bbox 52 1831 116 1854; x_wconf 78' lang='lat' dir='ltr'>ctae,</span> <span class='ocrx_word' id='word_1_20' title='bbox 140 1831 171 1851; x_wconf 80' lang='lat' dir='ltr'>vet</span> <span class='ocrx_word' id='word_1_21' title='bbox 192 1831 212 1851; x_wconf 89' lang='lat' dir='ltr'>in</span> 
     </span>
     <span class='ocr_line' id='line_1_11' title="bbox 43 1857 203 1882; baseline 0.006 -6"><span class='ocrx_word' id='word_1_22' title='bbox 43 1858 147 1882; x_wconf 70' lang='lat' dir='ltr'>posterum</span> <span class='ocrx_word' id='word_1_23' title='bbox 175 1857 203 1877; x_wconf 73' lang='lat' dir='ltr'>sri—</span> 
     </span>
     <span class='ocr_line' id='line_1_12' title="bbox 32 1882 211 1904; baseline 0 -2"><span class='ocrx_word' id='word_1_24' title='bbox 32 1882 125 1903; x_wconf 68' lang='lat' dir='ltr'>croniti-e.</span> <span class='ocrx_word' id='word_1_25' title='bbox 140 1888 165 1904; x_wconf 80' lang='lat' dir='ltr'>ae</span> <span class='ocrx_word' id='word_1_26' title='bbox 175 1883 211 1904; x_wconf 75' lang='lat' dir='ltr'>bo-</span> 
     </span>
     <span class='ocr_line' id='line_1_13' title="bbox 31 1909 212 1930; baseline 0.006 -1"><span class='ocrx_word' id='word_1_27' title='bbox 31 1913 57 1929; x_wconf 76' lang='lat' dir='ltr'>na</span> <span class='ocrx_word' id='word_1_28' title='bbox 72 1909 140 1930; x_wconf 75' lang='lat' dir='ltr'>omnia</span> <span class='ocrx_word' id='word_1_29' title='bbox 163 1915 212 1930; x_wconf 83' lang='lat' dir='ltr'>con·</span> 
     </span>
     <span class='ocr_line' id='line_1_14' title="bbox 30 1933 142 1956; baseline 0 0"><span class='ocrx_word' id='word_1_30' title='bbox 30 1933 142 1956; x_wconf 70' lang='lat' dir='ltr'>armantur.</span> 
     </span>
    </p>
   </div>
   <div class='ocr_carea' id='block_1_5' title="bbox 862 270 1134 295">
    <p class='ocr_par' dir='ltr' id='par_1_6' title="bbox 862 270 1134 295">
     <span class='ocr_line' id='line_1_15' title="bbox 862 270 1134 295; baseline 0.004 -1"><span class='ocrx_word' id='word_1_31' title='bbox 862 270 1007 294; x_wconf 60' lang='lat' dir='ltr'>rnnfflt&#39;s</span> <span class='ocrx_word' id='word_1_32' title='bbox 1033 270 1057 293; x_wconf 85' lang='lat'>11</span> <span class='ocrx_word' id='word_1_33' title='bbox 1084 271 1134 295; x_wconf 64' lang='lat' dir='ltr'>Pr).</span> 
     </span>
    </p>
   </div>
   <div class='ocr_carea' id='block_1_6' title="bbox 243 322 991 495">
    <p class='ocr_par' dir='ltr' id='par_1_7' title="bbox 243 322 991 495">
     <span class='ocr_line' id='line_1_16' title="bbox 243 322 991 363; baseline -0.001 -9"><span class='ocrx_word' id='word_1_34' title='bbox 243 322 347 354; x_wconf 65' lang='lat' dir='ltr'>tribanus</span> <span class='ocrx_word' id='word_1_35' title='bbox 355 323 474 363; x_wconf 68' lang='lat' dir='ltr'>episeopus</span> <span class='ocrx_word' id='word_1_36' title='bbox 483 333 560 354; x_wconf 75' lang='lat' dir='ltr'>serviis</span> <span class='ocrx_word' id='word_1_37' title='bbox 569 332 685 354; x_wconf 75' lang='lat' dir='ltr'>servornm</span> <span class='ocrx_word' id='word_1_38' title='bbox 694 323 746 361; x_wconf 74' lang='lat' dir='ltr'>Dei,</span> <span class='ocrx_word' id='word_1_39' title='bbox 759 323 844 354; x_wconf 74' lang='lat' dir='ltr'>dilecto</span> <span class='ocrx_word' id='word_1_40' title='bbox 855 324 904 354; x_wconf 82' lang='lat' dir='ltr'>filio</span> <span class='ocrx_word' id='word_1_41' title='bbox 914 324 991 361; x_wconf 81' lang='lat' dir='ltr'>Petro,</span> 
     </span>
     <span class='ocr_line' id='line_1_17' title="bbox 281 367 991 406; baseline 0 -9"><span class='ocrx_word' id='word_1_42' title='bbox 281 367 359 397; x_wconf 85' lang='lat' dir='ltr'>abbati</span> <span class='ocrx_word' id='word_1_43' title='bbox 382 369 515 398; x_wconf 73' lang='lat' dir='ltr'>monasterii</span> <span class='ocrx_word' id='word_1_44' title='bbox 542 368 618 397; x_wconf 81' lang='lat' dir='ltr'>Sancti</span> <span class='ocrx_word' id='word_1_45' title='bbox 643 368 768 405; x_wconf 84' lang='lat' dir='ltr'>Saturnini,</span> <span class='ocrx_word' id='word_1_46' title='bbox 789 368 849 406; x_wconf 84' lang='lat' dir='ltr'>quorl</span> <span class='ocrx_word' id='word_1_47' title='bbox 874 369 991 397; x_wconf 75' lang='lat' dir='ltr'>strumen</span> 
     </span>
     <span class='ocr_line' id='line_1_18' title="bbox 281 410 991 450; baseline -0.003 -9"><span class='ocrx_word' id='word_1_48' title='bbox 281 420 351 450; x_wconf 80' lang='lat' dir='ltr'><strong>prope</strong></span> <span class='ocrx_word' id='word_1_49' title='bbox 369 420 461 441; x_wconf 86' lang='lat' dir='ltr'>amncni</span> <span class='ocrx_word' id='word_1_50' title='bbox 479 411 584 442; x_wconf 73' lang='lat' dir='ltr'>Valeriae</span> <span class='ocrx_word' id='word_1_51' title='bbox 601 412 622 441; x_wconf 86' lang='lat' dir='ltr'>in</span> <span class='ocrx_word' id='word_1_52' title='bbox 641 411 747 450; x_wconf 75' lang='lat' dir='ltr'>paror-liiii</span> <span class='ocrx_word' id='word_1_53' title='bbox 765 410 912 449; x_wconf 80' lang='lat' dir='ltr'>l&#39;rgellcnsi,</span> <span class='ocrx_word' id='word_1_54' title='bbox 931 410 991 440; x_wconf 86' lang='lat' dir='ltr'>cius-</span> 
     </span>
     <span class='ocr_line' id='line_1_19' title="bbox 282 455 732 495; baseline -0.002 -10"><span class='ocrx_word' id='word_1_55' title='bbox 282 465 327 495; x_wconf 83' lang='lat' dir='ltr'>que</span> <span class='ocrx_word' id='word_1_56' title='bbox 349 455 530 493; x_wconf 72' lang='lat' dir='ltr'>successoribus,</span> <span class='ocrx_word' id='word_1_57' title='bbox 550 456 572 485; x_wconf 93' lang='lat' dir='ltr'>iri</span> <span class='ocrx_word' id='word_1_58' title='bbox 588 459 732 495; x_wconf 82' lang='lat' dir='ltr'>perpetuum.</span> 
     </span>
    </p>
   </div>
   <div class='ocr_carea' id='block_1_7' title="bbox 236 515 991 1294">
    <p class='ocr_par' dir='ltr' id='par_1_8' title="bbox 236 515 991 1290">
     <span class='ocr_line' id='line_1_20' title="bbox 291 515 991 573; baseline -0.004 -20"><span class='ocrx_word' id='word_1_59' title='bbox 291 517 366 554; x_wconf 83' lang='lat' dir='ltr'>Piae</span> <span class='ocrx_word' id='word_1_60' title='bbox 389 517 558 573; x_wconf 81' lang='lat' dir='ltr'>postulatio</span> <span class='ocrx_word' id='word_1_61' title='bbox 581 516 749 552; x_wconf 85' lang='lat' dir='ltr'>voluntatis</span> <span class='ocrx_word' id='word_1_62' title='bbox 769 515 882 551; x_wconf 81' lang='lat' dir='ltr'>effectu</span> <span class='ocrx_word' id='word_1_63' title='bbox 897 515 991 550; x_wconf 92' lang='lat' dir='ltr'>debet</span> 
     </span>
     <span class='ocr_line' id='line_1_21' title="bbox 241 564 990 622; baseline -0.003 -20"><span class='ocrx_word' id='word_1_64' title='bbox 241 567 442 622; x_wconf 81' lang='lat' dir='ltr'>prosequenti</span> <span class='ocrx_word' id='word_1_65' title='bbox 469 566 637 613; x_wconf 88' lang='lat' dir='ltr'>compleri;</span> <span class='ocrx_word' id='word_1_66' title='bbox 659 572 815 612; x_wconf 88' lang='lat' dir='ltr'>quatenus</span> <span class='ocrx_word' id='word_1_67' title='bbox 836 572 866 599; x_wconf 91' lang='lat' dir='ltr'>et</span> <span class='ocrx_word' id='word_1_68' title='bbox 887 564 990 600; x_wconf 88' lang='lat' dir='ltr'>devo-</span> 
     </span>
     <span class='ocr_line' id='line_1_22' title="bbox 240 613 988 657; baseline -0.004 -6"><span class='ocrx_word' id='word_1_69' title='bbox 240 616 337 651; x_wconf 87' lang='lat' dir='ltr'>tionis</span> <span class='ocrx_word' id='word_1_70' title='bbox 362 616 526 651; x_wconf 74' lang='lat' dir='ltr'>sinceritas</span> <span class='ocrx_word' id='word_1_71' title='bbox 548 614 748 650; x_wconf 78' lang='lat' dir='ltr'>laudabiliter</span> <span class='ocrx_word' id='word_1_72' title='bbox 768 613 932 657; x_wconf 78' lang='lat' dir='ltr'>enitescat,</span> <span class='ocrx_word' id='word_1_73' title='bbox 959 622 988 648; x_wconf 92' lang='lat' dir='ltr'>et</span> 
     </span>
     <span class='ocr_line' id='line_1_23' title="bbox 240 663 988 713; baseline -0.004 -13"><span class='ocrx_word' id='word_1_74' title='bbox 240 665 358 701; x_wconf 89' lang='lat' dir='ltr'>utilitas</span> <span class='ocrx_word' id='word_1_75' title='bbox 373 665 527 713; x_wconf 88' lang='lat' dir='ltr'>postulata</span> <span class='ocrx_word' id='word_1_76' title='bbox 549 664 631 698; x_wconf 89' lang='lat' dir='ltr'>vires</span> <span class='ocrx_word' id='word_1_77' title='bbox 653 663 866 698; x_wconf 80' lang='lat' dir='ltr'>indubitanter</span> <span class='ocrx_word' id='word_1_78' title='bbox 892 675 988 698; x_wconf 88' lang='lat' dir='ltr'>assu-</span> 
     </span>
     <span class='ocr_line' id='line_1_24' title="bbox 239 712 988 760; baseline -0.005 -11"><span class='ocrx_word' id='word_1_79' title='bbox 239 722 312 749; x_wconf 89' lang='lat' dir='ltr'>mat.</span> <span class='ocrx_word' id='word_1_80' title='bbox 347 713 484 749; x_wconf 83' lang='lat' dir='ltr'>Proinde</span> <span class='ocrx_word' id='word_1_81' title='bbox 516 725 575 748; x_wconf 91' lang='lat' dir='ltr'>nos</span> <span class='ocrx_word' id='word_1_82' title='bbox 605 712 807 760; x_wconf 83' lang='lat' dir='ltr'>postulationi</span> <span class='ocrx_word' id='word_1_83' title='bbox 837 721 907 747; x_wconf 91' lang='lat' dir='ltr'>tuae</span> <span class='ocrx_word' id='word_1_84' title='bbox 933 724 988 758; x_wconf 90' lang='lat' dir='ltr'>pa-</span> 
     </span>
     <span class='ocr_line' id='line_1_25' title="bbox 238 761 988 808; baseline -0.004 -10"><span class='ocrx_word' id='word_1_85' title='bbox 238 770 346 798; x_wconf 91' lang='lat' dir='ltr'>ternae</span> <span class='ocrx_word' id='word_1_86' title='bbox 374 762 577 808; x_wconf 83' lang='lat' dir='ltr'>benignitatis</span> <span class='ocrx_word' id='word_1_87' title='bbox 609 761 851 797; x_wconf 88' lang='lat' dir='ltr'>accomodantes</span> <span class='ocrx_word' id='word_1_88' title='bbox 872 773 988 796; x_wconf 80' lang='lat' dir='ltr'>assen-</span> 
     </span>
     <span class='ocr_line' id='line_1_26' title="bbox 237 810 988 853; baseline -0.004 -6"><span class='ocrx_word' id='word_1_89' title='bbox 237 824 320 853; x_wconf 86' lang='lat' dir='ltr'>sum,</span> <span class='ocrx_word' id='word_1_90' title='bbox 342 812 430 847; x_wconf 81' lang='lat' dir='ltr'>Beati</span> <span class='ocrx_word' id='word_1_91' title='bbox 447 811 609 847; x_wconf 90' lang='lat' dir='ltr'>Saturnini</span> <span class='ocrx_word' id='word_1_92' title='bbox 633 810 810 846; x_wconf 89' lang='lat' dir='ltr'>venerabile</span> <span class='ocrx_word' id='word_1_93' title='bbox 834 818 988 845; x_wconf 88' lang='lat' dir='ltr'>monaste-</span> 
     </span>
     <span class='ocr_line' id='line_1_27' title="bbox 238 859 987 914; baseline -0.004 -18"><span class='ocrx_word' id='word_1_94' title='bbox 238 861 335 902; x_wconf 92' lang='lat' dir='ltr'>rium,</span> <span class='ocrx_word' id='word_1_95' title='bbox 370 861 419 895; x_wconf 91' lang='lat' dir='ltr'>cui</span> <span class='ocrx_word' id='word_1_96' title='bbox 456 869 583 895; x_wconf 88' lang='lat' dir='ltr'>auctore</span> <span class='ocrx_word' id='word_1_97' title='bbox 617 859 685 895; x_wconf 89' lang='lat' dir='ltr'>Deo</span> <span class='ocrx_word' id='word_1_98' title='bbox 718 859 894 914; x_wconf 75' lang='lat' dir='ltr'>praesirlcS,</span> <span class='ocrx_word' id='word_1_99' title='bbox 928 859 987 894; x_wconf 91' lang='lat' dir='ltr'>sub</span> 
     </span>
     <span class='ocr_line' id='line_1_28' title="bbox 238 909 988 958; baseline -0.005 -12"><span class='ocrx_word' id='word_1_100' title='bbox 238 909 442 958; x_wconf 79' lang='lat' dir='ltr'>Apostolicae</span> <span class='ocrx_word' id='word_1_101' title='bbox 467 909 561 944; x_wconf 81' lang='lat' dir='ltr'>Sedis</span> <span class='ocrx_word' id='word_1_102' title='bbox 595 910 688 944; x_wconf 92' lang='lat' dir='ltr'>tutela</span> <span class='ocrx_word' id='word_1_103' title='bbox 722 921 930 955; x_wconf 79' lang='lat' dir='ltr'>suscipimus,</span> <span class='ocrx_word' id='word_1_104' title='bbox 957 916 988 943; x_wconf 88' lang='lat' dir='ltr'>et</span> 
     </span>
     <span class='ocr_line' id='line_1_29' title="bbox 238 957 987 1006; baseline -0.004 -11"><span class='ocrx_word' id='word_1_105' title='bbox 238 960 268 995; x_wconf 92' lang='lat' dir='ltr'>in</span> <span class='ocrx_word' id='word_1_106' title='bbox 303 971 338 994; x_wconf 92' lang='lat' dir='ltr'>ea</span> <span class='ocrx_word' id='word_1_107' title='bbox 364 971 490 1006; x_wconf 83' lang='lat' dir='ltr'>semper</span> <span class='ocrx_word' id='word_1_108' title='bbox 515 959 659 994; x_wconf 89' lang='lat' dir='ltr'>libertate</span> <span class='ocrx_word' id='word_1_109' title='bbox 685 969 812 992; x_wconf 90' lang='lat' dir='ltr'>manere</span> <span class='ocrx_word' id='word_1_110' title='bbox 847 957 987 992; x_wconf 88' lang='lat' dir='ltr'>decerni-</span> 
     </span>
     <span class='ocr_line' id='line_1_30' title="bbox 237 1006 986 1055; baseline -0.004 -12"><span class='ocrx_word' id='word_1_111' title='bbox 237 1021 321 1049; x_wconf 83' lang='lat' dir='ltr'>mus,</span> <span class='ocrx_word' id='word_1_112' title='bbox 347 1020 441 1055; x_wconf 88' lang='lat' dir='ltr'>quam</span> <span class='ocrx_word' id='word_1_113' title='bbox 479 1008 622 1054; x_wconf 81' lang='lat' dir='ltr'>egregiae</span> <span class='ocrx_word' id='word_1_114' title='bbox 658 1007 828 1042; x_wconf 86' lang='lat' dir='ltr'>memoriae</span> <span class='ocrx_word' id='word_1_115' title='bbox 854 1006 986 1041; x_wconf 78' lang='lat' dir='ltr'>Carolus</span> 
     </span>
     <span class='ocr_line' id='line_1_31' title="bbox 237 1055 986 1106; baseline -0.001 -14"><span class='ocrx_word' id='word_1_116' title='bbox 237 1059 410 1106; x_wconf 88' lang='lat' dir='ltr'>imperator</span> <span class='ocrx_word' id='word_1_117' title='bbox 448 1057 599 1098; x_wconf 82' lang='lat' dir='ltr'>instituit,</span> <span class='ocrx_word' id='word_1_118' title='bbox 638 1065 669 1091; x_wconf 93' lang='lat' dir='ltr'>et</span> <span class='ocrx_word' id='word_1_119' title='bbox 706 1056 771 1090; x_wconf 90' lang='lat' dir='ltr'>Leo</span> <span class='ocrx_word' id='word_1_120' title='bbox 799 1055 986 1094; x_wconf 81' lang='lat' dir='ltr'>venerabilis</span> 
     </span>
     <span class='ocr_line' id='line_1_32' title="bbox 237 1105 986 1153; baseline -0.003 -12"><span class='ocrx_word' id='word_1_121' title='bbox 237 1106 371 1142; x_wconf 83' lang='lat' dir='ltr'>Sanctae</span> <span class='ocrx_word' id='word_1_122' title='bbox 398 1105 492 1141; x_wconf 90' lang='lat' dir='ltr'>Sedis</span> <span class='ocrx_word' id='word_1_123' title='bbox 526 1106 727 1153; x_wconf 76' lang='lat' dir='ltr'>Apostolicae</span> <span class='ocrx_word' id='word_1_124' title='bbox 759 1105 901 1140; x_wconf 75' lang='lat' dir='ltr'>Pontifex</span> <span class='ocrx_word' id='word_1_125' title='bbox 922 1105 986 1151; x_wconf 86' lang='lat' dir='ltr'>pri-</span> 
     </span>
     <span class='ocr_line' id='line_1_33' title="bbox 236 1154 986 1202; baseline -0.003 -12"><span class='ocrx_word' id='word_1_126' title='bbox 236 1156 340 1202; x_wconf 84' lang='lat' dir='ltr'>vilegii</span> <span class='ocrx_word' id='word_1_127' title='bbox 362 1156 525 1190; x_wconf 86' lang='lat' dir='ltr'>sanctione</span> <span class='ocrx_word' id='word_1_128' title='bbox 548 1155 698 1199; x_wconf 81' lang='lat' dir='ltr'>firmavit,</span> <span class='ocrx_word' id='word_1_129' title='bbox 721 1162 751 1189; x_wconf 89' lang='lat' dir='ltr'>et</span> <span class='ocrx_word' id='word_1_130' title='bbox 777 1154 986 1201; x_wconf 82' lang='lat' dir='ltr'>provinciales</span> 
     </span>
     <span class='ocr_line' id='line_1_34' title="bbox 238 1203 986 1253; baseline -0.001 -14"><span class='ocrx_word' id='word_1_131' title='bbox 238 1204 379 1253; x_wconf 86' lang='lat' dir='ltr'>episcopi</span> <span class='ocrx_word' id='word_1_132' title='bbox 402 1205 591 1252; x_wconf 89' lang='lat' dir='ltr'>scriptorum</span> <span class='ocrx_word' id='word_1_133' title='bbox 614 1216 743 1238; x_wconf 88' lang='lat' dir='ltr'>suornm</span> <span class='ocrx_word' id='word_1_134' title='bbox 759 1203 986 1238; x_wconf 85' lang='lat' dir='ltr'>assertionibus</span> 
     </span>
     <span class='ocr_line' id='line_1_35' title="bbox 237 1252 987 1294; baseline -0.005 -4"><span class='ocrx_word' id='word_1_135' title='bbox 237 1261 485 1294; x_wconf 83' lang='lat' dir='ltr'>consenserunt;</span> <span class='ocrx_word' id='word_1_136' title='bbox 514 1261 549 1287; x_wconf 93' lang='lat' dir='ltr'>ut</span> <span class='ocrx_word' id='word_1_137' title='bbox 571 1253 714 1287; x_wconf 88' lang='lat' dir='ltr'>videlicet</span> <span class='ocrx_word' id='word_1_138' title='bbox 736 1252 796 1287; x_wconf 87' lang='lat' dir='ltr'>suh</span> <span class='ocrx_word' id='word_1_139' title='bbox 824 1253 889 1287; x_wconf 86' lang='lat' dir='ltr'>iure</span> <span class='ocrx_word' id='word_1_140' title='bbox 908 1265 987 1287; x_wconf 89' lang='lat' dir='ltr'>sem-</span> 
     </span>
    </p>
   </div>
   <div class='ocr_carea' id='block_1_8' title="bbox 232 1301 986 1358">
    <p class='ocr_par' dir='ltr' id='par_1_9' title="bbox 232 1301 986 1358">
     <span class='ocr_line' id='line_1_36' title="bbox 232 1301 986 1358; baseline -0.003 -21"><span class='ocrx_word' id='word_1_141' title='bbox 232 1314 294 1358; x_wconf 84' lang='lat' dir='ltr'>·per</span> <span class='ocrx_word' id='word_1_142' title='bbox 312 1310 343 1337; x_wconf 91' lang='lat' dir='ltr'>et</span> <span class='ocrx_word' id='word_1_143' title='bbox 362 1302 552 1350; x_wconf 85' lang='lat' dir='ltr'>proprietate</span> <span class='ocrx_word' id='word_1_144' title='bbox 573 1302 668 1337; x_wconf 84' lang='lat' dir='ltr'>Sedis</span> <span class='ocrx_word' id='word_1_145' title='bbox 681 1302 882 1348; x_wconf 71' lang='lat' dir='ltr'>Apostolicae</span> <span class='ocrx_word' id='word_1_146' title='bbox 898 1301 986 1336; x_wconf 87' lang='lat' dir='ltr'>locus</span> 
     </span>
    </p>
   </div>
   <div class='ocr_carea' id='block_1_9' title="bbox 235 1342 986 2664">
    <p class='ocr_par' dir='ltr' id='par_1_10' title="bbox 235 1342 986 2664">
     <span class='ocr_line' id='line_1_37' title="bbox 238 1342 986 1400; baseline -0.003 -13"><span class='ocrx_word' id='word_1_147' title='bbox 238 1353 306 1400; x_wconf 88' lang='lat' dir='ltr'>ipse</span> <span class='ocrx_word' id='word_1_148' title='bbox 327 1359 480 1392; x_wconf 84' lang='lat' dir='ltr'>servetur,</span> <span class='ocrx_word' id='word_1_149' title='bbox 503 1342 637 1386; x_wconf 88' lang='lat' dir='ltr'>utnulla</span> <span class='ocrx_word' id='word_1_150' title='bbox 659 1363 754 1397; x_wconf 90' lang='lat' dir='ltr'>super</span> <span class='ocrx_word' id='word_1_151' title='bbox 777 1350 852 1384; x_wconf 84' lang='lat' dir='ltr'>illud</span> <span class='ocrx_word' id='word_1_152' title='bbox 869 1350 986 1385; x_wconf 87' lang='lat' dir='ltr'>laicalis</span> 
     </span>
     <span class='ocr_line' id='line_1_38' title="bbox 238 1399 985 1448; baseline -0.004 -12"><span class='ocrx_word' id='word_1_153' title='bbox 238 1412 373 1448; x_wconf 87' lang='lat' dir='ltr'>persona</span> <span class='ocrx_word' id='word_1_154' title='bbox 395 1400 591 1435; x_wconf 88' lang='lat' dir='ltr'>dominatum</span> <span class='ocrx_word' id='word_1_155' title='bbox 614 1408 773 1440; x_wconf 54' lang='lat' dir='ltr'>exerceam</span> <span class='ocrx_word' id='word_1_156' title='bbox 795 1399 849 1433; x_wconf 90' lang='lat' dir='ltr'>sed</span> <span class='ocrx_word' id='word_1_157' title='bbox 873 1399 985 1446; x_wconf 88' lang='lat' dir='ltr'>placita</span> 
     </span>
     <span class='ocr_line' id='line_1_39' title="bbox 239 1448 986 1485; baseline -0.003 -1"><span class='ocrx_word' id='word_1_158' title='bbox 239 1462 345 1485; x_wconf 86' lang='lat' dir='ltr'>omnia</span> <span class='ocrx_word' id='word_1_159' title='bbox 372 1449 436 1484; x_wconf 89' lang='lat' dir='ltr'>sive</span> <span class='ocrx_word' id='word_1_160' title='bbox 464 1449 578 1484; x_wconf 88' lang='lat' dir='ltr'>iudicia</span> <span class='ocrx_word' id='word_1_161' title='bbox 607 1456 638 1483; x_wconf 88' lang='lat' dir='ltr'>et</span> <span class='ocrx_word' id='word_1_162' title='bbox 671 1448 881 1483; x_wconf 84' lang='lat' dir='ltr'>districtiones</span> <span class='ocrx_word' id='word_1_163' title='bbox 914 1460 986 1483; x_wconf 86' lang='lat' dir='ltr'>om-</span> 
     </span>
     <span class='ocr_line' id='line_1_40' title="bbox 237 1497 985 1545; baseline -0.004 -11"><span class='ocrx_word' id='word_1_164' title='bbox 237 1499 327 1534; x_wconf 90' lang='lat' dir='ltr'>nium</span> <span class='ocrx_word' id='word_1_165' title='bbox 361 1498 463 1533; x_wconf 89' lang='lat' dir='ltr'>eidem</span> <span class='ocrx_word' id='word_1_166' title='bbox 485 1498 678 1533; x_wconf 86' lang='lat' dir='ltr'>monasterio</span> <span class='ocrx_word' id='word_1_167' title='bbox 699 1497 935 1545; x_wconf 89' lang='lat' dir='ltr'>pertinentium,</span> <span class='ocrx_word' id='word_1_168' title='bbox 954 1497 985 1531; x_wconf 90' lang='lat' dir='ltr'>in</span> 
     </span>
     <span class='ocr_line' id='line_1_41' title="bbox 237 1546 986 1594; baseline -0.004 -11"><span class='ocrx_word' id='word_1_169' title='bbox 237 1547 359 1583; x_wconf 86' lang='lat' dir='ltr'>abbatis</span> <span class='ocrx_word' id='word_1_170' title='bbox 385 1555 536 1594; x_wconf 88' lang='lat' dir='ltr'>potestate</span> <span class='ocrx_word' id='word_1_171' title='bbox 559 1548 742 1594; x_wconf 78' lang='lat' dir='ltr'>persistan13</span> <span class='ocrx_word' id='word_1_172' title='bbox 774 1559 833 1582; x_wconf 92' lang='lat' dir='ltr'>nec</span> <span class='ocrx_word' id='word_1_173' title='bbox 859 1546 986 1581; x_wconf 89' lang='lat' dir='ltr'>dioece-</span> 
     </span>
     <span class='ocr_line' id='line_1_42' title="bbox 238 1595 986 1651; baseline -0.004 -19"><span class='ocrx_word' id='word_1_174' title='bbox 238 1609 315 1632; x_wconf 91' lang='lat' dir='ltr'>sano</span> <span class='ocrx_word' id='word_1_175' title='bbox 333 1597 484 1644; x_wconf 85' lang='lat' dir='ltr'>episcopo</span> <span class='ocrx_word' id='word_1_176' title='bbox 514 1597 608 1631; x_wconf 89' lang='lat' dir='ltr'>liceat</span> <span class='ocrx_word' id='word_1_177' title='bbox 629 1596 766 1651; x_wconf 80' lang='lat' dir='ltr'>aliquam</span> <span class='ocrx_word' id='word_1_178' title='bbox 789 1595 892 1630; x_wconf 87' lang='lat' dir='ltr'>eidem</span> <span class='ocrx_word' id='word_1_179' title='bbox 916 1607 986 1630; x_wconf 88' lang='lat' dir='ltr'>mo-</span> 
     </span>
     <span class='ocr_line' id='line_1_43' title="bbox 238 1645 984 1687; baseline -0.001 -7"><span class='ocrx_word' id='word_1_180' title='bbox 238 1646 374 1681; x_wconf 85' lang='lat' dir='ltr'>nasterio</span> <span class='ocrx_word' id='word_1_181' title='bbox 392 1646 753 1680; x_wconf 81' lang='lat' dir='ltr'>excommunicationem</span> <span class='ocrx_word' id='word_1_182' title='bbox 778 1645 903 1687; x_wconf 80' lang='lat' dir='ltr'>infer-re,</span> <span class='ocrx_word' id='word_1_183' title='bbox 927 1657 984 1679; x_wconf 89' lang='lat' dir='ltr'>nec</span> 
     </span>
     <span class='ocr_line' id='line_1_44' title="bbox 237 1693 985 1741; baseline -0.003 -12"><span class='ocrx_word' id='word_1_184' title='bbox 237 1694 414 1729; x_wconf 88' lang='lat' dir='ltr'>molestiam</span> <span class='ocrx_word' id='word_1_185' title='bbox 444 1695 592 1740; x_wconf 83' lang='lat' dir='ltr'>irrogare,</span> <span class='ocrx_word' id='word_1_186' title='bbox 623 1694 678 1728; x_wconf 87' lang='lat' dir='ltr'>sed</span> <span class='ocrx_word' id='word_1_187' title='bbox 701 1705 918 1741; x_wconf 81' lang='lat' dir='ltr'>quaecumque</span> <span class='ocrx_word' id='word_1_188' title='bbox 953 1693 985 1728; x_wconf 91' lang='lat' dir='ltr'>in</span> 
     </span>
     <span class='ocr_line' id='line_1_45' title="bbox 238 1743 986 1791; baseline -0.003 -13"><span class='ocrx_word' id='word_1_189' title='bbox 238 1743 483 1791; x_wconf 84' lang='lat' dir='ltr'>praesentiarum</span> <span class='ocrx_word' id='word_1_190' title='bbox 515 1744 621 1790; x_wconf 85' lang='lat' dir='ltr'>quiete</span> <span class='ocrx_word' id='word_1_191' title='bbox 650 1743 680 1777; x_wconf 90' lang='lat' dir='ltr'>in</span> <span class='ocrx_word' id='word_1_192' title='bbox 703 1743 882 1778; x_wconf 87' lang='lat' dir='ltr'>authentica</span> <span class='ocrx_word' id='word_1_193' title='bbox 918 1754 986 1789; x_wconf 86' lang='lat' dir='ltr'>pos-</span> 
     </span>
     <span class='ocr_line' id='line_1_46' title="bbox 236 1792 984 1839; baseline -0.003 -12"><span class='ocrx_word' id='word_1_194' title='bbox 236 1792 377 1827; x_wconf 84' lang='lat' dir='ltr'>sessione</span> <span class='ocrx_word' id='word_1_195' title='bbox 400 1792 562 1839; x_wconf 88' lang='lat' dir='ltr'>possidere</span> <span class='ocrx_word' id='word_1_196' title='bbox 583 1792 794 1838; x_wconf 78' lang='lat' dir='ltr'>cognoscitur,</span> <span class='ocrx_word' id='word_1_197' title='bbox 819 1803 984 1837; x_wconf 89' lang='lat' dir='ltr'>quaecum-</span> 
     </span>
     <span class='ocr_line' id='line_1_47' title="bbox 235 1840 984 1888; baseline -0.003 -12"><span class='ocrx_word' id='word_1_198' title='bbox 235 1853 298 1888; x_wconf 85' lang='lat' dir='ltr'>que</span> <span class='ocrx_word' id='word_1_199' title='bbox 319 1841 349 1875; x_wconf 90' lang='lat' dir='ltr'>in</span> <span class='ocrx_word' id='word_1_200' title='bbox 376 1841 517 1876; x_wconf 84' lang='lat' dir='ltr'>futurum</span> <span class='ocrx_word' id='word_1_201' title='bbox 538 1841 746 1876; x_wconf 83' lang='lat' dir='ltr'>concessione</span> <span class='ocrx_word' id='word_1_202' title='bbox 772 1840 984 1884; x_wconf 84' lang='lat' dir='ltr'>Pontificum,</span> 
     </span>
     <span class='ocr_line' id='line_1_48' title="bbox 235 1889 985 1936; baseline -0.003 -12"><span class='ocrx_word' id='word_1_203' title='bbox 235 1890 420 1925; x_wconf 84' lang='lat' dir='ltr'>liberalitate</span> <span class='ocrx_word' id='word_1_204' title='bbox 456 1890 656 1936; x_wconf 87' lang='lat' dir='ltr'>principum,</span> <span class='ocrx_word' id='word_1_205' title='bbox 691 1890 737 1924; x_wconf 85' lang='lat' dir='ltr'>vel</span> <span class='ocrx_word' id='word_1_206' title='bbox 759 1889 917 1924; x_wconf 89' lang='lat' dir='ltr'>oblatione</span> <span class='ocrx_word' id='word_1_207' title='bbox 945 1889 985 1922; x_wconf 89' lang='lat' dir='ltr'>fi-</span> 
     </span>
     <span class='ocr_line' id='line_1_49' title="bbox 236 1938 986 1985; baseline -0.001 -12"><span class='ocrx_word' id='word_1_208' title='bbox 236 1938 369 1983; x_wconf 84' lang='lat' dir='ltr'>delium,</span> <span class='ocrx_word' id='word_1_209' title='bbox 391 1939 471 1973; x_wconf 82' lang='lat' dir='ltr'>iuste</span> <span class='ocrx_word' id='word_1_210' title='bbox 493 1947 587 1985; x_wconf 83' lang='lat' dir='ltr'>atque</span> <span class='ocrx_word' id='word_1_211' title='bbox 606 1938 757 1973; x_wconf 85' lang='lat' dir='ltr'>canonice</span> <span class='ocrx_word' id='word_1_212' title='bbox 783 1939 895 1984; x_wconf 88' lang='lat' dir='ltr'>poterit</span> <span class='ocrx_word' id='word_1_213' title='bbox 916 1938 986 1973; x_wconf 86' lang='lat' dir='ltr'>adi-</span> 
     </span>
     <span class='ocr_line' id='line_1_50' title="bbox 235 1987 984 2034; baseline 0 -13"><span class='ocrx_word' id='word_1_214' title='bbox 235 1987 332 2034; x_wconf 82' lang='lat' dir='ltr'>pisci,</span> <span class='ocrx_word' id='word_1_215' title='bbox 359 1988 447 2022; x_wconf 87' lang='lat' dir='ltr'>firma</span> <span class='ocrx_word' id='word_1_216' title='bbox 470 1987 523 2021; x_wconf 88' lang='lat' dir='ltr'>tibi</span> <span class='ocrx_word' id='word_1_217' title='bbox 545 1988 671 2034; x_wconf 89' lang='lat' dir='ltr'>tuisque</span> <span class='ocrx_word' id='word_1_218' title='bbox 685 1987 932 2028; x_wconf 87' lang='lat' dir='ltr'>successoribus,</span> <span class='ocrx_word' id='word_1_219' title='bbox 955 1995 984 2022; x_wconf 88' lang='lat' dir='ltr'>et</span> 
     </span>
     <span class='ocr_line' id='line_1_51' title="bbox 235 2036 984 2083; baseline -0.003 -12"><span class='ocrx_word' id='word_1_220' title='bbox 235 2036 352 2071; x_wconf 82' lang='lat' dir='ltr'>illibata</span> <span class='ocrx_word' id='word_1_221' title='bbox 377 2044 596 2083; x_wconf 85' lang='lat' dir='ltr'>permaneant;</span> <span class='ocrx_word' id='word_1_222' title='bbox 624 2049 659 2070; x_wconf 89' lang='lat' dir='ltr'>ea</span> <span class='ocrx_word' id='word_1_223' title='bbox 683 2036 879 2083; x_wconf 85' lang='lat' dir='ltr'>praesertim,</span> <span class='ocrx_word' id='word_1_224' title='bbox 904 2048 984 2082; x_wconf 86' lang='lat' dir='ltr'>quae</span> 
     </span>
     <span class='ocr_line' id='line_1_52' title="bbox 236 2084 984 2130; baseline -0.001 -12"><span class='ocrx_word' id='word_1_225' title='bbox 236 2084 426 2120; x_wconf 83' lang='lat' dir='ltr'>venerabilis</span> <span class='ocrx_word' id='word_1_226' title='bbox 447 2097 616 2120; x_wconf 82' lang='lat' dir='ltr'>memoriae</span> <span class='ocrx_word' id='word_1_227' title='bbox 637 2084 842 2119; x_wconf 90' lang='lat' dir='ltr'>Erimbaldus</span> <span class='ocrx_word' id='word_1_228' title='bbox 865 2084 984 2130; x_wconf 75' lang='lat' dir='ltr'>Urgel-</span> 
     </span>
     <span class='ocr_line' id='line_1_53' title="bbox 237 2133 984 2187; baseline -0.001 -19"><span class='ocrx_word' id='word_1_229' title='bbox 237 2133 346 2174; x_wconf 81' lang='lat' dir='ltr'>lensis,</span> <span class='ocrx_word' id='word_1_230' title='bbox 367 2141 397 2167; x_wconf 91' lang='lat' dir='ltr'>et</span> <span class='ocrx_word' id='word_1_231' title='bbox 414 2133 567 2167; x_wconf 77' lang='lat' dir='ltr'>Arnulfiis</span> <span class='ocrx_word' id='word_1_232' title='bbox 579 2133 822 2180; x_wconf 78' lang='lat' dir='ltr'>Ripacorcensis</span> <span class='ocrx_word' id='word_1_233' title='bbox 839 2133 984 2187; x_wconf 87' lang='lat' dir='ltr'>episcopi</span> 
     </span>
     <span class='ocr_line' id='line_1_54' title="bbox 237 2181 985 2217; baseline -0.003 0"><span class='ocrx_word' id='word_1_234' title='bbox 237 2182 267 2217; x_wconf 92' lang='lat' dir='ltr'>in</span> <span class='ocrx_word' id='word_1_235' title='bbox 292 2181 491 2217; x_wconf 79' lang='lat' dir='ltr'>dedicatione</span> <span class='ocrx_word' id='word_1_236' title='bbox 511 2181 652 2216; x_wconf 89' lang='lat' dir='ltr'>eiusdem</span> <span class='ocrx_word' id='word_1_237' title='bbox 679 2181 857 2216; x_wconf 88' lang='lat' dir='ltr'>monasterii</span> <span class='ocrx_word' id='word_1_238' title='bbox 886 2181 985 2215; x_wconf 89' lang='lat' dir='ltr'>tradi-</span> 
     </span>
     <span class='ocr_line' id='line_1_55' title="bbox 236 2229 983 2276; baseline 0.001 -13"><span class='ocrx_word' id='word_1_239' title='bbox 236 2230 321 2265; x_wconf 86' lang='lat' dir='ltr'>rlisse</span> <span class='ocrx_word' id='word_1_240' title='bbox 341 2238 373 2265; x_wconf 90' lang='lat' dir='ltr'>et</span> <span class='ocrx_word' id='word_1_241' title='bbox 393 2231 590 2265; x_wconf 87' lang='lat' dir='ltr'>concessisse</span> <span class='ocrx_word' id='word_1_242' title='bbox 610 2229 778 2276; x_wconf 90' lang='lat' dir='ltr'>leguntur</span> <span class='ocrx_word' id='word_1_243' title='bbox 772 2242 802 2263; x_wconf 93' lang='lat' dir='ltr'>in</span> <span class='ocrx_word' id='word_1_244' title='bbox 817 2229 983 2267; x_wconf 83' lang='lat' dir='ltr'>Ecclesiis</span> 
     </span>
     <span class='ocr_line' id='line_1_56' title="bbox 238 2258 985 2325; baseline -0.004 -11"><span class='ocrx_word' id='word_1_245' title='bbox 238 2279 452 2314; x_wconf 81' lang='lat' dir='ltr'>Ecclesiarum</span> <span class='ocrx_word' id='word_1_246' title='bbox 487 2258 660 2318; x_wconf 65' lang='lat' dir='ltr'>decimis,D</span> <span class='ocrx_word' id='word_1_247' title='bbox 673 2278 819 2325; x_wconf 86' lang='lat' dir='ltr'>primitiis</span> <span class='ocrx_word' id='word_1_248' title='bbox 845 2285 875 2311; x_wconf 89' lang='lat' dir='ltr'>et</span> <span class='ocrx_word' id='word_1_249' title='bbox 896 2279 985 2312; x_wconf 84' lang='lat' dir='ltr'>obla-</span> 
     </span>
     <span class='ocr_line' id='line_1_57' title="bbox 237 2326 983 2373; baseline -0.004 -11"><span class='ocrx_word' id='word_1_250' title='bbox 237 2327 388 2368; x_wconf 79' lang='lat' dir='ltr'>tionibus,</span> <span class='ocrx_word' id='word_1_251' title='bbox 409 2327 475 2362; x_wconf 87' lang='lat' dir='ltr'>sive</span> <span class='ocrx_word' id='word_1_252' title='bbox 492 2327 655 2361; x_wconf 86' lang='lat' dir='ltr'>cimiteriis</span> <span class='ocrx_word' id='word_1_253' title='bbox 677 2338 732 2373; x_wconf 90' lang='lat' dir='ltr'>per</span> <span class='ocrx_word' id='word_1_254' title='bbox 752 2326 983 2372; x_wconf 82' lang='lat' dir='ltr'>Urgellensem‚</span> 
     </span>
     <span class='ocr_line' id='line_1_58' title="bbox 235 2375 985 2429; baseline -0.003 -19"><span class='ocrx_word' id='word_1_255' title='bbox 235 2377 301 2411; x_wconf 83' lang='lat' dir='ltr'>sive</span> <span class='ocrx_word' id='word_1_256' title='bbox 321 2376 588 2423; x_wconf 85' lang='lat' dir='ltr'>Ripaeorcensem</span> <span class='ocrx_word' id='word_1_257' title='bbox 610 2375 807 2429; x_wconf 80' lang='lat' dir='ltr'>parochiani,</span> <span class='ocrx_word' id='word_1_258' title='bbox 832 2387 886 2421; x_wconf 85' lang='lat' dir='ltr'>per</span> <span class='ocrx_word' id='word_1_259' title='bbox 907 2375 985 2409; x_wconf 87' lang='lat' dir='ltr'>Cer-</span> 
     </span>
     <span class='ocr_line' id='line_1_59' title="bbox 237 2423 985 2470; baseline -0.004 -11"><span class='ocrx_word' id='word_1_260' title='bbox 237 2424 373 2465; x_wconf 74' lang='lat' dir='ltr'>‹laniam,</span> <span class='ocrx_word' id='word_1_261' title='bbox 395 2423 612 2470; x_wconf 83' lang='lat' dir='ltr'>Bergitanum,</span> <span class='ocrx_word' id='word_1_262' title='bbox 635 2424 700 2458; x_wconf 91' lang='lat' dir='ltr'>sive</span> <span class='ocrx_word' id='word_1_263' title='bbox 723 2423 985 2457; x_wconf 78' lang='lat' dir='ltr'>Paliarurn1ec-</span> 
     </span>
     <span class='ocr_line' id='line_1_60' title="bbox 237 2471 985 2519; baseline -0.004 -11"><span class='ocrx_word' id='word_1_264' title='bbox 237 2473 364 2508; x_wconf 86' lang='lat' dir='ltr'>clesiam</span> <span class='ocrx_word' id='word_1_265' title='bbox 387 2484 514 2519; x_wconf 88' lang='lat' dir='ltr'>quoqne</span> <span class='ocrx_word' id='word_1_266' title='bbox 540 2472 647 2506; x_wconf 87' lang='lat' dir='ltr'>Sancti</span> <span class='ocrx_word' id='word_1_267' title='bbox 665 2471 748 2506; x_wconf 90' lang='lat' dir='ltr'>Petri</span> <span class='ocrx_word' id='word_1_268' title='bbox 771 2471 810 2505; x_wconf 93' lang='lat' dir='ltr'>de</span> <span class='ocrx_word' id='word_1_269' title='bbox 826 2471 985 2510; x_wconf 87' lang='lat' dir='ltr'>Villanita</span> 
     </span>
     <span class='ocr_line' id='line_1_61' title="bbox 237 2520 985 2568; baseline -0.005 -11"><span class='ocrx_word' id='word_1_270' title='bbox 237 2522 322 2568; x_wconf 82' lang='lat' dir='ltr'>apud</span> <span class='ocrx_word' id='word_1_271' title='bbox 344 2533 437 2568; x_wconf 89' lang='lat' dir='ltr'>quam</span> <span class='ocrx_word' id='word_1_272' title='bbox 457 2529 572 2556; x_wconf 89' lang='lat' dir='ltr'>statum</span> <span class='ocrx_word' id='word_1_273' title='bbox 588 2520 774 2566; x_wconf 84' lang='lat' dir='ltr'>disciplinae</span> <span class='ocrx_word' id='word_1_274' title='bbox 795 2520 985 2554; x_wconf 87' lang='lat' dir='ltr'>monasticae</span> 
     </span>
     <span class='ocr_line' id='line_1_62' title="bbox 238 2568 984 2614; baseline -0.005 -9"><span class='ocrx_word' id='word_1_275' title='bbox 238 2570 439 2609; x_wconf 78' lang='lat' dir='ltr'>reformastis,</span> <span class='ocrx_word' id='word_1_276' title='bbox 474 2581 546 2604; x_wconf 90' lang='lat' dir='ltr'>cum</span> <span class='ocrx_word' id='word_1_277' title='bbox 582 2568 710 2603; x_wconf 85' lang='lat' dir='ltr'>castello</span> <span class='ocrx_word' id='word_1_278' title='bbox 742 2580 800 2602; x_wconf 87' lang='lat' dir='ltr'>suo</span> <span class='ocrx_word' id='word_1_279' title='bbox 832 2568 984 2614; x_wconf 72' lang='lat' dir='ltr'>(laragio,</span> 
     </span>
     <span class='ocr_line' id='line_1_63' title="bbox 239 2616 986 2664; baseline -0.003 -11"><span class='ocrx_word' id='word_1_280' title='bbox 239 2626 271 2653; x_wconf 82' lang='lat' dir='ltr'>et</span> <span class='ocrx_word' id='word_1_281' title='bbox 295 2618 405 2653; x_wconf 84' lang='lat' dir='ltr'>Rocha</span> <span class='ocrx_word' id='word_1_282' title='bbox 429 2629 510 2664; x_wconf 91' lang='lat' dir='ltr'>quae</span> <span class='ocrx_word' id='word_1_283' title='bbox 532 2617 649 2652; x_wconf 86' lang='lat' dir='ltr'>dicitur</span> <span class='ocrx_word' id='word_1_284' title='bbox 662 2616 770 2652; x_wconf 88' lang='lat' dir='ltr'>Sancti</span> <span class='ocrx_word' id='word_1_285' title='bbox 783 2616 933 2662; x_wconf 74' lang='lat' dir='ltr'>Romani,</span> <span class='ocrx_word' id='word_1_286' title='bbox 956 2626 986 2651; x_wconf 88' lang='lat' dir='ltr'>et</span> 
     </span>
    </p>
   </div>
   <div class='ocr_carea' id='block_1_10' title="bbox 1660 261 1727 295">
    <p class='ocr_par' dir='ltr' id='par_1_11' title="bbox 1660 261 1727 295">
     <span class='ocr_line' id='line_1_64' title="bbox 1660 261 1727 295; baseline 0 -1"><span class='ocrx_word' id='word_1_287' title='bbox 1660 261 1727 295; x_wconf 82' lang='lat' dir='ltr'>t97</span> 
     </span>
    </p>
   </div>
   <div class='ocr_carea' id='block_1_11' title="bbox 1023 324 1780 2662">
    <p class='ocr_par' dir='ltr' id='par_1_12' title="bbox 1023 324 1780 2662">
     <span class='ocr_line' id='line_1_65' title="bbox 1032 324 1780 373; baseline 0.001 -14"><span class='ocrx_word' id='word_1_288' title='bbox 1032 325 1165 360; x_wconf 84' lang='lat' dir='ltr'>caeter-is</span> <span class='ocrx_word' id='word_1_289' title='bbox 1204 324 1240 359; x_wconf 90' lang='lat' dir='ltr'>ad</span> <span class='ocrx_word' id='word_1_290' title='bbox 1276 337 1344 360; x_wconf 92' lang='lat' dir='ltr'>eam</span> <span class='ocrx_word' id='word_1_291' title='bbox 1381 324 1629 373; x_wconf 88' lang='lat' dir='ltr'>pertinentibus,</span> <span class='ocrx_word' id='word_1_292' title='bbox 1661 333 1780 361; x_wconf 88' lang='lat' dir='ltr'>vestro.</span> 
     </span>
     <span class='ocr_line' id='line_1_66' title="bbox 1032 374 1778 423; baseline 0.003 -16"><span class='ocrx_word' id='word_1_293' title='bbox 1032 374 1112 408; x_wconf 89' lang='lat' dir='ltr'>sicut</span> <span class='ocrx_word' id='word_1_294' title='bbox 1135 374 1228 409; x_wconf 82' lang='lat' dir='ltr'>hodie</span> <span class='ocrx_word' id='word_1_295' title='bbox 1254 382 1312 417; x_wconf 85' lang='lat' dir='ltr'>est,</span> <span class='ocrx_word' id='word_1_296' title='bbox 1335 375 1525 409; x_wconf 88' lang='lat' dir='ltr'>monasterio</span> <span class='ocrx_word' id='word_1_297' title='bbox 1540 387 1569 409; x_wconf 87' lang='lat' dir='ltr'>iri</span> <span class='ocrx_word' id='word_1_298' title='bbox 1590 383 1778 423; x_wconf 84' lang='lat' dir='ltr'>perpetuum</span> 
     </span>
     <span class='ocr_line' id='line_1_67' title="bbox 1031 422 1780 459; baseline 0.004 -3"><span class='ocrx_word' id='word_1_299' title='bbox 1031 422 1207 457; x_wconf 88' lang='lat' dir='ltr'>subiectum</span> <span class='ocrx_word' id='word_1_300' title='bbox 1246 435 1314 458; x_wconf 84' lang='lat' dir='ltr'>esse</span> <span class='ocrx_word' id='word_1_301' title='bbox 1351 424 1566 459; x_wconf 85' lang='lat' dir='ltr'>concedimus.</span> <span class='ocrx_word' id='word_1_302' title='bbox 1614 423 1661 458; x_wconf 81' lang='lat' dir='ltr'>Ad</span> <span class='ocrx_word' id='word_1_303' title='bbox 1705 424 1780 459; x_wconf 90' lang='lat' dir='ltr'>hacc</span> 
     </span>
     <span class='ocr_line' id='line_1_68' title="bbox 1031 471 1780 513; baseline 0.004 -8"><span class='ocrx_word' id='word_1_304' title='bbox 1031 471 1216 506; x_wconf 86' lang='lat' dir='ltr'>adiicientes</span> <span class='ocrx_word' id='word_1_305' title='bbox 1249 472 1467 513; x_wconf 84' lang='lat' dir='ltr'>decernimus,</span> <span class='ocrx_word' id='word_1_306' title='bbox 1492 482 1525 507; x_wconf 90' lang='lat' dir='ltr'>ut</span> <span class='ocrx_word' id='word_1_307' title='bbox 1552 473 1627 507; x_wconf 92' lang='lat' dir='ltr'>nulli</span> <span class='ocrx_word' id='word_1_308' title='bbox 1650 473 1780 508; x_wconf 89' lang='lat' dir='ltr'>omnino</span> 
     </span>
     <span class='ocr_line' id='line_1_69' title="bbox 1031 500 1780 567; baseline 0.004 -13"><span class='ocrx_word' id='word_1_309' title='bbox 1031 520 1194 555; x_wconf 89' lang='lat' dir='ltr'>hominum</span> <span class='ocrx_word' id='word_1_310' title='bbox 1214 521 1303 555; x_wconf 87' lang='lat' dir='ltr'>liceat</span> <span class='ocrx_word' id='word_1_311' title='bbox 1323 500 1591 567; x_wconf 73' lang='lat' dir='ltr'>praenominatum</span> <span class='ocrx_word' id='word_1_312' title='bbox 1615 521 1700 556; x_wconf 87' lang='lat' dir='ltr'>Beati</span> <span class='ocrx_word' id='word_1_313' title='bbox 1720 522 1780 557; x_wconf 91' lang='lat' dir='ltr'>Sa-</span> 
     </span>
     <span class='ocr_line' id='line_1_70' title="bbox 1030 570 1777 618; baseline 0.003 -15"><span class='ocrx_word' id='word_1_314' title='bbox 1030 570 1146 603; x_wconf 91' lang='lat' dir='ltr'>turnini</span> <span class='ocrx_word' id='word_1_315' title='bbox 1177 570 1400 604; x_wconf 86' lang='lat' dir='ltr'>monasterium</span> <span class='ocrx_word' id='word_1_316' title='bbox 1429 579 1544 605; x_wconf 84' lang='lat' dir='ltr'>temere</span> <span class='ocrx_word' id='word_1_317' title='bbox 1572 570 1777 618; x_wconf 87' lang='lat' dir='ltr'>perturbare,</span> 
     </span>
     <span class='ocr_line' id='line_1_71' title="bbox 1029 619 1775 665; baseline 0.004 -13"><span class='ocrx_word' id='word_1_318' title='bbox 1029 626 1082 652; x_wconf 91' lang='lat' dir='ltr'>aut</span> <span class='ocrx_word' id='word_1_319' title='bbox 1102 619 1170 652; x_wconf 88' lang='lat' dir='ltr'>eius</span> <span class='ocrx_word' id='word_1_320' title='bbox 1194 619 1410 665; x_wconf 81' lang='lat' dir='ltr'>possessiones</span> <span class='ocrx_word' id='word_1_321' title='bbox 1431 619 1564 660; x_wconf 87' lang='lat' dir='ltr'>auferre,</span> <span class='ocrx_word' id='word_1_322' title='bbox 1588 620 1633 654; x_wconf 88' lang='lat' dir='ltr'>vel</span> <span class='ocrx_word' id='word_1_323' title='bbox 1655 620 1775 655; x_wconf 87' lang='lat' dir='ltr'>ablatas</span> 
     </span>
     <span class='ocr_line' id='line_1_72' title="bbox 1029 667 1779 707; baseline 0.003 -6"><span class='ocrx_word' id='word_1_324' title='bbox 1029 667 1175 707; x_wconf 82' lang='lat' dir='ltr'>retinere,</span> <span class='ocrx_word' id='word_1_325' title='bbox 1199 668 1351 707; x_wconf 76' lang='lat' dir='ltr'>minuere,</span> <span class='ocrx_word' id='word_1_326' title='bbox 1379 668 1425 702; x_wconf 92' lang='lat' dir='ltr'>vel</span> <span class='ocrx_word' id='word_1_327' title='bbox 1449 669 1620 703; x_wconf 85' lang='lat' dir='ltr'>temerariis</span> <span class='ocrx_word' id='word_1_328' title='bbox 1644 670 1779 704; x_wconf 79' lang='lat' dir='ltr'>vexatio-</span> 
     </span>
     <span class='ocr_line' id='line_1_73' title="bbox 1029 716 1774 763; baseline 0.004 -13"><span class='ocrx_word' id='word_1_329' title='bbox 1029 716 1123 751; x_wconf 88' lang='lat' dir='ltr'>nibus</span> <span class='ocrx_word' id='word_1_330' title='bbox 1145 716 1290 763; x_wconf 87' lang='lat' dir='ltr'>fatigare·,</span> <span class='ocrx_word' id='word_1_331' title='bbox 1312 716 1367 751; x_wconf 88' lang='lat' dir='ltr'>sed</span> <span class='ocrx_word' id='word_1_332' title='bbox 1382 718 1487 751; x_wconf 86' lang='lat' dir='ltr'>omnia</span> <span class='ocrx_word' id='word_1_333' title='bbox 1502 717 1619 763; x_wconf 84' lang='lat' dir='ltr'>integra</span> <span class='ocrx_word' id='word_1_334' title='bbox 1642 730 1774 753; x_wconf 84' lang='lat' dir='ltr'>conser-</span> 
     </span>
     <span class='ocr_line' id='line_1_74' title="bbox 1028 767 1775 813; baseline 0.004 -14"><span class='ocrx_word' id='word_1_335' title='bbox 1028 774 1141 800; x_wconf 90' lang='lat' dir='ltr'>ventur·</span> <span class='ocrx_word' id='word_1_336' title='bbox 1162 778 1284 806; x_wconf 87' lang='lat' dir='ltr'>eorum,</span> <span class='ocrx_word' id='word_1_337' title='bbox 1308 778 1363 813; x_wconf 90' lang='lat' dir='ltr'>pro</span> <span class='ocrx_word' id='word_1_338' title='bbox 1377 778 1511 813; x_wconf 88' lang='lat' dir='ltr'>quorum</span> <span class='ocrx_word' id='word_1_339' title='bbox 1526 767 1775 802; x_wconf 88' lang='lat' dir='ltr'>substentatione</span> 
     </span>
     <span class='ocr_line' id='line_1_75' title="bbox 1027 815 1778 861; baseline 0.003 -12"><span class='ocrx_word' id='word_1_340' title='bbox 1027 822 1058 851; x_wconf 90' lang='lat' dir='ltr'>et</span> <span class='ocrx_word' id='word_1_341' title='bbox 1091 815 1316 861; x_wconf 80' lang='lat' dir='ltr'>gubernatione</span> <span class='ocrx_word' id='word_1_342' title='bbox 1350 827 1499 850; x_wconf 84' lang='lat' dir='ltr'>concessa</span> <span class='ocrx_word' id='word_1_343' title='bbox 1532 823 1628 856; x_wconf 90' lang='lat' dir='ltr'>sunt,</span> <span class='ocrx_word' id='word_1_344' title='bbox 1669 816 1778 851; x_wconf 86' lang='lat' dir='ltr'>usibus</span> 
     </span>
     <span class='ocr_line' id='line_1_76' title="bbox 1027 863 1774 911; baseline 0.001 -13"><span class='ocrx_word' id='word_1_345' title='bbox 1027 864 1220 899; x_wconf 88' lang='lat' dir='ltr'>omnimodis</span> <span class='ocrx_word' id='word_1_346' title='bbox 1244 863 1415 911; x_wconf 86' lang='lat' dir='ltr'>profutura.</span> <span class='ocrx_word' id='word_1_347' title='bbox 1443 863 1590 899; x_wconf 88' lang='lat' dir='ltr'>Obeurite</span> <span class='ocrx_word' id='word_1_348' title='bbox 1622 871 1651 899; x_wconf 92' lang='lat' dir='ltr'>te</span> <span class='ocrx_word' id='word_1_349' title='bbox 1678 865 1774 899; x_wconf 88' lang='lat' dir='ltr'>nihil-</span> 
     </span>
     <span class='ocr_line' id='line_1_77' title="bbox 1027 913 1774 954; baseline 0.003 -7"><span class='ocrx_word' id='word_1_350' title='bbox 1027 913 1152 948; x_wconf 89' lang='lat' dir='ltr'>ominus</span> <span class='ocrx_word' id='word_1_351' title='bbox 1179 913 1320 948; x_wconf 88' lang='lat' dir='ltr'>eiusdem</span> <span class='ocrx_word' id='word_1_352' title='bbox 1342 913 1400 948; x_wconf 87' lang='lat' dir='ltr'>loci</span> <span class='ocrx_word' id='word_1_353' title='bbox 1423 913 1550 954; x_wconf 86' lang='lat' dir='ltr'>abbate,</span> <span class='ocrx_word' id='word_1_354' title='bbox 1581 913 1627 948; x_wconf 86' lang='lat' dir='ltr'>vel</span> <span class='ocrx_word' id='word_1_355' title='bbox 1649 922 1774 949; x_wconf 91' lang='lat' dir='ltr'>tuorum</span> 
     </span>
     <span class='ocr_line' id='line_1_78' title="bbox 1026 962 1774 1010; baseline 0.003 -14"><span class='ocrx_word' id='word_1_356' title='bbox 1026 962 1167 1009; x_wconf 89' lang='lat' dir='ltr'>quolibet</span> <span class='ocrx_word' id='word_1_357' title='bbox 1188 974 1419 1006; x_wconf 80' lang='lat' dir='ltr'>successorum,</span> <span class='ocrx_word' id='word_1_358' title='bbox 1441 962 1548 997; x_wconf 90' lang='lat' dir='ltr'>nullus</span> <span class='ocrx_word' id='word_1_359' title='bbox 1571 962 1610 997; x_wconf 81' lang='lat' dir='ltr'>ibt</span> <span class='ocrx_word' id='word_1_360' title='bbox 1633 963 1774 1010; x_wconf 90' lang='lat' dir='ltr'>qualibet</span> 
     </span>
     <span class='ocr_line' id='line_1_79' title="bbox 1027 1011 1773 1058; baseline 0.003 -13"><span class='ocrx_word' id='word_1_361' title='bbox 1027 1011 1239 1058; x_wconf 88' lang='lat' dir='ltr'>subreptionis</span> <span class='ocrx_word' id='word_1_362' title='bbox 1270 1012 1382 1046; x_wconf 88' lang='lat' dir='ltr'>astutia</span> <span class='ocrx_word' id='word_1_363' title='bbox 1409 1024 1464 1046; x_wconf 90' lang='lat' dir='ltr'>seu</span> <span class='ocrx_word' id='word_1_364' title='bbox 1498 1012 1644 1047; x_wconf 89' lang='lat' dir='ltr'>violentia</span> <span class='ocrx_word' id='word_1_365' title='bbox 1675 1024 1773 1058; x_wconf 88' lang='lat' dir='ltr'>prae-</span> 
     </span>
     <span class='ocr_line' id='line_1_80' title="bbox 1028 1060 1776 1108; baseline 0.001 -13"><span class='ocrx_word' id='word_1_366' title='bbox 1028 1068 1171 1107; x_wconf 83' lang='lat' dir='ltr'>ponatur,</span> <span class='ocrx_word' id='word_1_367' title='bbox 1193 1061 1252 1095; x_wconf 89' lang='lat' dir='ltr'>nisi</span> <span class='ocrx_word' id='word_1_368' title='bbox 1275 1073 1369 1108; x_wconf 86' lang='lat' dir='ltr'>quern</span> <span class='ocrx_word' id='word_1_369' title='bbox 1392 1060 1501 1095; x_wconf 87' lang='lat' dir='ltr'>fratres</span> <span class='ocrx_word' id='word_1_370' title='bbox 1522 1062 1681 1095; x_wconf 89' lang='lat' dir='ltr'>communi</span> <span class='ocrx_word' id='word_1_371' title='bbox 1697 1073 1776 1096; x_wconf 91' lang='lat' dir='ltr'>con-</span> 
     </span>
     <span class='ocr_line' id='line_1_81' title="bbox 1026 1110 1772 1157; baseline 0.001 -13"><span class='ocrx_word' id='word_1_372' title='bbox 1026 1122 1133 1150; x_wconf 88' lang='lat' dir='ltr'>sensu,</span> <span class='ocrx_word' id='word_1_373' title='bbox 1157 1110 1202 1144; x_wconf 89' lang='lat' dir='ltr'>vel</span> <span class='ocrx_word' id='word_1_374' title='bbox 1227 1110 1356 1144; x_wconf 86' lang='lat' dir='ltr'>fratrum</span> <span class='ocrx_word' id='word_1_375' title='bbox 1384 1122 1456 1157; x_wconf 89' lang='lat' dir='ltr'>pars</span> <span class='ocrx_word' id='word_1_376' title='bbox 1482 1110 1603 1145; x_wconf 89' lang='lat' dir='ltr'>consilii</span> <span class='ocrx_word' id='word_1_377' title='bbox 1626 1110 1772 1155; x_wconf 86' lang='lat' dir='ltr'>sanioris,</span> 
     </span>
     <span class='ocr_line' id='line_1_82' title="bbox 1026 1159 1774 1199; baseline 0.003 -6"><span class='ocrx_word' id='word_1_378' title='bbox 1026 1159 1203 1193; x_wconf 87' lang='lat' dir='ltr'>secundum</span> <span class='ocrx_word' id='word_1_379' title='bbox 1226 1159 1282 1193; x_wconf 85' lang='lat' dir='ltr'>Dei</span> <span class='ocrx_word' id='word_1_380' title='bbox 1309 1159 1473 1199; x_wconf 87' lang='lat' dir='ltr'>timorem,</span> <span class='ocrx_word' id='word_1_381' title='bbox 1506 1167 1537 1194; x_wconf 93' lang='lat' dir='ltr'>et</span> <span class='ocrx_word' id='word_1_382' title='bbox 1558 1159 1639 1194; x_wconf 88' lang='lat' dir='ltr'>beati</span> <span class='ocrx_word' id='word_1_383' title='bbox 1663 1159 1774 1194; x_wconf 89' lang='lat' dir='ltr'>Bene-</span> 
     </span>
     <span class='ocr_line' id='line_1_83' title="bbox 1026 1207 1773 1254; baseline 0.001 -12"><span class='ocrx_word' id='word_1_384' title='bbox 1026 1207 1101 1243; x_wconf 85' lang='lat' dir='ltr'>dicti</span> <span class='ocrx_word' id='word_1_385' title='bbox 1144 1208 1281 1254; x_wconf 85' lang='lat' dir='ltr'>regulam</span> <span class='ocrx_word' id='word_1_386' title='bbox 1320 1208 1484 1254; x_wconf 82' lang='lat' dir='ltr'>elegerint.</span> <span class='ocrx_word' id='word_1_387' title='bbox 1529 1208 1578 1242; x_wconf 78' lang='lat' dir='ltr'>Arl</span> <span class='ocrx_word' id='word_1_388' title='bbox 1623 1208 1773 1243; x_wconf 90' lang='lat' dir='ltr'>indicium</span> 
     </span>
     <span class='ocr_line' id='line_1_84' title="bbox 1026 1256 1775 1304; baseline 0.001 -14"><span class='ocrx_word' id='word_1_389' title='bbox 1026 1265 1130 1291; x_wconf 90' lang='lat' dir='ltr'>autem</span> <span class='ocrx_word' id='word_1_390' title='bbox 1165 1265 1330 1304; x_wconf 86' lang='lat' dir='ltr'>perceptae</span> <span class='ocrx_word' id='word_1_391' title='bbox 1352 1269 1368 1292; x_wconf 91' lang='lat' dir='ltr'>a</span> <span class='ocrx_word' id='word_1_392' title='bbox 1396 1256 1536 1292; x_wconf 84' lang='lat' dir='ltr'>Romana</span> <span class='ocrx_word' id='word_1_393' title='bbox 1560 1257 1701 1292; x_wconf 87' lang='lat' dir='ltr'>Ecclesia</span> <span class='ocrx_word' id='word_1_394' title='bbox 1730 1258 1775 1291; x_wconf 93' lang='lat' dir='ltr'>li-</span> 
     </span>
     <span class='ocr_line' id='line_1_85' title="bbox 1027 1306 1772 1352; baseline 0.003 -13"><span class='ocrx_word' id='word_1_395' title='bbox 1027 1306 1166 1350; x_wconf 78' lang='lat' dir='ltr'>bert-itis,</span> <span class='ocrx_word' id='word_1_396' title='bbox 1188 1306 1357 1352; x_wconf 86' lang='lat' dir='ltr'>quotannis</span> <span class='ocrx_word' id='word_1_397' title='bbox 1386 1318 1479 1340; x_wconf 91' lang='lat' dir='ltr'>unam</span> <span class='ocrx_word' id='word_1_398' title='bbox 1513 1306 1631 1352; x_wconf 83' lang='lat' dir='ltr'>argenti</span> <span class='ocrx_word' id='word_1_399' title='bbox 1660 1306 1772 1341; x_wconf 89' lang='lat' dir='ltr'>libram</span> 
     </span>
     <span class='ocr_line' id='line_1_86' title="bbox 1026 1354 1773 1402; baseline 0.004 -14"><span class='ocrx_word' id='word_1_400' title='bbox 1026 1354 1228 1389; x_wconf 78' lang='lat' dir='ltr'>Lateranensi</span> <span class='ocrx_word' id='word_1_401' title='bbox 1266 1355 1379 1401; x_wconf 87' lang='lat' dir='ltr'>palatio</span> <span class='ocrx_word' id='word_1_402' title='bbox 1412 1355 1605 1402; x_wconf 85' lang='lat' dir='ltr'>persolvetis.</span> <span class='ocrx_word' id='word_1_403' title='bbox 1641 1355 1675 1390; x_wconf 86' lang='lat' dir='ltr'>Si</span> <span class='ocrx_word' id='word_1_404' title='bbox 1710 1368 1773 1402; x_wconf 78' lang='lat' dir='ltr'>qna</span> 
     </span>
     <span class='ocr_line' id='line_1_87' title="bbox 1026 1404 1775 1441; baseline 0.004 -4"><span class='ocrx_word' id='word_1_405' title='bbox 1026 1416 1100 1438; x_wconf 90' lang='lat' dir='ltr'>sane</span> <span class='ocrx_word' id='word_1_406' title='bbox 1122 1404 1153 1438; x_wconf 93' lang='lat' dir='ltr'>in</span> <span class='ocrx_word' id='word_1_407' title='bbox 1172 1404 1310 1438; x_wconf 88' lang='lat' dir='ltr'>futurum</span> <span class='ocrx_word' id='word_1_408' title='bbox 1334 1404 1543 1438; x_wconf 83' lang='lat' dir='ltr'>ecelesiastica</span> <span class='ocrx_word' id='word_1_409' title='bbox 1565 1404 1775 1441; x_wconf 80' lang='lat' dir='ltr'>saecularisve</span> 
     </span>
     <span class='ocr_line' id='line_1_88' title="bbox 1027 1453 1775 1507; baseline 0.001 -21"><span class='ocrx_word' id='word_1_410' title='bbox 1027 1464 1170 1507; x_wconf 79' lang='lat' dir='ltr'>persona,</span> <span class='ocrx_word' id='word_1_411' title='bbox 1198 1453 1278 1487; x_wconf 90' lang='lat' dir='ltr'>lianc</span> <span class='ocrx_word' id='word_1_412' title='bbox 1301 1460 1425 1487; x_wconf 85' lang='lat' dir='ltr'>nostiae</span> <span class='ocrx_word' id='word_1_413' title='bbox 1451 1453 1685 1487; x_wconf 85' lang='lat' dir='ltr'>constitutionis</span> <span class='ocrx_word' id='word_1_414' title='bbox 1714 1466 1775 1500; x_wconf 87' lang='lat' dir='ltr'>pa-</span> 
     </span>
     <span class='ocr_line' id='line_1_89' title="bbox 1025 1502 1774 1548; baseline 0.003 -13.003"><span class='ocrx_word' id='word_1_415' title='bbox 1025 1502 1130 1548; x_wconf 85' lang='lat' dir='ltr'>ginam</span> <span class='ocrx_word' id='word_1_416' title='bbox 1153 1502 1268 1542; x_wconf 86' lang='lat' dir='ltr'>sciens,</span> <span class='ocrx_word' id='word_1_417' title='bbox 1297 1509 1405 1536; x_wconf 87' lang='lat' dir='ltr'>contra</span> <span class='ocrx_word' id='word_1_418' title='bbox 1429 1513 1499 1536; x_wconf 86' lang='lat' dir='ltr'>eam</span> <span class='ocrx_word' id='word_1_419' title='bbox 1523 1509 1640 1537; x_wconf 85' lang='lat' dir='ltr'>temere</span> <span class='ocrx_word' id='word_1_420' title='bbox 1667 1503 1774 1538; x_wconf 87' lang='lat' dir='ltr'>venire</span> 
     </span>
     <span class='ocr_line' id='line_1_90' title="bbox 1026 1551 1773 1596; baseline 0.003 -12"><span class='ocrx_word' id='word_1_421' title='bbox 1026 1551 1201 1595; x_wconf 79' lang='lat' dir='ltr'>tentaverit,</span> <span class='ocrx_word' id='word_1_422' title='bbox 1236 1551 1375 1585; x_wconf 88' lang='lat' dir='ltr'>seeundo</span> <span class='ocrx_word' id='word_1_423' title='bbox 1406 1551 1535 1586; x_wconf 88' lang='lat' dir='ltr'>tertiove</span> <span class='ocrx_word' id='word_1_424' title='bbox 1568 1552 1773 1596; x_wconf 85' lang='lat' dir='ltr'>commonita,</span> 
     </span>
     <span class='ocr_line' id='line_1_91' title="bbox 1025 1600 1771 1646; baseline 0.003 -13"><span class='ocrx_word' id='word_1_425' title='bbox 1025 1600 1049 1633; x_wconf 91' lang='lat' dir='ltr'>si</span> <span class='ocrx_word' id='word_1_426' title='bbox 1078 1612 1141 1634; x_wconf 93' lang='lat' dir='ltr'>non</span> <span class='ocrx_word' id='word_1_427' title='bbox 1161 1600 1370 1634; x_wconf 82' lang='lat' dir='ltr'>satisfactione</span> <span class='ocrx_word' id='word_1_428' title='bbox 1384 1612 1524 1646; x_wconf 89' lang='lat' dir='ltr'>congrua</span> <span class='ocrx_word' id='word_1_429' title='bbox 1545 1600 1771 1640; x_wconf 87' lang='lat' dir='ltr'>emendaverit,</span> 
     </span>
     <span class='ocr_line' id='line_1_92' title="bbox 1026 1649 1776 1695; baseline 0 -12"><span class='ocrx_word' id='word_1_430' title='bbox 1026 1649 1188 1695; x_wconf 90' lang='lat' dir='ltr'>potestatis</span> <span class='ocrx_word' id='word_1_431' title='bbox 1210 1649 1402 1695; x_wconf 85' lang='lat' dir='ltr'>honorisque</span> <span class='ocrx_word' id='word_1_432' title='bbox 1424 1649 1473 1684; x_wconf 91' lang='lat' dir='ltr'>sui</span> <span class='ocrx_word' id='word_1_433' title='bbox 1491 1649 1642 1695; x_wconf 84' lang='lat' dir='ltr'>dignitate</span> <span class='ocrx_word' id='word_1_434' title='bbox 1660 1657 1776 1694; x_wconf 86' lang='lat' dir='ltr'>careat,</span> 
     </span>
     <span class='ocr_line' id='line_1_93' title="bbox 1027 1697 1776 1745; baseline 0.003 -14"><span class='ocrx_word' id='word_1_435' title='bbox 1027 1709 1174 1745; x_wconf 85' lang='lat' dir='ltr'>reamque</span> <span class='ocrx_word' id='word_1_436' title='bbox 1208 1710 1242 1733; x_wconf 90' lang='lat' dir='ltr'>se</span> <span class='ocrx_word' id='word_1_437' title='bbox 1279 1697 1388 1732; x_wconf 89' lang='lat' dir='ltr'>divino</span> <span class='ocrx_word' id='word_1_438' title='bbox 1427 1698 1544 1733; x_wconf 90' lang='lat' dir='ltr'>iudicio</span> <span class='ocrx_word' id='word_1_439' title='bbox 1577 1698 1709 1733; x_wconf 87' lang='lat' dir='ltr'>existere</span> <span class='ocrx_word' id='word_1_440' title='bbox 1737 1699 1776 1733; x_wconf 85' lang='lat' dir='ltr'>dc</span> 
     </span>
     <span class='ocr_line' id='line_1_94' title="bbox 1026 1746 1776 1794; baseline 0.003 -14"><span class='ocrx_word' id='word_1_441' title='bbox 1026 1755 1201 1793; x_wconf 87' lang='lat' dir='ltr'>perpetrata</span> <span class='ocrx_word' id='word_1_442' title='bbox 1223 1746 1385 1794; x_wconf 88' lang='lat' dir='ltr'>iniquitate</span> <span class='ocrx_word' id='word_1_443' title='bbox 1400 1756 1581 1793; x_wconf 84' lang='lat' dir='ltr'>cognoscat,</span> <span class='ocrx_word' id='word_1_444' title='bbox 1598 1755 1627 1781; x_wconf 83' lang='lat' dir='ltr'>et</span> <span class='ocrx_word' id='word_1_445' title='bbox 1641 1760 1657 1782; x_wconf 89' lang='lat' dir='ltr'>a</span> <span class='ocrx_word' id='word_1_446' title='bbox 1670 1760 1776 1782; x_wconf 88' lang='lat' dir='ltr'>sacra-</span> 
     </span>
     <span class='ocr_line' id='line_1_95' title="bbox 1026 1795 1776 1843; baseline 0.003 -14"><span class='ocrx_word' id='word_1_447' title='bbox 1026 1796 1147 1830; x_wconf 88' lang='lat' dir='ltr'>tissimo</span> <span class='ocrx_word' id='word_1_448' title='bbox 1169 1795 1311 1843; x_wconf 87' lang='lat' dir='ltr'>Corpore</span> <span class='ocrx_word' id='word_1_449' title='bbox 1333 1803 1364 1830; x_wconf 89' lang='lat' dir='ltr'>et</span> <span class='ocrx_word' id='word_1_450' title='bbox 1385 1795 1548 1842; x_wconf 87' lang='lat' dir='ltr'>Sanguine</span> <span class='ocrx_word' id='word_1_451' title='bbox 1575 1796 1631 1830; x_wconf 89' lang='lat' dir='ltr'>Dei</span> <span class='ocrx_word' id='word_1_452' title='bbox 1653 1804 1683 1831; x_wconf 90' lang='lat' dir='ltr'>et</span> <span class='ocrx_word' id='word_1_453' title='bbox 1702 1797 1776 1831; x_wconf 93' lang='lat' dir='ltr'>Do-</span> 
     </span>
     <span class='ocr_line' id='line_1_96' title="bbox 1025 1844 1774 1891; baseline 0.001 -13"><span class='ocrx_word' id='word_1_454' title='bbox 1025 1844 1102 1878; x_wconf 90' lang='lat' dir='ltr'>mini</span> <span class='ocrx_word' id='word_1_455' title='bbox 1143 1844 1364 1891; x_wconf 81' lang='lat' dir='ltr'>Redemptoris</span> <span class='ocrx_word' id='word_1_456' title='bbox 1408 1846 1505 1880; x_wconf 90' lang='lat' dir='ltr'>nostri</span> <span class='ocrx_word' id='word_1_457' title='bbox 1543 1844 1614 1879; x_wconf 91' lang='lat' dir='ltr'>Iesu</span> <span class='ocrx_word' id='word_1_458' title='bbox 1655 1844 1774 1880; x_wconf 90' lang='lat' dir='ltr'>Christi</span> 
     </span>
     <span class='ocr_line' id='line_1_97' title="bbox 1024 1893 1774 1940; baseline 0.001 -13"><span class='ocrx_word' id='word_1_459' title='bbox 1024 1893 1126 1928; x_wconf 86' lang='lat' dir='ltr'>aliena</span> <span class='ocrx_word' id='word_1_460' title='bbox 1149 1893 1212 1935; x_wconf 85' lang='lat' dir='ltr'>fiat,</span> <span class='ocrx_word' id='word_1_461' title='bbox 1234 1901 1329 1940; x_wconf 87' lang='lat' dir='ltr'>atque</span> <span class='ocrx_word' id='word_1_462' title='bbox 1350 1893 1379 1927; x_wconf 92' lang='lat' dir='ltr'>in</span> <span class='ocrx_word' id='word_1_463' title='bbox 1396 1901 1536 1928; x_wconf 87' lang='lat' dir='ltr'>extremo</span> <span class='ocrx_word' id='word_1_464' title='bbox 1558 1894 1703 1928; x_wconf 79' lang='lat' dir='ltr'>examine</span> <span class='ocrx_word' id='word_1_465' title='bbox 1724 1894 1774 1928; x_wconf 91' lang='lat' dir='ltr'>di-</span> 
     </span>
     <span class='ocr_line' id='line_1_98' title="bbox 1024 1942 1772 1983; baseline 0.001 -7"><span class='ocrx_word' id='word_1_466' title='bbox 1024 1942 1149 1977; x_wconf 88' lang='lat' dir='ltr'>strictae</span> <span class='ocrx_word' id='word_1_467' title='bbox 1177 1942 1287 1977; x_wconf 89' lang='lat' dir='ltr'>ultioni</span> <span class='ocrx_word' id='word_1_468' title='bbox 1314 1942 1488 1983; x_wconf 88' lang='lat' dir='ltr'>subiaceat;</span> <span class='ocrx_word' id='word_1_469' title='bbox 1516 1942 1638 1977; x_wconf 86' lang='lat' dir='ltr'>cunctis</span> <span class='ocrx_word' id='word_1_470' title='bbox 1667 1950 1772 1977; x_wconf 84' lang='lat' dir='ltr'>autem</span> 
     </span>
     <span class='ocr_line' id='line_1_99' title="bbox 1024 1991 1773 2037; baseline 0.001 -13"><span class='ocrx_word' id='word_1_471' title='bbox 1024 1991 1127 2025; x_wconf 88' lang='lat' dir='ltr'>eidem</span> <span class='ocrx_word' id='word_1_472' title='bbox 1150 1991 1220 2026; x_wconf 89' lang='lat' dir='ltr'>loco</span> <span class='ocrx_word' id='word_1_473' title='bbox 1247 1991 1327 2025; x_wconf 92' lang='lat' dir='ltr'>iusta</span> <span class='ocrx_word' id='word_1_474' title='bbox 1349 1991 1548 2025; x_wconf 90' lang='lat' dir='ltr'>servantibus</span> <span class='ocrx_word' id='word_1_475' title='bbox 1574 1991 1614 2026; x_wconf 93' lang='lat' dir='ltr'>sit</span> <span class='ocrx_word' id='word_1_476' title='bbox 1636 2003 1694 2037; x_wconf 83' lang='lat' dir='ltr'>pax</span> <span class='ocrx_word' id='word_1_477' title='bbox 1706 1992 1773 2025; x_wconf 89' lang='lat' dir='ltr'>Do-</span> 
     </span>
     <span class='ocr_line' id='line_1_100' title="bbox 1024 2039 1775 2087; baseline 0 -14"><span class='ocrx_word' id='word_1_478' title='bbox 1024 2040 1101 2073; x_wconf 88' lang='lat' dir='ltr'>mini</span> <span class='ocrx_word' id='word_1_479' title='bbox 1121 2040 1218 2075; x_wconf 88' lang='lat' dir='ltr'>nostri</span> <span class='ocrx_word' id='word_1_480' title='bbox 1241 2039 1312 2074; x_wconf 91' lang='lat' dir='ltr'>Iesu</span> <span class='ocrx_word' id='word_1_481' title='bbox 1339 2039 1469 2081; x_wconf 85' lang='lat' dir='ltr'>Christi,</span> <span class='ocrx_word' id='word_1_482' title='bbox 1491 2048 1646 2087; x_wconf 87' lang='lat' dir='ltr'>quatenus</span> <span class='ocrx_word' id='word_1_483' title='bbox 1672 2047 1701 2074; x_wconf 89' lang='lat' dir='ltr'>ct</span> <span class='ocrx_word' id='word_1_484' title='bbox 1724 2039 1775 2074; x_wconf 90' lang='lat' dir='ltr'>hic</span> 
     </span>
     <span class='ocr_line' id='line_1_101' title="bbox 1025 2088 1769 2143; baseline 0 -21"><span class='ocrx_word' id='word_1_485' title='bbox 1025 2089 1162 2123; x_wconf 90' lang='lat' dir='ltr'>fructum</span> <span class='ocrx_word' id='word_1_486' title='bbox 1177 2089 1278 2123; x_wconf 89' lang='lat' dir='ltr'>bonae</span> <span class='ocrx_word' id='word_1_487' title='bbox 1295 2089 1426 2123; x_wconf 88' lang='lat' dir='ltr'>actionis</span> <span class='ocrx_word' id='word_1_488' title='bbox 1441 2088 1625 2143; x_wconf 81' lang='lat' dir='ltr'>percipiant,</span> <span class='ocrx_word' id='word_1_489' title='bbox 1643 2095 1673 2122; x_wconf 88' lang='lat' dir='ltr'>et</span> <span class='ocrx_word' id='word_1_490' title='bbox 1686 2088 1769 2134; x_wconf 86' lang='lat' dir='ltr'>apud</span> 
     </span>
     <span class='ocr_line' id='line_1_102' title="bbox 1025 2137 1775 2184; baseline -0.001 -13"><span class='ocrx_word' id='word_1_491' title='bbox 1025 2137 1200 2171; x_wconf 85' lang='lat' dir='ltr'>districtum</span> <span class='ocrx_word' id='word_1_492' title='bbox 1228 2137 1368 2171; x_wconf 86' lang='lat' dir='ltr'>Iudicem</span> <span class='ocrx_word' id='word_1_493' title='bbox 1391 2137 1528 2184; x_wconf 88' lang='lat' dir='ltr'>praemia</span> <span class='ocrx_word' id='word_1_494' title='bbox 1555 2144 1701 2171; x_wconf 85' lang='lat' dir='ltr'>aeternae</span> <span class='ocrx_word' id='word_1_495' title='bbox 1717 2148 1775 2182; x_wconf 80' lang='lat' dir='ltr'>pa·-</span> 
     </span>
     <span class='ocr_line' id='line_1_103' title="bbox 1025 2184 1774 2239; baseline -0.001 -20"><span class='ocrx_word' id='word_1_496' title='bbox 1025 2185 1069 2220; x_wconf 79' lang='lat' dir='ltr'>cis</span> <span class='ocrx_word' id='word_1_497' title='bbox 1092 2186 1262 2220; x_wconf 90' lang='lat' dir='ltr'>inveniant.</span> <span class='ocrx_word' id='word_1_498' title='bbox 1284 2185 1397 2225; x_wconf 81' lang='lat' dir='ltr'>Amen,</span> <span class='ocrx_word' id='word_1_499' title='bbox 1417 2197 1520 2220; x_wconf 89' lang='lat' dir='ltr'>amen.</span> <span class='ocrx_word' id='word_1_500' title='bbox 1542 2184 1703 2239; x_wconf 83' lang='lat' dir='ltr'>Scriptum</span> <span class='ocrx_word' id='word_1_501' title='bbox 1719 2197 1774 2230; x_wconf 89' lang='lat' dir='ltr'>pei·</span> 
     </span>
     <span class='ocr_line' id='line_1_104' title="bbox 1023 2233 1770 2279; baseline -0.001 -12"><span class='ocrx_word' id='word_1_502' title='bbox 1023 2246 1152 2267; x_wconf 88' lang='lat' dir='ltr'>manum</span> <span class='ocrx_word' id='word_1_503' title='bbox 1175 2234 1260 2267; x_wconf 88' lang='lat' dir='ltr'>Petri</span> <span class='ocrx_word' id='word_1_504' title='bbox 1284 2234 1446 2279; x_wconf 85' lang='lat' dir='ltr'>regionarii</span> <span class='ocrx_word' id='word_1_505' title='bbox 1470 2242 1499 2268; x_wconf 91' lang='lat' dir='ltr'>et</span> <span class='ocrx_word' id='word_1_506' title='bbox 1514 2233 1667 2268; x_wconf 90' lang='lat' dir='ltr'>scriniarii</span> <span class='ocrx_word' id='word_1_507' title='bbox 1690 2233 1770 2267; x_wconf 86' lang='lat' dir='ltr'>sacri</span> 
     </span>
     <span class='ocr_line' id='line_1_105' title="bbox 1026 2281 1769 2328; baseline -0.001 -12"><span class='ocrx_word' id='word_1_508' title='bbox 1026 2282 1139 2328; x_wconf 87' lang='lat' dir='ltr'>palatii.</span> <span class='ocrx_word' id='word_1_509' title='bbox 1175 2282 1288 2316; x_wconf 82' lang='lat' dir='ltr'>Datum</span> <span class='ocrx_word' id='word_1_510' title='bbox 1324 2283 1443 2316; x_wconf 87' lang='lat' dir='ltr'>Romae</span> <span class='ocrx_word' id='word_1_511' title='bbox 1475 2282 1504 2316; x_wconf 91' lang='lat' dir='ltr'>in</span> <span class='ocrx_word' id='word_1_512' title='bbox 1532 2282 1654 2328; x_wconf 90' lang='lat' dir='ltr'>porticu</span> <span class='ocrx_word' id='word_1_513' title='bbox 1682 2281 1769 2315; x_wconf 84' lang='lat' dir='ltr'>Beati</span> 
     </span>
     <span class='ocr_line' id='line_1_106' title="bbox 1026 2330 1774 2376; baseline 0 -11"><span class='ocrx_word' id='word_1_514' title='bbox 1026 2331 1106 2365; x_wconf 83' lang='lat' dir='ltr'>Petri</span> <span class='ocrx_word' id='word_1_515' title='bbox 1121 2342 1174 2376; x_wconf 88' lang='lat' dir='ltr'>pei·</span> <span class='ocrx_word' id='word_1_516' title='bbox 1190 2342 1317 2364; x_wconf 88' lang='lat' dir='ltr'>manum</span> <span class='ocrx_word' id='word_1_517' title='bbox 1339 2330 1489 2365; x_wconf 85' lang='lat' dir='ltr'>Iohannis</span> <span class='ocrx_word' id='word_1_518' title='bbox 1504 2340 1629 2364; x_wconf 87' lang='lat' dir='ltr'>sanctae</span> <span class='ocrx_word' id='word_1_519' title='bbox 1650 2330 1774 2365; x_wconf 86' lang='lat' dir='ltr'>Rorna-</span> 
     </span>
     <span class='ocr_line' id='line_1_107' title="bbox 1025 2378 1772 2419; baseline -0.001 -6"><span class='ocrx_word' id='word_1_520' title='bbox 1025 2391 1082 2413; x_wconf 90' lang='lat' dir='ltr'>nae</span> <span class='ocrx_word' id='word_1_521' title='bbox 1095 2378 1258 2413; x_wconf 87' lang='lat' dir='ltr'>Ecclesiae</span> <span class='ocrx_word' id='word_1_522' title='bbox 1290 2379 1412 2413; x_wconf 90' lang='lat' dir='ltr'>diaconi</span> <span class='ocrx_word' id='word_1_523' title='bbox 1441 2379 1618 2419; x_wconf 87' lang='lat' dir='ltr'>cardinalis,</span> <span class='ocrx_word' id='word_1_524' title='bbox 1634 2391 1695 2413; x_wconf 81' lang='lat' dir='ltr'>xiil</span> <span class='ocrx_word' id='word_1_525' title='bbox 1711 2378 1772 2413; x_wconf 80' lang='lat' dir='ltr'>kat.</span> 
     </span>
     <span class='ocr_line' id='line_1_108' title="bbox 1026 2426 1774 2466; baseline 0 -5"><span class='ocrx_word' id='word_1_526' title='bbox 1026 2427 1111 2466; x_wconf 87' lang='lat' dir='ltr'>maii,</span> <span class='ocrx_word' id='word_1_527' title='bbox 1139 2427 1310 2461; x_wconf 87' lang='lat' dir='ltr'>indictione</span> <span class='ocrx_word' id='word_1_528' title='bbox 1332 2439 1391 2466; x_wconf 85' lang='lat' dir='ltr'>vir,</span> <span class='ocrx_word' id='word_1_529' title='bbox 1419 2427 1645 2462; x_wconf 83' lang='lat' dir='ltr'>incarnationis</span> <span class='ocrx_word' id='word_1_530' title='bbox 1667 2426 1774 2461; x_wconf 88' lang='lat' dir='ltr'>domi-</span> 
     </span>
     <span class='ocr_line' id='line_1_109' title="bbox 1025 2475 1770 2522; baseline 0 -12"><span class='ocrx_word' id='word_1_531' title='bbox 1025 2476 1114 2510; x_wconf 86' lang='lat' dir='ltr'>nicae</span> <span class='ocrx_word' id='word_1_532' title='bbox 1148 2487 1232 2510; x_wconf 91' lang='lat' dir='ltr'>anno</span> <span class='ocrx_word' id='word_1_533' title='bbox 1270 2487 1390 2518; x_wconf 69' lang='lat' dir='ltr'>mxcix,</span> <span class='ocrx_word' id='word_1_534' title='bbox 1429 2475 1629 2522; x_wconf 84' lang='lat' dir='ltr'>pontificatus</span> <span class='ocrx_word' id='word_1_535' title='bbox 1666 2484 1770 2510; x_wconf 90' lang='lat' dir='ltr'>autem</span> 
     </span>
     <span class='ocr_line' id='line_1_110' title="bbox 1025 2524 1562 2571; baseline 0 -13"><span class='ocrx_word' id='word_1_536' title='bbox 1025 2524 1145 2559; x_wconf 89' lang='lat' dir='ltr'>domini</span> <span class='ocrx_word' id='word_1_537' title='bbox 1168 2524 1286 2559; x_wconf 90' lang='lat' dir='ltr'>Urbani</span> <span class='ocrx_word' id='word_1_538' title='bbox 1314 2524 1341 2558; x_wconf 88' lang='grc' dir='ltr'>ΙΙ</span> <span class='ocrx_word' id='word_1_539' title='bbox 1368 2524 1482 2571; x_wconf 87' lang='lat' dir='ltr'>Papae,</span> <span class='ocrx_word' id='word_1_540' title='bbox 1504 2536 1562 2558; x_wconf 83' lang='lat' dir='ltr'>xii.</span> 
     </span>
     <span class='ocr_line' id='line_1_111' title="bbox 1071 2579 1720 2619; baseline 0 -9"><span class='ocrx_word' id='word_1_541' title='bbox 1071 2580 1132 2610; x_wconf 83' lang='lat' dir='ltr'>Dat.</span> <span class='ocrx_word' id='word_1_542' title='bbox 1151 2580 1197 2610; x_wconf 89' lang='lat' dir='ltr'>die</span> <span class='ocrx_word' id='word_1_543' title='bbox 1220 2581 1256 2610; x_wconf 81' lang='lat'>19</span> <span class='ocrx_word' id='word_1_544' title='bbox 1275 2580 1378 2619; x_wconf 87' lang='lat' dir='ltr'>aprilis</span> <span class='ocrx_word' id='word_1_545' title='bbox 1402 2589 1478 2609; x_wconf 88' lang='lat' dir='ltr'>anno</span> <span class='ocrx_word' id='word_1_546' title='bbox 1502 2579 1614 2610; x_wconf 88' lang='lat' dir='ltr'>Domini</span> <span class='ocrx_word' id='word_1_547' title='bbox 1634 2580 1720 2617; x_wconf 83' lang='lat'>1099,</span> 
     </span>
     <span class='ocr_line' id='line_1_112' title="bbox 1268 2623 1536 2662; baseline -0.004 -9"><span class='ocrx_word' id='word_1_548' title='bbox 1268 2623 1369 2662; x_wconf 88' lang='lat' dir='ltr'>pontif.</span> <span class='ocrx_word' id='word_1_549' title='bbox 1389 2632 1466 2653; x_wconf 89' lang='lat' dir='ltr'>anno</span> <span class='ocrx_word' id='word_1_550' title='bbox 1487 2631 1536 2653; x_wconf 78' lang='lat' dir='ltr'>xn-</span> 
     </span>
    </p>
   </div>
   <div class='ocr_carea' id='block_1_12' title="bbox 1805 279 1989 308">
    <p class='ocr_par' dir='ltr' id='par_1_13' title="bbox 1805 279 1989 308">
     <span class='ocr_line' id='line_1_113' title="bbox 1805 279 1989 308; baseline 0 -1"><span class='ocrx_word' id='word_1_551' title='bbox 1805 280 1854 307; x_wconf 78' lang='grc' dir='ltr'>Αιι.</span> <span class='ocrx_word' id='word_1_552' title='bbox 1875 279 1903 307; x_wconf 92' lang='lat' dir='ltr'>C.</span> <span class='ocrx_word' id='word_1_553' title='bbox 1922 280 1989 308; x_wconf 81' lang='lat'>1099</span> 
     </span>
    </p>
   </div>
   <div class='ocr_carea' id='block_1_13' title="bbox 1805 438 1991 542">
    <p class='ocr_par' dir='ltr' id='par_1_14' title="bbox 1805 438 1991 542">
     <span class='ocr_line' id='line_1_114' title="bbox 1832 438 1990 460; baseline 0 0"><span class='ocrx_word' id='word_1_554' title='bbox 1832 439 1942 460; x_wconf 80' lang='lat' dir='ltr'>Decretum</span> <span class='ocrx_word' id='word_1_555' title='bbox 1954 438 1990 460; x_wconf 81' lang='lat' dir='ltr'>rin·</span> 
     </span>
     <span class='ocr_line' id='line_1_115' title="bbox 1805 469 1991 492; baseline 0 -6"><span class='ocrx_word' id='word_1_556' title='bbox 1805 469 1913 486; x_wconf 64' lang='lat' dir='ltr'>munimus</span> <span class='ocrx_word' id='word_1_557' title='bbox 1921 472 1991 492; x_wconf 63' lang='lat' dir='ltr'>aqua·</span> 
     </span>
     <span class='ocr_line' id='line_1_116' title="bbox 1805 493 1990 518; baseline 0 -6"><span class='ocrx_word' id='word_1_558' title='bbox 1805 497 1895 518; x_wconf 84' lang='lat' dir='ltr'>cumque</span> <span class='ocrx_word' id='word_1_559' title='bbox 1927 493 1990 512; x_wconf 76' lang='lat' dir='ltr'>molo-</span> 
     </span>
     <span class='ocr_line' id='line_1_117' title="bbox 1806 518 1857 542; baseline -0.02 -3"><span class='ocrx_word' id='word_1_560' title='bbox 1806 518 1857 542; x_wconf 47' lang='lat' dir='ltr'>stim</span> 
     </span>
    </p>
   </div>
   <div class='ocr_carea' id='block_1_14' title="bbox 1805 867 1989 940">
    <p class='ocr_par' dir='ltr' id='par_1_15' title="bbox 1805 867 1989 940">
     <span class='ocr_line' id='line_1_118' title="bbox 1819 867 1988 888; baseline 0 0"><span class='ocrx_word' id='word_1_561' title='bbox 1819 867 1844 888; x_wconf 74' lang='lat' dir='ltr'>Er</span> <span class='ocrx_word' id='word_1_562' title='bbox 1853 867 1956 888; x_wconf 79' lang='lat' dir='ltr'>libertatis</span> <span class='ocrx_word' id='word_1_563' title='bbox 1969 868 1988 888; x_wconf 83' lang='lat' dir='ltr'>tn</span> 
     </span>
     <span class='ocr_line' id='line_1_119' title="bbox 1805 893 1989 940; baseline 0.005 -27"><span class='ocrx_word' id='word_1_564' title='bbox 1805 893 1908 940; x_wconf 52' lang='lat' dir='ltr'>pilstictione</span> <span class='ocrx_word' id='word_1_565' title='bbox 1923 894 1989 914; x_wconf 79' lang='lat' dir='ltr'>:ibba-</span> 
     </span>
    </p>
   </div>
   <div class='ocr_carea' id='block_1_15' title="bbox 1805 1216 1989 1316">
    <p class='ocr_par' dir='ltr' id='par_1_16' title="bbox 1821 1216 1989 1238">
     <span class='ocr_line' id='line_1_120' title="bbox 1821 1216 1989 1238; baseline -0.006 -1"><span class='ocrx_word' id='word_1_566' title='bbox 1821 1216 1905 1238; x_wconf 77' lang='lat' dir='ltr'>Annuns</span> <span class='ocrx_word' id='word_1_567' title='bbox 1915 1221 1989 1238; x_wconf 75' lang='lat' dir='ltr'>censu·</span> 
     </span>
    </p>

    <p class='ocr_par' dir='ltr' id='par_1_17' title="bbox 1805 1243 1988 1316">
     <span class='ocr_line' id='line_1_121' title="bbox 1805 1243 1988 1269; baseline 0 -6"><span class='ocrx_word' id='word_1_568' title='bbox 1805 1243 1857 1263; x_wconf 57' lang='lat' dir='ltr'>Serti</span> <span class='ocrx_word' id='word_1_569' title='bbox 1886 1244 1988 1269; x_wconf 66' lang='lat' dir='ltr'>Apostoli-</span> 
     </span>
     <span class='ocr_line' id='line_1_122' title="bbox 1806 1270 1987 1295; baseline 0.006 -6"><span class='ocrx_word' id='word_1_570' title='bbox 1806 1275 1842 1289; x_wconf 79' lang='lat' dir='ltr'>tae</span> <span class='ocrx_word' id='word_1_571' title='bbox 1866 1270 1987 1295; x_wconf 75' lang='lat' dir='ltr'>pei-solven-</span> 
     </span>
     <span class='ocr_line' id='line_1_123' title="bbox 1805 1296 1850 1316; baseline 0.022 -1"><span class='ocrx_word' id='word_1_572' title='bbox 1805 1296 1850 1316; x_wconf 82' lang='lat' dir='ltr'>dus.</span> 
     </span>
    </p>
   </div>
   <div class='ocr_carea' id='block_1_16' title="bbox 1805 1353 1989 1432">
    <p class='ocr_par' dir='ltr' id='par_1_18' title="bbox 1805 1353 1989 1427">
     <span class='ocr_line' id='line_1_124' title="bbox 1822 1353 1989 1374; baseline 0.006 -1"><span class='ocrx_word' id='word_1_573' title='bbox 1822 1353 1905 1373; x_wconf 84' lang='lat' dir='ltr'>Poenae</span> <span class='ocrx_word' id='word_1_574' title='bbox 1916 1356 1989 1374; x_wconf 81' lang='lat' dir='ltr'>conti-a</span> 
     </span>
     <span class='ocr_line' id='line_1_125' title="bbox 1805 1380 1989 1406; baseline 0.011 -8"><span class='ocrx_word' id='word_1_575' title='bbox 1805 1380 1918 1400; x_wconf 71' lang='lat' dir='ltr'>violatores</span> <span class='ocrx_word' id='word_1_576' title='bbox 1947 1380 1989 1406; x_wconf 86' lang='lat' dir='ltr'>pri-</span> 
     </span>
     <span class='ocr_line' id='line_1_126' title="bbox 1805 1405 1960 1432; baseline 0.014 -7"><span class='ocrx_word' id='word_1_577' title='bbox 1805 1405 1858 1432; x_wconf 56' lang='lat' dir='ltr'>viror,</span> <span class='ocrx_word' id='word_1_578' title='bbox 1854 1412 1875 1426; x_wconf 86' lang='grc' dir='ltr'>ἰι</span> <span class='ocrx_word' id='word_1_579' title='bbox 1891 1407 1960 1427; x_wconf 74' lang='lat' dir='ltr'>huruS.</span> 
     </span>
    </p>
   </div>
  </div>
 </body>
</html>
