2180 3205
414 229 484 261 570

362 306 421 340 qua
445 293 537 338 igitur
561 290 590 323 in
616 287 755 322 futurum
779 283 989 320 ecelesiastica
1012 294 1115 317 saecu-

363 343 474 376 larisve
498 350 642 387 persona,
668 336 751 370 113110
773 342 898 369 nostrae
916 331 1115 368 constitutio-

364 392 412 426 nis
443 390 587 437 paginam
617 386 732 426 sciens,
766 393 875 419 contra
903 395 969 417 eam
999 389 1116 415 temere

364 440 469 475 venire
498 436 673 475 tentaverit,
709 433 852 469 secundo
884 432 1013 467 tertiove
1035 442 1116 464 com-

365 489 493 532 monita,
511 488 535 522 si
553 498 613 520 non
629 484 840 519 satisfactione
855 493 993 528 congrua
1012 491 1117 514 emen-

364 539 494 576 daverit,
518 534 680 583 potestatis
694 533 887 579 honorisque
899 531 945 565 sui
965 529 1117 575 (lignitate

364 595 478 628 eareat,
502 596 649 631 reamque
676 595 710 618 se
725 582 832 617 divino
847 580 963 615 iudicio
986 581 1118 614 existere

365 637 404 672 de
435 642 608 684 perpetrata
633 632 793 680 iniquitate
825 636 1014 676 cognoscat,
1050 634 1080 661 et
1102 639 1118 661 a

365 685 577 721 sacratissimo
603 682 742 728 Corpore
765 689 794 715 et
815 678 979 725 Sanguine
1005 677 1063 711 Dei
1083 688 1119 710 30

366 735 495 770 Domini
518 732 741 779 l‘ledemptoris
763 730 860 764 nostri
896 728 966 762 lesu
1001 726 1118 760 Christi

367 785 467 820 aliena
488 783 551 827 1131,
574 789 666 828 atque
689 781 717 814 in
746 787 887 814 extremo
913 776 1056 812 examine
1079 775 1120 809 di·

368 835 492 869 strictae
516 831 629 866 ultioni
653 829 822 864 subiaceat.
855 827 988 861 Cunctis
1016 833 1119 859 autem

369 884 471 918 eidem
495 882 564 916 loco
586 881 665 914 iusta
696 877 895 913 servantibus
925 876 963 910 sit
993 886 1054 921 pax
1081 873 1120 908 D.

371 933 407 968 N.
430 933 454 967 l.
482 931 519 966 C.
542 938 697 978 quatenus
719 936 750 962 et
771 928 822 961 liic
849 926 986 959 fruetum
1023 923 1123 957 bonae

371 982 504 1017 actionis
540 979 723 1027 percipiant,
762 985 791 1011 et
827 974 909 1021 apud
946 972 1121 1007 districtum

370 1031 511 1066 Iudicem
529 1028 671 1077 praemia·
684 1035 829 1061 aeternae
848 1023 934 1072 pacis
950 1022 1122 1057 inveniant.

372 1083 487 1124 Amen,
509 1091 615 1121 amen,
639 1088 743 1111 amen.

420 1130 492 1165 Eoo
506 1128 719 1162 txxounsrms
741 1123 911 1159 catholicae
924 1120 1011 1155 Eecl.
1026 1119 1123 1167 episc.

422 1180 537 1214 Datum
567 1177 677 1211 Remis
712 1186 766 1221 per
805 1183 934 1206 manum
968 1169 1125 1216 Aymeriei

374 1229 407 1263 S.
430 1229 469 1263 R.
491 1227 528 1262 E.
551 1225 673 1261 diaconi
697 1222 865 1258 cardinalis
884 1229 914 1255 et
930 1218 1127 1258 cancellarii,

377 1279 467 1314 nonis
486 1275 677 1319 novembris,
700 1272 805 1307 indict.
829 1283 876 1310 ix,
899 1270 1018 1305 incarn.
1039 1268 1124 1302 dom.

376 1340 459 1363 anno
471 1337 618 1369 mcxxxi,
633 1322 744 1372 pontif.
766 1333 837 1356 vcro
857 1319 962 1354 domni
975 1318 1084 1352 Innoc.
1102 1315 1128 1350 ll

378 1377 440 1412 PP.
463 1387 547 1411 311110
569 1387 604 1409 11.

407 1434 467 1465 Dat.
490 1433 538 1463 die
556 1432 574 1461 5
592 1428 760 1461 novembris
783 1435 859 1457 anno
878 1424 993 1454 Domini
1015 1422 1099 1459 1131,

625 1473 728 1514 pontif.
752 1481 828 1502 anno
851 1479 880 1500 11.

668 1535 822 1546 -ἒ-

723 1596 791 1632 Vll.

383 1668 584 1714 Confirmatio
600 1665 781 1699 concordiae
796 1663 890 1695 initae
902 1661 979 1693 inter
993 1660 1132 1692 abbatem

432 1718 544 1752 Sancti·
557 1716 685 1759 AEyi‘dii
702 1721 727 1747 et
742 1714 880 1747 abbatem
897 1710 1133 1747 cluniacensem,

432 1768 482 1800 cui
501 1777 558 1811 pro
582 1763 822 1808 compensatione
854 1770 1057 1804 expensarum
1086 1769 1134 1790 ce-

433 1818 518 1850 ditur
538 1814 708 1848 obedientia
726 1814 761 1846 de
784 1813 913 1846 Liinunz
936 1811 991 1851 (l).

654 1884 867 1917 summum!

391 1956 489 1987 Series
507 1953 734 1984 controversiae.
760 1967 800 1973 —
815 1950 894 1986 Quae
915 1948 986 1978 faeta
1013 1955 1136 1984 compo-

428 2000 507 2029 sitio.
532 2015 572 2020 —
589 1995 763 2030 Obedientia
787 1995 821 2023 de
842 1993 959 2022 Limauz
988 1992 1053 2021 data
1072 1990 1139 2019 Clu-

429 2044 504 2074 niae.
527 2051 578 2082 pro
613 2039 852 2079 compensatione
875 2044 1080 2075 expensarum.
1101 2051 1141 2057 —

430 2087 626 2117 Contirinatur
647 2085 812 2114 conventio.
834 2099 873 2104 —
898 2080 1059 2111 Innocentii
1087 2079 1139 2109 ΡΙ).

431 2136 459 2162 01
478 2131 506 2162 S.
529 2130 561 2160 R.
579 2130 609 2159 E.
633 2129 827 2159 cardinalium
847 2125 1092 2165 subscriptiones.

156 247 206 272 An.
226 245 244 271 C
273 245 335 272 1131

185 299 265 320 solitae
278 298 340 319 clau-

158 326 226 346 sulae.

174 1139 297 1160 innocentii
309 1138 349 1158 PP.

166 1167 309 1190 subscriptio.

392 2198 540 2228 innocentius
568 2197 688 2236 episeopus
709 2204 786 2225 senus
807 2202 923 2223 servor-nin
944 2192 1000 2229 Dei,
1025 2192 1142 2221 carissimo

434 2244 456 2272 in
478 2242 568 2272 Christo
590 2241 638 2270 11110
670 2240 737 2269 Petro
764 2239 912 2269 Cluniaeensi
936 2236 1028 2274 abbati,
1048 2237 1142 2274 eiusque

433 2285 601 2317 successoribus
615 2284 754 2323 regulariter
768 2282 944 2319 substituendis,
961 2281 982 2310 in
996 2283 1141 2320 perpetuum.

199 2353 271 2373 Series
283 2354 371 2372 contro-

188 2385 280 2400 verme.

445 2353 534 2394 Quae
568 2351 606 2386 ad
642 2362 751 2397 pacem
787 2357 929 2395 spectant
963 2346 1144 2387 Ecclesiae,

398 2402 506 2436 libenti
528 2402 634 2435 animo
656 2407 793 2434 statuere
816 2399 972 2441 volumus,
991 2405 1020 2431 et
1040 2404 1072 2430 ut
1094 2395 1145 2429 su-

400 2452 479 2486 turis
501 2449 697 2496 temporibus
728 2447 948 2482 inviolabiliter
975 2446 1147 2480 observen-

402 2510 469 2544 tur,
507 2506 622 2533 attenta
656 2497 815 2543 diligentia
845 2496 1016 2543 providere.
1044 2494 1146 2528 Litem

404 2574 475 2638 ¹583)
492 2573 531 2599 Ex
547 2571 669 2600 Bibliotli.
690 2572 808 2599 Cluniae.
825 2569 931 2599 Martini
953 2569 1073 2601 Marrier,
1098 2568 1148 2596 col.

958 227 1147 251 000111111ῖῆ
1174 225 1243 248 110ἶὶ1
1249 225 1338 248 ANt‘n

1157 279 1313 327 siquidem
1341 285 1371 313 et
1397 278 1651 319 controversiam,
1674 286 1725 318 tu,
1747 275 1909 312 carissime

1159 330 1187 363 in
1227 328 1363 363 Domino
1397 327 1437 361 1111
1462 327 1553 362 Ρο110
1579 327 1686 366 abbas,
1721 335 1751 361 et
1777 325 1909 360 Clunia-

1158 390 1252 413 cense
1294 377 1518 411 monasterium
1565 376 1727 411 adversus
1760 375 1909 410 dilectum

1160 428 1258 461 lilium
1284 434 1424 460 nostrum
1448 425 1579 460 Petrum
1602 425 1746 460 abbatem
1769 425 1802 459 S.
1822 423 1912 469 AEgi-

1159 477 1200 510 ‹lii
1225 485 1252 510 et
1270 475 1494 510 {nonasterium
1512 487 1616 515 50001,
1640 474 1758 508 11101105
1775 473 1909 519 agitasti.

1159 525 1320 564 'l'uenim
1348 525 1387 559 de
1414 524 1611 558 subiectione
1638 524 1691 558 tibi
1720 531 1750 557 et
1779 522 1913 569 praede-

1159 575 1339 610 cessoribus
1367 574 1439 617 tuis,
1473 586 1527 620 per
1554 572 1768 620 Apostolieam
1795 570 1911 605 Sedem

1161 636 1324 667 concessa,
1357 635 1412 658 eos
1434 622 1619 669 impetebas.
1647 621 1701 656 Ille
1728 633 1800 655 vero
1830 620 1914 655 anti-

1160 687 1254 721 quum
1280 673 1455 707 libertatem
1479 672 1526 706 sui
1555 670 1735 706 monasterii
1768 669 1915 704 intende-

1163 724 1223 757 bat.
1255 723 1343 764 Quae
1377 721 1504 756 tandem
1528 721 1558 755 in
1589 718 1693 755 nostra
1729 727 1760 754 et
1782 719 1913 753 fratrum

1164 781 1340 806 nostrorum
1363 771 1585 817 episcoporum
1605 769 1813 805 cardinalium
1828 779 1914 815 prae·

1163 822 1280 864 sentia,
1317 820 1399 867 apud
1436 820 1597 854 Beliocum
1632 827 1678 854 est
1712 819 1772 853 hoc
1802 817 1914 852 ordine

1165 871 1348 914 terminata,
1372 877 1404 903 ut
1432 869 1595 913 videlicet,
1623 869 1661 913 si,
1694 868 1778 915 quod
1813 866 1913 907 absit,

1165 919 1325 965 religionis
1353 918 1430 952 ordo
1453 919 1482 952 in
1513 917 1703 952 monasterio
1732 917 1765 951 S.
1794 915 1916 962 AEgidii

1166 969 1352 1002 imminutus
1375 968 1476 1007 fuerit,
1511 967 1626 1002 ibidem
1655 976 1709 1001 tuo
1730 975 1759 1001 et
1782 977 1917 1000 succes-

1166 1030 1272 1052 sorum
1296 1025 1420 1051 tuorum
1445 1025 1609 1063 praecepto
1628 1024 1657 1051 et
1673 1015 1805 1051 consilio
1824 1014 1919 1049 refor-

1168 1075 1280 1101 metur.
1312 1066 1344 1100 Si
1375 1065 1501 1112 quaudo
1527 1065 1600 1100 vere
1628 1073 1676 1105 te,
1709 1065 1754 1099 vel
1783 1075 1919 1098 succes-

1168 1128 1255 1150 sores
1278 1124 1347 1149 tuos
1365 1116 1402 1148 ad
1427 1115 1508 1148 idem
1531 1114 1758 1149 monasterium
1781 1113 1825 1147 110
1841 1125 1919 1147 000-

1169 1166 1283 1211 tigerit,
1306 1173 1484 1199 reverenter
1505 1163 1738 1210 suscipiamini3
1761 1171 1790 1197 et
1812 1173 1921 1209 quam-

1169 1215 1221 1248 diu
1264 1213 1305 1248 ibi
1346 1214 1482 1252 fueritis,
1517 1225 1588 1247 cum
1625 1213 1737 1247 vestris
1771 1211 1921 1246 omnibus

1171 1264 1301 1298 honeste
1336 1262 1559 1310 procuremini.
1593 1261 1765 1296 Residendi
1793 1271 1921 1308 quoque

1171 1313 1201 1346 in
1235 1312 1310 1347 sede
1343 1311 1484 1346 eiusdem
1520 1311 1651 1355 abbatis,
1685 1319 1715 1345 et
1745 1309 1920 1356 capitulum

1172 1361 1313 1408 regendi,
1342 1361 1503 1408 praedicto
1524 1360 1648 1404 abbate,
1679 1360 1725 1394 vel
1755 1370 1923 1394 successo-

1172 1411 1258 1445 ribus
1279 1409 1587 1456 transmigrantibus,
1609 1409 1719 1444 fratres
1741 1406 1923 1443 monasterii

1171 1460 1204 1494 S.
1227 1459 1346 1506 AEgidii
1374 1459 1511 1506 eligendi
1535 1458 1574 1493 de
1595 1458 1842 1505 congregatione
1864 1469 1921 1492 sua

1172 1509 1316 1543 abbatem
1357 1508 1476 1556 absque
1517 1508 1743 1555 impedimento
1783 1506 1922 1541 habeant

1173 1558 1365 1592 libertatem:
1390 1558 1430 1592 ita
1447 1566 1562 1597 tamen,
1586 1565 1619 1592 ut
1632 1557 1709 1604 ipsis
1723 1568 1779 1603 pro
1797 1555 1923 1599 abbate,

1173 1608 1226 1655 qui
1250 1608 1286 1641 ad
1315 1606 1400 1642 aliud
1423 1607 1579 1641 transierit
1605 1606 1852 1646 monasterium,
1885 1604 1925 1639 de

1175 1656 1262 1691 nullo
1281 1656 1352 1697 alio,
1381 1664 1502 1703 praeter
1523 1668 1615 1703 quam
1639 1656 1677 1689 de
1699 1654 1795 1690 Clun.
1818 1666 1923 1688 mona-

1175 1706 1269 1741 sterio
1293 1713 1448 1753 pastorem
1471 1717 1632 1740 assumere
1655 1705 1755 1739 liceat.
1784 1703 1856 1745 Quo
1875 1703 1926 1736 ni-

1177 1756 1290 1789 mirum
1331 1755 1490 1795 defuneto,
1531 1754 1576 1788 vel
1612 1755 1705 1789 etiam
1741 1756 1860 1788 remoto
1886 1752 1926 1786 de

1176 1805 1418 1850 congregatione
1440 1816 1511 1844 sua,
1545 1803 1706 1847 abbatem,
1732 1814 1805 1837 eum
1833 1813 1926 1848 prae-

1177 1854 1260 1888 dicto
1279 1862 1382 1888 tamen
1410 1860 1534 1893 tenore,
1556 1852 1699 1887 eamdem
1722 1851 1858 1886 habeant
1881 1850 1927 1884 fa-

1178 1903 1336 1937 cultatem.
1376 1902 1436 1936 Pro
1468 1902 1762 1948 recompensatione
1797 1912 1924 1946 quoquc

1180 1952 1395 1998 fatigationum
1419 1962 1702 1998 expensarumque,
1725 1961 1803 1997 quas
1830 1948 1925 1983 nimi-

1180 2014 1248 2035 rum
1278 2009 1321 2044 tu,
1344 2001 1390 2035 vel
1415 2000 1673 2046 praedecessores
1695 1999 1751 2042 tui,
1774 2010 1829 2046 pro
1852 2010 1927 2032 mo—

1181 2051 1316 2085 nasterio
1338 2050 1371 2084 S.
1387 2050 1507 2096 AEgidii
1531 2049 1698 2096 pertulisti,
1721 2049 1802 2083 idem
1821 2047 1929 2088 abbas,

1181 2112 1337 2135 consensu
1373 2100 1501 2134 fratrum
1528 2110 1675 2141 suorum,
1703 2097 1929 2141 obedientiam,

1182 2161 1263 2196 quae
1286 2149 1477 2183 Limantium
1506 2155 1719 2194 nuncupatur,
1752 2158 1823 2181 cum
1853 2157 1931 2192 per-

1183 2198 1323 2232 tinentiis
1350 2197 1426 2238 suis,
1460 2197 1516 2231 tibi
1547 2205 1578 2231 et
1601 2208 1656 2244 per
1676 2203 1707 2230 te
1729 2194 1930 2230 Cluniacensi

1185 2247 1375 2282 monasterio
1408 2246 1546 2287 donavit,
1569 2254 1599 2280 et
1626 2246 1657 2280 in
1680 2245 1728 2280 ius
1754 2245 1822 2280 eius
1843 2256 1880 2279 30
1900 2244 1932 2278 in

1186 2297 1406 2343 proprietatem
1420 2296 1450 2329 in
1463 2303 1650 2342 perpetuum
1661 2292 1932 2334 transtulit.Quod

1186 2346 1210 2380 si
1238 2346 1308 2392 quis
1337 2357 1390 2380 vos
1411 2357 1506 2391 super
1532 2344 1641 2379 eadem
1668 2343 1845 2378 obedientia
1864 2354 1936 2377 mo·-

1186 2394 1353 2435 lestaverit‚
1376 2393 1532 2441 praefatus
1553 2393 1667 2433 abbas,
1695 2404 1728 2427 se
1755 2404 1791 2427 ac
1812 2404 1936 2426 succes-

1188 2456 1275 2478 sores
1301 2456 1376 2478 suos
1407 2442 1583 2477 secundum
1618 2442 1765 2476 iustitiam
1793 2448 1937 2484 auctores

1189 2502 1218 2528 et
1240 2492 1423 2527 defensores
1444 2491 1617 2526 constituit.
1641 2491 1687 2525 Tu
1711 2502 1795 2529 vero,
1824 2490 1938 2525 dilecte

1192 2542 1234 2576 fili
1263 2542 1354 2576 Petre
1376 2541 1485 2584 abbas,
1520 2548 1642 2588 praeter
1665 2551 1714 2579 ea,
1745 2551 1824 2585 quae
1857 2539 1938 2574 (licta

1191 2599 1275 2632 sunt,
1298 2591 1532 2638 querimoniae,
1560 2601 1654 2639 quam
1688 2588 1839 2625 adversus
1870 2599 1941 2624 mo-

1933 217 1982 243 Αη.
2003 215 2117 243 c.1t32

1980 718 2041 749 Quae
2050 745 2054 748 ι
2069 717 2126 738 racia

1941 748 2077 771 compositio.

2015 2147 2142 2170 obedientia

1962 2177 1990 2197 de
2005 2176 2094 2196 Ltinanz
2107 2174 2146 2194 da-

1963 2208 1983 2224 ta
1997 2202 2095 2223 cluniac.
2106 2205 2144 2227 pru

1962 2228 2138 2255 compensatione

1963 2261 2117 2284 expensarum.
