<?xml version="1.0" encoding="UTF-8"?>
<!DOCTYPE html PUBLIC "-//W3C//DTD XHTML 1.0 Transitional//EN"
    "http://www.w3.org/TR/xhtml1/DTD/xhtml1-transitional.dtd">
<html xmlns="http://www.w3.org/1999/xhtml" xml:lang="en" lang="en">
 <head>
  <title>
</title>
<meta http-equiv="Content-Type" content="text/html;charset=utf-8" />
  <meta name='ocr-system' content='tesseract 3.04.00' />
  <meta name='ocr-capabilities' content='ocr_page ocr_carea ocr_par ocr_line ocrx_word'/>
</head>
<body>
  <div class='ocr_page' id='page_1' title='image "./bullarumdiplomat02cath_0479.png"; bbox 0 0 2180 3205; ppageno 0'>
   <div class='ocr_carea' id='block_1_1' title="bbox 49 220 227 250">
    <p class='ocr_par' dir='ltr' id='par_1_1' title="bbox 49 220 227 250">
     <span class='ocr_line' id='line_1_1' title="bbox 49 220 227 250; baseline -0.011 -1"><span class='ocrx_word' id='word_1_1' title='bbox 49 223 96 250; x_wconf 80' lang='lat' dir='ltr'>An.</span> <span class='ocrx_word' id='word_1_2' title='bbox 115 220 140 248; x_wconf 91' lang='lat' dir='ltr'>C.</span> <span class='ocrx_word' id='word_1_3' title='bbox 164 221 227 248; x_wconf 60' lang='lat' dir='ltr'>litt?-</span> 
     </span>
    </p>
   </div>
   <div class='ocr_carea' id='block_1_2' title="bbox 239 274 987 458">
    <p class='ocr_par' dir='ltr' id='par_1_2' title="bbox 239 274 987 458">
     <span class='ocr_line' id='line_1_2' title="bbox 240 274 987 321; baseline 0.003 -12"><span class='ocrx_word' id='word_1_4' title='bbox 240 275 274 310; x_wconf 86' lang='lat' dir='ltr'>S.</span> <span class='ocrx_word' id='word_1_5' title='bbox 298 274 335 310; x_wconf 79' lang='lat' dir='ltr'>R.</span> <span class='ocrx_word' id='word_1_6' title='bbox 360 275 385 310; x_wconf 85' lang='lat' dir='ltr'>E</span> <span class='ocrx_word' id='word_1_7' title='bbox 426 275 527 321; x_wconf 74' lang='lat' dir='ltr'>presb.</span> <span class='ocrx_word' id='word_1_8' title='bbox 561 276 644 311; x_wconf 79' lang='lat' dir='ltr'>card.</span> <span class='ocrx_word' id='word_1_9' title='bbox 682 289 717 311; x_wconf 86' lang='lat' dir='ltr'>ac</span> <span class='ocrx_word' id='word_1_10' title='bbox 745 277 987 315; x_wconf 76' lang='lat' dir='ltr'>hihliotlwcarii,</span> 
     </span>
     <span class='ocr_line' id='line_1_3' title="bbox 240 324 985 369; baseline 0.004 -11"><span class='ocrx_word' id='word_1_11' title='bbox 240 337 285 359; x_wconf 78' lang='lat' dir='ltr'>vn</span> <span class='ocrx_word' id='word_1_12' title='bbox 302 324 360 359; x_wconf 79' lang='lat' dir='ltr'>kat.</span> <span class='ocrx_word' id='word_1_13' title='bbox 382 325 465 369; x_wconf 63' lang='lat' dir='ltr'>maii,</span> <span class='ocrx_word' id='word_1_14' title='bbox 483 325 588 360; x_wconf 89' lang='lat' dir='ltr'>indict.</span> <span class='ocrx_word' id='word_1_15' title='bbox 607 339 642 363; x_wconf 81' lang='lat' dir='ltr'>tt.</span> <span class='ocrx_word' id='word_1_16' title='bbox 663 327 887 361; x_wconf 71' lang='lat' dir='ltr'>incarnationis</span> <span class='ocrx_word' id='word_1_17' title='bbox 902 328 985 361; x_wconf 74' lang='lat' dir='ltr'>«lom.</span> 
     </span>
     <span class='ocr_line' id='line_1_4' title="bbox 239 375 987 422; baseline 0.004 -15"><span class='ocrx_word' id='word_1_18' title='bbox 239 385 321 408; x_wconf 86' lang='lat' dir='ltr'>anno</span> <span class='ocrx_word' id='word_1_19' title='bbox 337 386 460 414; x_wconf 64' lang='lat' dir='ltr'>mesnil„</span> <span class='ocrx_word' id='word_1_20' title='bbox 483 383 567 421; x_wconf 90' lang='lat' dir='ltr'>pont.</span> <span class='ocrx_word' id='word_1_21' title='bbox 591 375 626 413; x_wconf 81' lang='lat' dir='ltr'>D.</span> <span class='ocrx_word' id='word_1_22' title='bbox 645 376 818 410; x_wconf 80' lang='lat' dir='ltr'>innocentii</span> <span class='ocrx_word' id='word_1_23' title='bbox 840 376 866 410; x_wconf 87' lang='lat' dir='ltr'>ll</span> <span class='ocrx_word' id='word_1_24' title='bbox 886 376 987 422; x_wconf 77' lang='lat' dir='ltr'>l‘apue</span> 
     </span>
     <span class='ocr_line' id='line_1_5' title="bbox 239 435 418 458; baseline -0.006 0"><span class='ocrx_word' id='word_1_25' title='bbox 239 435 321 458; x_wconf 83' lang='lat' dir='ltr'>anno</span> <span class='ocrx_word' id='word_1_26' title='bbox 349 436 418 457; x_wconf 80' lang='lat' dir='ltr'>xiii.</span> 
     </span>
    </p>
   </div>
   <div class='ocr_carea' id='block_1_3' title="bbox 286 478 939 520">
    <p class='ocr_par' dir='ltr' id='par_1_3' title="bbox 286 478 939 520">
     <span class='ocr_line' id='line_1_6' title="bbox 286 478 939 520; baseline 0.003 -11"><span class='ocrx_word' id='word_1_27' title='bbox 286 478 346 510; x_wconf 88' lang='lat' dir='ltr'>Dat.</span> <span class='ocrx_word' id='word_1_28' title='bbox 370 480 416 511; x_wconf 89' lang='lat' dir='ltr'>die</span> <span class='ocrx_word' id='word_1_29' title='bbox 439 481 477 510; x_wconf 66' lang='lat'>225</span> <span class='ocrx_word' id='word_1_30' title='bbox 499 481 600 520; x_wconf 80' lang='lat' dir='ltr'>aprilis</span> <span class='ocrx_word' id='word_1_31' title='bbox 623 490 698 510; x_wconf 91' lang='lat' dir='ltr'>anno</span> <span class='ocrx_word' id='word_1_32' title='bbox 720 480 834 511; x_wconf 83' lang='lat' dir='ltr'>Domini</span> <span class='ocrx_word' id='word_1_33' title='bbox 855 481 939 517; x_wconf 66' lang='lat' dir='ltr'>twa,</span> 
     </span>
    </p>
   </div>
   <div class='ocr_carea' id='block_1_4' title="bbox 209 525 750 565">
    <p class='ocr_par' dir='ltr' id='par_1_4' title="bbox 209 525 750 565">
     <span class='ocr_line' id='line_1_7' title="bbox 209 525 750 565; baseline 0 -10"><span class='ocrx_word' id='word_1_34' title='bbox 209 541 227 560; x_wconf 65' lang='grc' dir='ltr'><strong><em>ο</em></strong></span> <span class='ocrx_word' id='word_1_35' title='bbox 476 525 577 565; x_wconf 84' lang='lat' dir='ltr'>pontis.</span> <span class='ocrx_word' id='word_1_36' title='bbox 597 535 672 555; x_wconf 87' lang='lat' dir='ltr'>anno</span> <span class='ocrx_word' id='word_1_37' title='bbox 692 534 750 555; x_wconf 86' lang='lat' dir='ltr'>xut.</span> 
     </span>
    </p>
   </div>
   <div class='ocr_carea' id='block_1_5' title="bbox 515 593 688 600">
    <p class='ocr_par' dir='ltr' id='par_1_5' title="bbox 515 593 688 600">
     <span class='ocr_line' id='line_1_8' title="bbox 515 593 688 600; baseline 0 0"><span class='ocrx_word' id='word_1_38' title='bbox 515 593 688 600; x_wconf 95' lang='lat' dir='ltr'> </span> 
     </span>
    </p>
   </div>
   <div class='ocr_carea' id='block_1_6' title="bbox 538 667 683 702">
    <p class='ocr_par' dir='ltr' id='par_1_6' title="bbox 538 667 683 702">
     <span class='ocr_line' id='line_1_9' title="bbox 538 667 683 702; baseline 0 0"><span class='ocrx_word' id='word_1_39' title='bbox 538 667 683 702; x_wconf 82' lang='lat' dir='ltr'>LXXVI.</span> 
     </span>
    </p>
   </div>
   <div class='ocr_carea' id='block_1_7' title="bbox 238 737 986 880">
    <p class='ocr_par' dir='ltr' id='par_1_7' title="bbox 238 737 986 880">
     <span class='ocr_line' id='line_1_10' title="bbox 238 737 985 782; baseline 0 -12"><span class='ocrx_word' id='word_1_40' title='bbox 238 737 462 771; x_wconf 78' lang='lat' dir='ltr'>Monascerium</span> <span class='ocrx_word' id='word_1_41' title='bbox 487 737 523 769; x_wconf 81' lang='lat' dir='ltr'>de</span> <span class='ocrx_word' id='word_1_42' title='bbox 546 737 762 774; x_wconf 72' lang='lat' dir='ltr'>Leidecumba,</span> <span class='ocrx_word' id='word_1_43' title='bbox 789 750 809 771; x_wconf 86' lang='grc' dir='ltr'><em>α</em></span> <span class='ocrx_word' id='word_1_44' title='bbox 830 738 985 782; x_wconf 77' lang='lat' dir='ltr'>Stephano</span> 
     </span>
     <span class='ocr_line' id='line_1_11' title="bbox 285 786 986 830; baseline 0.004 -12"><span class='ocrx_word' id='word_1_45' title='bbox 285 787 460 830; x_wconf 72' lang='lat' dir='ltr'>Anqlorum</span> <span class='ocrx_word' id='word_1_46' title='bbox 487 797 554 829; x_wconf 75' lang='lat' dir='ltr'>reqe</span> <span class='ocrx_word' id='word_1_47' title='bbox 583 786 777 819; x_wconf 73' lang='lat' dir='ltr'>Gtum&#39;acensi</span> <span class='ocrx_word' id='word_1_48' title='bbox 803 789 986 821; x_wconf 63' lang='lat' dir='ltr'>”tonas-{erio</span> 
     </span>
     <span class='ocr_line' id='line_1_12' title="bbox 285 836 861 880; baseline 0.002 -12"><span class='ocrx_word' id='word_1_49' title='bbox 285 836 444 873; x_wconf 77' lang='lat' dir='ltr'>donatum,</span> <span class='ocrx_word' id='word_1_50' title='bbox 467 836 560 868; x_wconf 79' lang='lat' dir='ltr'>eidem</span> <span class='ocrx_word' id='word_1_51' title='bbox 586 836 789 880; x_wconf 78' lang='lat' dir='ltr'>confirmatur</span> <span class='ocrx_word' id='word_1_52' title='bbox 807 839 861 879; x_wconf 79' lang='lat'>(1).</span> 
     </span>
    </p>
   </div>
   <div class='ocr_carea' id='block_1_8' title="bbox 507 908 719 939">
    <p class='ocr_par' dir='ltr' id='par_1_8' title="bbox 507 908 719 939">
     <span class='ocr_line' id='line_1_13' title="bbox 507 908 719 939; baseline 0 -1"><span class='ocrx_word' id='word_1_53' title='bbox 507 908 719 939; x_wconf 73' lang='lat' dir='ltr'>SUMMARttnt</span> 
     </span>
    </p>
   </div>
   <div class='ocr_carea' id='block_1_9' title="bbox 235 968 986 1143">
    <p class='ocr_par' dir='ltr' id='par_1_9' title="bbox 235 968 986 1143">
     <span class='ocr_line' id='line_1_14' title="bbox 235 968 986 1002; baseline 0.001 -2"><span class='ocrx_word' id='word_1_54' title='bbox 235 968 402 1000; x_wconf 82' lang='lat' dir='ltr'>Exordium.</span> <span class='ocrx_word' id='word_1_55' title='bbox 424 970 592 1000; x_wconf 75' lang='lat' dir='ltr'>——Monast.</span> <span class='ocrx_word' id='word_1_56' title='bbox 615 971 650 1001; x_wconf 88' lang='lat' dir='ltr'>de</span> <span class='ocrx_word' id='word_1_57' title='bbox 670 970 866 1001; x_wconf 82' lang='lat' dir='ltr'>Letdecumba</span> <span class='ocrx_word' id='word_1_58' title='bbox 885 981 986 1002; x_wconf 81' lang='lat' dir='ltr'>mona-</span> 
     </span>
     <span class='ocr_line' id='line_1_15' title="bbox 275 1014 984 1046; baseline 0.004 -3"><span class='ocrx_word' id='word_1_59' title='bbox 275 1015 363 1044; x_wconf 85' lang='lat' dir='ltr'>sterio</span> <span class='ocrx_word' id='word_1_60' title='bbox 376 1014 506 1044; x_wconf 81' lang='lat' dir='ltr'>Cluniae.</span> <span class='ocrx_word' id='word_1_61' title='bbox 517 1015 716 1045; x_wconf 83' lang='lat' dir='ltr'>confirmatur.</span> <span class='ocrx_word' id='word_1_62' title='bbox 728 1032 767 1037; x_wconf 92' lang='lat'><strong>—</strong></span> <span class='ocrx_word' id='word_1_63' title='bbox 777 1015 886 1045; x_wconf 83' lang='lat' dir='ltr'>Solitae</span> <span class='ocrx_word' id='word_1_64' title='bbox 899 1017 984 1046; x_wconf 85' lang='lat' dir='ltr'>clau-</span> 
     </span>
     <span class='ocr_line' id='line_1_16' title="bbox 275 1058 982 1091; baseline 0.003 -3"><span class='ocrx_word' id='word_1_65' title='bbox 275 1058 367 1088; x_wconf 83' lang='lat' dir='ltr'><strong>sulae.</strong></span> <span class='ocrx_word' id='word_1_66' title='bbox 397 1061 436 1081; x_wconf 84' lang='grc'>’-</span> <span class='ocrx_word' id='word_1_67' title='bbox 464 1058 626 1089; x_wconf 86' lang='lat' dir='ltr'>Innocentii</span> <span class='ocrx_word' id='word_1_68' title='bbox 649 1059 702 1089; x_wconf 77' lang='lat' dir='ltr'>Pr.</span> <span class='ocrx_word' id='word_1_69' title='bbox 736 1064 762 1089; x_wconf 79' lang='lat' dir='ltr'>ot</span> <span class='ocrx_word' id='word_1_70' title='bbox 788 1059 815 1089; x_wconf 88' lang='lat' dir='ltr'>S.</span> <span class='ocrx_word' id='word_1_71' title='bbox 841 1060 871 1089; x_wconf 65' lang='lat' dir='ltr'>tt.</span> <span class='ocrx_word' id='word_1_72' title='bbox 905 1060 982 1091; x_wconf 84' lang='lat' dir='ltr'>Eccl.</span> 
     </span>
     <span class='ocr_line' id='line_1_17' title="bbox 274 1102 735 1143; baseline 0.007 -12"><span class='ocrx_word' id='word_1_73' title='bbox 274 1102 468 1132; x_wconf 72' lang='lat' dir='ltr'>cardinalium</span> <span class='ocrx_word' id='word_1_74' title='bbox 492 1103 735 1143; x_wconf 73' lang='lat' dir='ltr'>subscriptiones.</span> 
     </span>
    </p>
   </div>
   <div class='ocr_carea' id='block_1_10' title="bbox 235 1169 984 1343">
    <p class='ocr_par' dir='ltr' id='par_1_10' title="bbox 235 1169 984 1343">
     <span class='ocr_line' id='line_1_18' title="bbox 235 1169 984 1209; baseline 0.004 -10"><span class='ocrx_word' id='word_1_75' title='bbox 235 1169 382 1200; x_wconf 82' lang='lat' dir='ltr'>tnnocentius</span> <span class='ocrx_word' id='word_1_76' title='bbox 398 1171 518 1209; x_wconf 83' lang='lat' dir='ltr'>episcopus</span> <span class='ocrx_word' id='word_1_77' title='bbox 539 1180 616 1200; x_wconf 73' lang='lat' dir='ltr'>sertus</span> <span class='ocrx_word' id='word_1_78' title='bbox 631 1180 747 1200; x_wconf 74' lang='lat' dir='ltr'>servorun]</span> <span class='ocrx_word' id='word_1_79' title='bbox 769 1171 819 1209; x_wconf 81' lang='lat' dir='ltr'>Dei,</span> <span class='ocrx_word' id='word_1_80' title='bbox 837 1172 924 1201; x_wconf 83' lang='lat' dir='ltr'>dilecto</span> <span class='ocrx_word' id='word_1_81' title='bbox 936 1172 984 1202; x_wconf 84' lang='lat' dir='ltr'>[ilio</span> 
     </span>
     <span class='ocr_line' id='line_1_19' title="bbox 275 1214 983 1256; baseline 0.003 -12"><span class='ocrx_word' id='word_1_82' title='bbox 275 1214 343 1245; x_wconf 81' lang='lat' dir='ltr'>Petro</span> <span class='ocrx_word' id='word_1_83' title='bbox 364 1214 509 1245; x_wconf 74' lang='lat' dir='ltr'>cluniacensi</span> <span class='ocrx_word' id='word_1_84' title='bbox 527 1215 613 1253; x_wconf 81' lang='lat' dir='ltr'>abbati,</span> <span class='ocrx_word' id='word_1_85' title='bbox 632 1216 726 1254; x_wconf 86' lang='lat' dir='ltr'>eiusque</span> <span class='ocrx_word' id='word_1_86' title='bbox 742 1215 848 1246; x_wconf 79' lang='lat' dir='ltr'>fratribus</span> <span class='ocrx_word' id='word_1_87' title='bbox 861 1221 905 1246; x_wconf 80' lang='lat' dir='ltr'>taut</span> <span class='ocrx_word' id='word_1_88' title='bbox 919 1226 983 1256; x_wconf 84' lang='lat' dir='ltr'>prae-</span> 
     </span>
     <span class='ocr_line' id='line_1_20' title="bbox 274 1258 983 1298; baseline 0.004 -10"><span class='ocrx_word' id='word_1_89' title='bbox 274 1258 377 1289; x_wconf 87' lang='lat' dir='ltr'>sentibus</span> <span class='ocrx_word' id='word_1_90' title='bbox 401 1267 469 1298; x_wconf 85' lang='lat' dir='ltr'>quatu</span> <span class='ocrx_word' id='word_1_91' title='bbox 500 1258 580 1289; x_wconf 78' lang='lat' dir='ltr'>tuturis</span> <span class='ocrx_word' id='word_1_92' title='bbox 612 1260 751 1298; x_wconf 65' lang='lat' dir='ltr'>regulariter</span> <span class='ocrx_word' id='word_1_93' title='bbox 772 1259 937 1290; x_wconf 70' lang='lat' dir='ltr'>substituendis</span> <span class='ocrx_word' id='word_1_94' title='bbox 962 1263 983 1291; x_wconf 91' lang='lat' dir='ltr'>in</span> 
     </span>
     <span class='ocr_line' id='line_1_21' title="bbox 274 1307 419 1343; baseline 0 -10"><span class='ocrx_word' id='word_1_95' title='bbox 274 1307 419 1343; x_wconf 83' lang='lat' dir='ltr'>perpetuum.</span> 
     </span>
    </p>
   </div>
   <div class='ocr_carea' id='block_1_11' title="bbox 41 1365 984 2547">
    <p class='ocr_par' dir='ltr' id='par_1_11' title="bbox 233 1365 983 1710">
     <span class='ocr_line' id='line_1_22' title="bbox 281 1365 983 1413; baseline 0.001 -13"><span class='ocrx_word' id='word_1_96' title='bbox 281 1365 332 1400; x_wconf 91' lang='lat' dir='ltr'>Ad</span> <span class='ocrx_word' id='word_1_97' title='bbox 354 1366 460 1401; x_wconf 87' lang='lat' dir='ltr'>hocin</span> <span class='ocrx_word' id='word_1_98' title='bbox 476 1365 678 1413; x_wconf 80' lang='lat' dir='ltr'>Apostolioae</span> <span class='ocrx_word' id='word_1_99' title='bbox 699 1366 792 1401; x_wconf 88' lang='lat' dir='ltr'>Sedis</span> <span class='ocrx_word' id='word_1_100' title='bbox 815 1367 983 1413; x_wconf 75' lang='lat' dir='ltr'>regimine,</span> 
     </span>
     <span class='ocr_line' id='line_1_23' title="bbox 233 1414 983 1464; baseline 0 -14"><span class='ocrx_word' id='word_1_101' title='bbox 233 1414 423 1462; x_wconf 80' lang='lat' dir='ltr'>disponente</span> <span class='ocrx_word' id='word_1_102' title='bbox 449 1415 527 1456; x_wconf 81' lang='lat' dir='ltr'>Deo,</span> <span class='ocrx_word' id='word_1_103' title='bbox 552 1416 684 1463; x_wconf 87' lang='lat' dir='ltr'>promoti</span> <span class='ocrx_word' id='word_1_104' title='bbox 713 1428 835 1457; x_wconf 88' lang='lat' dir='ltr'>sumus,</span> <span class='ocrx_word' id='word_1_105' title='bbox 868 1425 899 1451; x_wconf 90' lang='lat' dir='ltr'>ut</span> <span class='ocrx_word' id='word_1_106' title='bbox 923 1417 983 1464; x_wconf 87' lang='lat' dir='ltr'>piis</span> 
     </span>
     <span class='ocr_line' id='line_1_24' title="bbox 234 1465 983 1513; baseline 0.001 -15"><span class='ocrx_word' id='word_1_107' title='bbox 234 1466 314 1499; x_wconf 87' lang='lat' dir='ltr'>votis</span> <span class='ocrx_word' id='word_1_108' title='bbox 339 1477 501 1500; x_wconf 82' lang='lat' dir='ltr'>assensum</span> <span class='ocrx_word' id='word_1_109' title='bbox 533 1465 700 1512; x_wconf 78' lang='lat' dir='ltr'>praebere,</span> <span class='ocrx_word' id='word_1_110' title='bbox 734 1477 893 1513; x_wconf 71' lang='lat' dir='ltr'>auresque</span> <span class='ocrx_word' id='word_1_111' title='bbox 925 1478 983 1500; x_wconf 87' lang='lat' dir='ltr'>no-</span> 
     </span>
     <span class='ocr_line' id='line_1_25' title="bbox 233 1514 983 1562; baseline 0 -13"><span class='ocrx_word' id='word_1_112' title='bbox 233 1522 313 1549; x_wconf 87' lang='lat' dir='ltr'>stras</span> <span class='ocrx_word' id='word_1_113' title='bbox 339 1514 490 1549; x_wconf 87' lang='lat' dir='ltr'>inclinare</span> <span class='ocrx_word' id='word_1_114' title='bbox 523 1515 614 1549; x_wconf 87' lang='lat' dir='ltr'>iustis</span> <span class='ocrx_word' id='word_1_115' title='bbox 639 1515 845 1562; x_wconf 83' lang='lat' dir='ltr'>petitionibus</span> <span class='ocrx_word' id='word_1_116' title='bbox 867 1515 983 1549; x_wconf 85' lang='lat' dir='ltr'>debea-</span> 
     </span>
     <span class='ocr_line' id='line_1_26' title="bbox 234 1564 982 1611; baseline 0.001 -13"><span class='ocrx_word' id='word_1_117' title='bbox 234 1575 320 1605; x_wconf 89' lang='lat' dir='ltr'>mus;</span> <span class='ocrx_word' id='word_1_118' title='bbox 335 1564 419 1611; x_wconf 72' lang='lat' dir='ltr'>quia,</span> <span class='ocrx_word' id='word_1_119' title='bbox 433 1564 514 1599; x_wconf 88' lang='lat' dir='ltr'>sicut</span> <span class='ocrx_word' id='word_1_120' title='bbox 529 1565 643 1599; x_wconf 88' lang='lat' dir='ltr'>iniusta</span> <span class='ocrx_word' id='word_1_121' title='bbox 660 1565 861 1611; x_wconf 83' lang='lat' dir='ltr'>poscentibus</span> <span class='ocrx_word' id='word_1_122' title='bbox 877 1564 982 1599; x_wconf 92' lang='lat' dir='ltr'>nullus</span> 
     </span>
     <span class='ocr_line' id='line_1_27' title="bbox 233 1613 982 1660; baseline 0.001 -13"><span class='ocrx_word' id='word_1_123' title='bbox 233 1620 281 1647; x_wconf 85' lang='lat' dir='ltr'>est</span> <span class='ocrx_word' id='word_1_124' title='bbox 315 1613 503 1648; x_wconf 83' lang='lat' dir='ltr'>tribuendus</span> <span class='ocrx_word' id='word_1_125' title='bbox 533 1614 681 1654; x_wconf 79' lang='lat' dir='ltr'>effectus,</span> <span class='ocrx_word' id='word_1_126' title='bbox 717 1614 756 1649; x_wconf 90' lang='lat' dir='ltr'>ita</span> <span class='ocrx_word' id='word_1_127' title='bbox 784 1614 919 1660; x_wconf 81' lang='lat' dir='ltr'>legitima</span> <span class='ocrx_word' id='word_1_128' title='bbox 952 1622 982 1648; x_wconf 90' lang='lat' dir='ltr'>et</span> 
     </span>
     <span class='ocr_line' id='line_1_28' title="bbox 235 1661 982 1710; baseline 0.001 -14"><span class='ocrx_word' id='word_1_129' title='bbox 235 1661 312 1697; x_wconf 85' lang='lat' dir='ltr'>iusta</span> <span class='ocrx_word' id='word_1_130' title='bbox 338 1663 562 1710; x_wconf 80' lang='lat' dir='ltr'>postulantium</span> <span class='ocrx_word' id='word_1_131' title='bbox 587 1675 647 1697; x_wconf 91' lang='lat' dir='ltr'>nou</span> <span class='ocrx_word' id='word_1_132' title='bbox 665 1671 710 1697; x_wconf 87' lang='lat' dir='ltr'>est</span> <span class='ocrx_word' id='word_1_133' title='bbox 725 1663 896 1698; x_wconf 77' lang='lat' dir='ltr'>differenda</span> <span class='ocrx_word' id='word_1_134' title='bbox 916 1676 982 1710; x_wconf 91' lang='lat' dir='ltr'>pos-</span> 
     </span>
    </p>

    <p class='ocr_par' dir='ltr' id='par_1_12' title="bbox 41 1712 984 1907">
     <span class='ocr_line' id='line_1_29' title="bbox 234 1712 981 1759; baseline 0.001 -13"><span class='ocrx_word' id='word_1_135' title='bbox 234 1712 345 1747; x_wconf 89' lang='lat' dir='ltr'>sessio.</span> <span class='ocrx_word' id='word_1_136' title='bbox 367 1712 413 1747; x_wconf 87' lang='lat' dir='ltr'>Ea</span> <span class='ocrx_word' id='word_1_137' title='bbox 433 1720 576 1759; x_wconf 78' lang='lat' dir='ltr'>propter..</span> <span class='ocrx_word' id='word_1_138' title='bbox 593 1712 696 1746; x_wconf 89' lang='lat' dir='ltr'>dilecti</span> <span class='ocrx_word' id='word_1_139' title='bbox 715 1713 744 1746; x_wconf 90' lang='lat' dir='ltr'>in</span> <span class='ocrx_word' id='word_1_140' title='bbox 760 1713 898 1747; x_wconf 89' lang='lat' dir='ltr'>Domino</span> <span class='ocrx_word' id='word_1_141' title='bbox 915 1714 981 1754; x_wconf 80' lang='lat' dir='ltr'>tilii,</span> 
     </span>
     <span class='ocr_line' id='line_1_30' title="bbox 62 1755 983 1810; baseline 0.001 -15"><span class='ocrx_word' id='word_1_142' title='bbox 62 1755 200 1810; x_wconf 47' lang='lat' dir='ltr'>&amp;2:2thss</span> <span class='ocrx_word' id='word_1_143' title='bbox 236 1761 345 1796; x_wconf 73' lang='lat' dir='ltr'>vesu-is</span> <span class='ocrx_word' id='word_1_144' title='bbox 370 1761 460 1796; x_wconf 88' lang='lat' dir='ltr'>iustis</span> <span class='ocrx_word' id='word_1_145' title='bbox 492 1761 754 1808; x_wconf 86' lang='lat' dir='ltr'>postulationibus</span> <span class='ocrx_word' id='word_1_146' title='bbox 776 1770 898 1808; x_wconf 83' lang='lat' dir='ltr'>gratum</span> <span class='ocrx_word' id='word_1_147' title='bbox 923 1763 983 1796; x_wconf 89' lang='lat' dir='ltr'>im-</span> 
     </span>
     <span class='ocr_line' id='line_1_31' title="bbox 41 1810 984 1857; baseline 0.002 -13"><span class='ocrx_word' id='word_1_148' title='bbox 41 1815 222 1840; x_wconf 70' lang='lat' dir='ltr'>monnsterivfflu-</span> <span class='ocrx_word' id='word_1_149' title='bbox 235 1810 405 1857; x_wconf 85' lang='lat' dir='ltr'>pertientes</span> <span class='ocrx_word' id='word_1_150' title='bbox 419 1823 594 1851; x_wconf 70' lang='lat' dir='ltr'>assensum,</span> <span class='ocrx_word' id='word_1_151' title='bbox 618 1812 840 1846; x_wconf 84' lang='lat' dir='ltr'>monasterium</span> <span class='ocrx_word' id='word_1_152' title='bbox 857 1812 895 1846; x_wconf 86' lang='lat' dir='ltr'>de</span> <span class='ocrx_word' id='word_1_153' title='bbox 913 1811 984 1846; x_wconf 84' lang='lat' dir='ltr'>Let-</span> 
     </span>
     <span class='ocr_line' id='line_1_32' title="bbox 42 1847 981 1907; baseline 0.001 -13"><span class='ocrx_word' id='word_1_154' title='bbox 42 1847 220 1901; x_wconf 57' lang='lat' dir='ltr'>ffissfmfl‘m’</span> <span class='ocrx_word' id='word_1_155' title='bbox 233 1859 399 1903; x_wconf 75' lang='lat' dir='ltr'>decumba,</span> <span class='ocrx_word' id='word_1_156' title='bbox 433 1860 699 1907; x_wconf 87' lang='lat' dir='ltr'>quemadmodum</span> <span class='ocrx_word' id='word_1_157' title='bbox 737 1861 773 1895; x_wconf 90' lang='lat' dir='ltr'>ad</span> <span class='ocrx_word' id='word_1_158' title='bbox 802 1863 845 1904; x_wconf 56' lang='lat'>(2)</span> <span class='ocrx_word' id='word_1_159' title='bbox 870 1861 981 1895; x_wconf 82' lang='lat' dir='ltr'>illustri</span> 
     </span>
    </p>

    <p class='ocr_par' dir='ltr' id='par_1_13' title="bbox 233 1909 983 2547">
     <span class='ocr_line' id='line_1_33' title="bbox 233 1909 983 1957; baseline 0.003 -14"><span class='ocrx_word' id='word_1_160' title='bbox 233 1909 299 1944; x_wconf 84' lang='lat' dir='ltr'>viro</span> <span class='ocrx_word' id='word_1_161' title='bbox 317 1909 479 1956; x_wconf 88' lang='lat' dir='ltr'>Stephano</span> <span class='ocrx_word' id='word_1_162' title='bbox 502 1910 677 1956; x_wconf 82' lang='lat' dir='ltr'>Anglorum</span> <span class='ocrx_word' id='word_1_163' title='bbox 707 1922 791 1957; x_wconf 73' lang='lat' dir='ltr'>rege,</span> <span class='ocrx_word' id='word_1_164' title='bbox 814 1922 885 1945; x_wconf 89' lang='lat' dir='ltr'>cum</span> <span class='ocrx_word' id='word_1_165' title='bbox 909 1923 983 1952; x_wconf 66' lang='lat' dir='ltr'>oon-</span> 
     </span>
     <span class='ocr_line' id='line_1_34' title="bbox 233 1958 982 2006; baseline 0.001 -13"><span class='ocrx_word' id='word_1_166' title='bbox 233 1958 454 1993; x_wconf 85' lang='lat' dir='ltr'>suetudinibus</span> <span class='ocrx_word' id='word_1_167' title='bbox 475 1967 505 1994; x_wconf 85' lang='lat' dir='ltr'>et</span> <span class='ocrx_word' id='word_1_168' title='bbox 530 1959 726 1994; x_wconf 83' lang='lat' dir='ltr'>libertatibus</span> <span class='ocrx_word' id='word_1_169' title='bbox 748 1960 790 1994; x_wconf 85' lang='lat' dir='ltr'>illi</span> <span class='ocrx_word' id='word_1_170' title='bbox 821 1960 982 2006; x_wconf 88' lang='lat' dir='ltr'>pertinen-</span> 
     </span>
     <span class='ocr_line' id='line_1_35' title="bbox 234 2007 980 2056; baseline 0.003 -14"><span class='ocrx_word' id='word_1_171' title='bbox 234 2007 338 2052; x_wconf 80' lang='lat' dir='ltr'>tibus,</span> <span class='ocrx_word' id='word_1_172' title='bbox 365 2016 396 2043; x_wconf 84' lang='lat' dir='ltr'>et</span> <span class='ocrx_word' id='word_1_173' title='bbox 421 2008 569 2043; x_wconf 86' lang='lat' dir='ltr'>omnibus</span> <span class='ocrx_word' id='word_1_174' title='bbox 596 2009 661 2043; x_wconf 86' lang='lat' dir='ltr'>suis</span> <span class='ocrx_word' id='word_1_175' title='bbox 690 2009 906 2056; x_wconf 71' lang='lat' dir='ltr'>appendiciis,</span> <span class='ocrx_word' id='word_1_176' title='bbox 942 2009 980 2044; x_wconf 85' lang='lat' dir='ltr'>de</span> 
     </span>
     <span class='ocr_line' id='line_1_36' title="bbox 235 2057 979 2104; baseline 0.003 -13"><span class='ocrx_word' id='word_1_177' title='bbox 235 2057 359 2104; x_wconf 85' lang='lat' dir='ltr'>proprio</span> <span class='ocrx_word' id='word_1_178' title='bbox 380 2057 521 2092; x_wconf 86' lang='lat' dir='ltr'>dominio</span> <span class='ocrx_word' id='word_1_179' title='bbox 548 2070 605 2092; x_wconf 90' lang='lat' dir='ltr'>suo</span> <span class='ocrx_word' id='word_1_180' title='bbox 626 2058 714 2093; x_wconf 85' lang='lat' dir='ltr'>vobis</span> <span class='ocrx_word' id='word_1_181' title='bbox 730 2058 906 2093; x_wconf 83' lang='lat' dir='ltr'>devotionis</span> <span class='ocrx_word' id='word_1_182' title='bbox 931 2058 979 2093; x_wconf 78' lang='lat' dir='ltr'>in·-</span> 
     </span>
     <span class='ocr_line' id='line_1_37' title="bbox 235 2106 981 2154; baseline 0.003 -14"><span class='ocrx_word' id='word_1_183' title='bbox 235 2106 314 2141; x_wconf 88' lang='lat' dir='ltr'>tuitu</span> <span class='ocrx_word' id='word_1_184' title='bbox 336 2119 522 2142; x_wconf 85' lang='lat' dir='ltr'>concessum</span> <span class='ocrx_word' id='word_1_185' title='bbox 554 2115 618 2147; x_wconf 82' lang='lat' dir='ltr'>est,</span> <span class='ocrx_word' id='word_1_186' title='bbox 652 2115 683 2141; x_wconf 79' lang='lat' dir='ltr'>et</span> <span class='ocrx_word' id='word_1_187' title='bbox 704 2109 823 2154; x_wconf 85' lang='lat' dir='ltr'>scripto</span> <span class='ocrx_word' id='word_1_188' title='bbox 845 2120 902 2142; x_wconf 88' lang='lat' dir='ltr'>suo</span> <span class='ocrx_word' id='word_1_189' title='bbox 927 2107 981 2142; x_wconf 81' lang='lat' dir='ltr'>fir-</span> 
     </span>
     <span class='ocr_line' id='line_1_38' title="bbox 235 2156 981 2202; baseline 0 -12"><span class='ocrx_word' id='word_1_190' title='bbox 235 2163 365 2199; x_wconf 80' lang='lat' dir='ltr'>matum,</span> <span class='ocrx_word' id='word_1_191' title='bbox 390 2168 446 2202; x_wconf 89' lang='lat' dir='ltr'>pro</span> <span class='ocrx_word' id='word_1_192' title='bbox 470 2164 598 2191; x_wconf 81' lang='lat' dir='ltr'>centum</span> <span class='ocrx_word' id='word_1_193' title='bbox 626 2156 770 2191; x_wconf 83' lang='lat' dir='ltr'>videlicet</span> <span class='ocrx_word' id='word_1_194' title='bbox 793 2157 905 2191; x_wconf 87' lang='lat' dir='ltr'>marcis</span> <span class='ocrx_word' id='word_1_195' title='bbox 931 2170 981 2191; x_wconf 85' lang='lat' dir='ltr'>ar-</span> 
     </span>
     <span class='ocr_line' id='line_1_39' title="bbox 233 2205 980 2252; baseline 0.001 -13"><span class='ocrx_word' id='word_1_196' title='bbox 233 2205 336 2251; x_wconf 81' lang='lat' dir='ltr'>genti,</span> <span class='ocrx_word' id='word_1_197' title='bbox 371 2217 449 2252; x_wconf 86' lang='lat' dir='ltr'>quas</span> <span class='ocrx_word' id='word_1_198' title='bbox 481 2205 639 2240; x_wconf 86' lang='lat' dir='ltr'>Henricus</span> <span class='ocrx_word' id='word_1_199' title='bbox 677 2206 776 2241; x_wconf 87' lang='lat' dir='ltr'>bonae</span> <span class='ocrx_word' id='word_1_200' title='bbox 810 2207 980 2240; x_wconf 78' lang='lat' dir='ltr'>memoriae</span> 
     </span>
     <span class='ocr_line' id='line_1_40' title="bbox 233 2253 981 2301; baseline 0.001 -13"><span class='ocrx_word' id='word_1_201' title='bbox 233 2253 407 2300; x_wconf 74' lang='lat' dir='ltr'>Anglorum</span> <span class='ocrx_word' id='word_1_202' title='bbox 436 2266 509 2295; x_wconf 79' lang='lat' dir='ltr'>reX,</span> <span class='ocrx_word' id='word_1_203' title='bbox 545 2254 766 2301; x_wconf 85' lang='lat' dir='ltr'>praedecessor</span> <span class='ocrx_word' id='word_1_204' title='bbox 803 2255 907 2296; x_wconf 79' lang='lat' dir='ltr'>iltius,</span> <span class='ocrx_word' id='word_1_205' title='bbox 942 2255 981 2289; x_wconf 89' lang='lat' dir='ltr'>de</span> 
     </span>
     <span class='ocr_line' id='line_1_41' title="bbox 234 2301 981 2351; baseline 0 -13"><span class='ocrx_word' id='word_1_206' title='bbox 234 2301 380 2338; x_wconf 68' lang='lat' dir='ltr'>thesauri&gt;</span> <span class='ocrx_word' id='word_1_207' title='bbox 402 2315 460 2338; x_wconf 90' lang='lat' dir='ltr'>suo</span> <span class='ocrx_word' id='word_1_208' title='bbox 486 2304 577 2338; x_wconf 86' lang='lat' dir='ltr'>annis</span> <span class='ocrx_word' id='word_1_209' title='bbox 604 2303 738 2349; x_wconf 83' lang='lat' dir='ltr'>singulis</span> <span class='ocrx_word' id='word_1_210' title='bbox 766 2304 981 2351; x_wconf 78' lang='lat' dir='ltr'>persolvendis</span> 
     </span>
     <span class='ocr_line' id='line_1_42' title="bbox 233 2351 979 2400; baseline 0.001 -13"><span class='ocrx_word' id='word_1_211' title='bbox 233 2351 321 2387; x_wconf 89' lang='lat' dir='ltr'>vobis</span> <span class='ocrx_word' id='word_1_212' title='bbox 351 2360 565 2396; x_wconf 73' lang='lat' dir='ltr'>concesserat,</span> <span class='ocrx_word' id='word_1_213' title='bbox 596 2354 779 2388; x_wconf 88' lang='lat' dir='ltr'>auctoritate</span> <span class='ocrx_word' id='word_1_214' title='bbox 811 2353 979 2400; x_wconf 77' lang='lat' dir='ltr'>apostolica</span> 
     </span>
     <span class='ocr_line' id='line_1_43' title="bbox 233 2401 979 2448; baseline 0 -12"><span class='ocrx_word' id='word_1_215' title='bbox 233 2401 335 2446; x_wconf 86' lang='lat' dir='ltr'>vobis,</span> <span class='ocrx_word' id='word_1_216' title='bbox 356 2409 387 2437; x_wconf 86' lang='lat' dir='ltr'>et</span> <span class='ocrx_word' id='word_1_217' title='bbox 403 2414 459 2448; x_wconf 86' lang='lat' dir='ltr'>per</span> <span class='ocrx_word' id='word_1_218' title='bbox 481 2414 534 2436; x_wconf 89' lang='lat' dir='ltr'>vos</span> <span class='ocrx_word' id='word_1_219' title='bbox 552 2401 754 2437; x_wconf 87' lang='lat' dir='ltr'>Cluniacensi</span> <span class='ocrx_word' id='word_1_220' title='bbox 778 2403 979 2441; x_wconf 78' lang='lat' dir='ltr'>monasterio,</span> 
     </span>
     <span class='ocr_line' id='line_1_44' title="bbox 233 2451 979 2498; baseline 0 -12"><span class='ocrx_word' id='word_1_221' title='bbox 233 2451 467 2491; x_wconf 83' lang='lat' dir='ltr'>confirmamus,</span> <span class='ocrx_word' id='word_1_222' title='bbox 489 2459 520 2486; x_wconf 85' lang='lat' dir='ltr'>et</span> <span class='ocrx_word' id='word_1_223' title='bbox 544 2451 715 2498; x_wconf 86' lang='lat' dir='ltr'>praesentis</span> <span class='ocrx_word' id='word_1_224' title='bbox 737 2452 842 2498; x_wconf 87' lang='lat' dir='ltr'>scripti</span> <span class='ocrx_word' id='word_1_225' title='bbox 870 2453 979 2498; x_wconf 67' lang='lat' dir='ltr'>pagina</span> 
     </span>
     <span class='ocr_line' id='line_1_45' title="bbox 233 2500 978 2547; baseline 0 -12"><span class='ocrx_word' id='word_1_226' title='bbox 233 2501 478 2536; x_wconf 82' lang='lat' dir='ltr'>communimus.</span> <span class='ocrx_word' id='word_1_227' title='bbox 507 2500 540 2535; x_wconf 89' lang='lat' dir='ltr'>Si</span> <span class='ocrx_word' id='word_1_228' title='bbox 573 2512 633 2547; x_wconf 90' lang='lat' dir='ltr'>qua</span> <span class='ocrx_word' id='word_1_229' title='bbox 662 2500 756 2547; x_wconf 81' lang='lat' dir='ltr'>igitur</span> <span class='ocrx_word' id='word_1_230' title='bbox 784 2502 812 2534; x_wconf 93' lang='lat' dir='ltr'>in</span> <span class='ocrx_word' id='word_1_231' title='bbox 841 2500 978 2535; x_wconf 87' lang='lat' dir='ltr'>futurum</span> 
     </span>
    </p>
   </div>
   <div class='ocr_carea' id='block_1_12' title="bbox 236 2568 978 2645">
    <p class='ocr_par' dir='ltr' id='par_1_14' title="bbox 236 2568 978 2645">
     <span class='ocr_line' id='line_1_46' title="bbox 268 2568 978 2605; baseline 0.001 -9"><span class='ocrx_word' id='word_1_232' title='bbox 268 2571 306 2605; x_wconf 84' lang='lat' dir='ltr'>(l)</span> <span class='ocrx_word' id='word_1_233' title='bbox 323 2570 362 2596; x_wconf 84' lang='lat' dir='ltr'>Ex</span> <span class='ocrx_word' id='word_1_234' title='bbox 378 2569 501 2596; x_wconf 83' lang='lat' dir='ltr'>Biblioth.</span> <span class='ocrx_word' id='word_1_235' title='bbox 519 2568 635 2595; x_wconf 84' lang='lat' dir='ltr'>Cluniae.</span> <span class='ocrx_word' id='word_1_236' title='bbox 657 2569 762 2596; x_wconf 82' lang='lat' dir='ltr'>Martini</span> <span class='ocrx_word' id='word_1_237' title='bbox 779 2570 911 2602; x_wconf 60' lang='lat' dir='ltr'>Mamer„</span> <span class='ocrx_word' id='word_1_238' title='bbox 928 2571 978 2597; x_wconf 85' lang='lat' dir='ltr'>eol.</span> 
     </span>
     <span class='ocr_line' id='line_1_47' title="bbox 236 2608 684 2645; baseline -0.007 -8"><span class='ocrx_word' id='word_1_239' title='bbox 236 2610 312 2637; x_wconf 65' lang='lat'>25110.</span> <span class='ocrx_word' id='word_1_240' title='bbox 350 2609 389 2645; x_wconf 69' lang='lat'>(2)</span> <span class='ocrx_word' id='word_1_241' title='bbox 409 2609 475 2644; x_wconf 81' lang='lat' dir='ltr'>Lege</span> <span class='ocrx_word' id='word_1_242' title='bbox 490 2611 532 2635; x_wconf 79' lang='lat' dir='ltr'>ab.</span> <span class='ocrx_word' id='word_1_243' title='bbox 590 2608 625 2643; x_wconf 84' lang='lat' dir='ltr'>(n.</span> <span class='ocrx_word' id='word_1_244' title='bbox 644 2608 684 2643; x_wconf 79' lang='lat' dir='ltr'>T.)</span> 
     </span>
    </p>
   </div>
   <div class='ocr_carea' id='block_1_13' title="bbox 73 1382 181 1406">
    <p class='ocr_par' dir='ltr' id='par_1_15' title="bbox 73 1382 181 1406">
     <span class='ocr_line' id='line_1_48' title="bbox 73 1382 181 1406; baseline 0.009 -1"><span class='ocrx_word' id='word_1_245' title='bbox 73 1382 181 1406; x_wconf 66' lang='lat' dir='ltr'>uxoratum</span> 
     </span>
    </p>
   </div>
   <div class='ocr_carea' id='block_1_14' title="bbox 843 223 1170 246">
    <p class='ocr_par' dir='ltr' id='par_1_16' title="bbox 843 223 1170 246">
     <span class='ocr_line' id='line_1_49' title="bbox 843 223 1170 246; baseline 0.003 -1"><span class='ocrx_word' id='word_1_246' title='bbox 843 223 1053 245; x_wconf 53' lang='lat' dir='ltr'>tNNoittzvrtt‘x</span> <span class='ocrx_word' id='word_1_247' title='bbox 1078 225 1098 246; x_wconf 72' lang='lat' dir='ltr'>ll</span> <span class='ocrx_word' id='word_1_248' title='bbox 1125 225 1170 246; x_wconf 74' lang='grc' dir='ltr'>ΙΨ.</span> 
     </span>
    </p>
   </div>
   <div class='ocr_carea' id='block_1_15' title="bbox 1660 217 1721 248">
    <p class='ocr_par' dir='ltr' id='par_1_17' title="bbox 1660 217 1721 248">
     <span class='ocr_line' id='line_1_50' title="bbox 1660 217 1721 248; baseline 0.033 -2"><span class='ocrx_word' id='word_1_249' title='bbox 1660 217 1721 248; x_wconf 68' lang='lat' dir='ltr'>tot</span> 
     </span>
    </p>
   </div>
   <div class='ocr_carea' id='block_1_16' title="bbox 1025 279 1971 1162">
    <p class='ocr_par' dir='ltr' id='par_1_18' title="bbox 1026 279 1777 1064">
     <span class='ocr_line' id='line_1_51' title="bbox 1031 279 1777 326; baseline 0.005 -15"><span class='ocrx_word' id='word_1_250' title='bbox 1031 279 1237 313; x_wconf 68' lang='lat' dir='ltr'>ecclesiastica</span> <span class='ocrx_word' id='word_1_251' title='bbox 1265 279 1472 314; x_wconf 72' lang='lat' dir='ltr'>saecularisve</span> <span class='ocrx_word' id='word_1_252' title='bbox 1501 292 1650 326; x_wconf 69' lang='lat' dir='ltr'>persona,</span> <span class='ocrx_word' id='word_1_253' title='bbox 1683 280 1777 315; x_wconf 90' lang='lat' dir='ltr'>huius</span> 
     </span>
     <span class='ocr_line' id='line_1_52' title="bbox 1032 329 1776 376; baseline 0.007 -16"><span class='ocrx_word' id='word_1_254' title='bbox 1032 337 1154 361; x_wconf 78' lang='lat' dir='ltr'>nostrae</span> <span class='ocrx_word' id='word_1_255' title='bbox 1189 329 1435 363; x_wconf 68' lang='lat' dir='ltr'>confirmationis</span> <span class='ocrx_word' id='word_1_256' title='bbox 1477 329 1621 376; x_wconf 81' lang='lat' dir='ltr'>paginam</span> <span class='ocrx_word' id='word_1_257' title='bbox 1656 331 1776 370; x_wconf 81' lang='lat' dir='ltr'>sciens,</span> 
     </span>
     <span class='ocr_line' id='line_1_53' title="bbox 1030 385 1777 422; baseline 0.005 -12"><span class='ocrx_word' id='word_1_258' title='bbox 1030 385 1137 411; x_wconf 82' lang='lat' dir='ltr'>contra</span> <span class='ocrx_word' id='word_1_259' title='bbox 1163 389 1230 410; x_wconf 76' lang='lat' dir='ltr'>cant</span> <span class='ocrx_word' id='word_1_260' title='bbox 1255 385 1370 411; x_wconf 75' lang='lat' dir='ltr'>{cincre</span> <span class='ocrx_word' id='word_1_261' title='bbox 1395 391 1499 413; x_wconf 70' lang='lat' dir='ltr'>ventre</span> <span class='ocrx_word' id='word_1_262' title='bbox 1526 387 1699 422; x_wconf 77' lang='lat' dir='ltr'>tentaverit,</span> <span class='ocrx_word' id='word_1_263' title='bbox 1726 392 1777 414; x_wconf 84' lang='lat' dir='ltr'>se-</span> 
     </span>
     <span class='ocr_line' id='line_1_54' title="bbox 1030 426 1777 471; baseline 0.009 -14"><span class='ocrx_word' id='word_1_264' title='bbox 1030 426 1134 460; x_wconf 78' lang='lat' dir='ltr'>cundo</span> <span class='ocrx_word' id='word_1_265' title='bbox 1162 427 1290 460; x_wconf 72' lang='lat' dir='ltr'>tertiove</span> <span class='ocrx_word' id='word_1_266' title='bbox 1318 428 1518 471; x_wconf 75' lang='lat' dir='ltr'>commonita,</span> <span class='ocrx_word' id='word_1_267' title='bbox 1541 428 1565 462; x_wconf 89' lang='lat' dir='ltr'>si</span> <span class='ocrx_word' id='word_1_268' title='bbox 1602 442 1662 463; x_wconf 82' lang='lat' dir='ltr'>non</span> <span class='ocrx_word' id='word_1_269' title='bbox 1686 429 1777 464; x_wconf 83' lang='lat' dir='ltr'>satis-</span> 
     </span>
     <span class='ocr_line' id='line_1_55' title="bbox 1030 474 1777 525; baseline 0.008 -18"><span class='ocrx_word' id='word_1_270' title='bbox 1030 474 1162 509; x_wconf 74' lang='lat' dir='ltr'>factione</span> <span class='ocrx_word' id='word_1_271' title='bbox 1189 487 1325 519; x_wconf 66' lang='lat' dir='ltr'>coitgrua</span> <span class='ocrx_word' id='word_1_272' title='bbox 1353 477 1582 521; x_wconf 76' lang='lat' dir='ltr'>emendaverit,</span> <span class='ocrx_word' id='word_1_273' title='bbox 1618 479 1777 525; x_wconf 83' lang='lat' dir='ltr'>potcstatis</span> 
     </span>
     <span class='ocr_line' id='line_1_56' title="bbox 1030 523 1777 575; baseline 0.009 -19"><span class='ocrx_word' id='word_1_274' title='bbox 1030 523 1220 570; x_wconf 76' lang='lat' dir='ltr'>honorisque</span> <span class='ocrx_word' id='word_1_275' title='bbox 1243 525 1289 558; x_wconf 81' lang='lat' dir='ltr'>sui</span> <span class='ocrx_word' id='word_1_276' title='bbox 1314 525 1465 570; x_wconf 66' lang='lat' dir='ltr'>dignitate</span> <span class='ocrx_word' id='word_1_277' title='bbox 1492 536 1604 566; x_wconf 66' lang='lat' dir='ltr'>careat,</span> <span class='ocrx_word' id='word_1_278' title='bbox 1628 540 1777 575; x_wconf 78' lang='lat' dir='ltr'>reamque</span> 
     </span>
     <span class='ocr_line' id='line_1_57' title="bbox 1029 573 1777 626; baseline 0.009 -21"><span class='ocrx_word' id='word_1_279' title='bbox 1029 584 1061 626; x_wconf 80' lang='lat' dir='ltr'>se</span> <span class='ocrx_word' id='word_1_280' title='bbox 1083 573 1189 607; x_wconf 89' lang='lat' dir='ltr'>divino</span> <span class='ocrx_word' id='word_1_281' title='bbox 1218 574 1332 608; x_wconf 55' lang='lat' dir='ltr'>indu-io</span> <span class='ocrx_word' id='word_1_282' title='bbox 1365 576 1498 610; x_wconf 72' lang='lat' dir='ltr'>existere</span> <span class='ocrx_word' id='word_1_283' title='bbox 1529 576 1567 610; x_wconf 72' lang='lat' dir='ltr'>ilc</span> <span class='ocrx_word' id='word_1_284' title='bbox 1602 585 1777 623; x_wconf 83' lang='lat' dir='ltr'>perpetrata</span> 
     </span>
     <span class='ocr_line' id='line_1_58' title="bbox 1030 621 1776 668; baseline 0.009 -14"><span class='ocrx_word' id='word_1_285' title='bbox 1030 621 1190 668; x_wconf 78' lang='lat' dir='ltr'>iniquitate</span> <span class='ocrx_word' id='word_1_286' title='bbox 1229 633 1415 667; x_wconf 72' lang='lat' dir='ltr'>cognoscat,</span> <span class='ocrx_word' id='word_1_287' title='bbox 1454 633 1483 658; x_wconf 76' lang='lat' dir='ltr'>et</span> <span class='ocrx_word' id='word_1_288' title='bbox 1518 636 1533 658; x_wconf 91' lang='lat' dir='ltr'>a</span> <span class='ocrx_word' id='word_1_289' title='bbox 1566 627 1776 661; x_wconf 80' lang='lat' dir='ltr'>sacratissimo</span> 
     </span>
     <span class='ocr_line' id='line_1_59' title="bbox 1028 670 1776 717; baseline 0.008 -13"><span class='ocrx_word' id='word_1_290' title='bbox 1028 670 1169 717; x_wconf 76' lang='lat' dir='ltr'>Corpore</span> <span class='ocrx_word' id='word_1_291' title='bbox 1191 684 1226 706; x_wconf 90' lang='lat' dir='ltr'>ac</span> <span class='ocrx_word' id='word_1_292' title='bbox 1252 673 1413 717; x_wconf 70' lang='lat' dir='ltr'>Sanguine</span> <span class='ocrx_word' id='word_1_293' title='bbox 1436 673 1492 707; x_wconf 85' lang='lat' dir='ltr'>Dei</span> <span class='ocrx_word' id='word_1_294' title='bbox 1517 682 1546 708; x_wconf 81' lang='lat' dir='ltr'>ct</span> <span class='ocrx_word' id='word_1_295' title='bbox 1568 674 1695 709; x_wconf 80' lang='lat' dir='ltr'>Domini</span> <span class='ocrx_word' id='word_1_296' title='bbox 1720 688 1776 710; x_wconf 91' lang='lat' dir='ltr'>no-</span> 
     </span>
     <span class='ocr_line' id='line_1_60' title="bbox 1027 720 1775 768; baseline 0.005 -15"><span class='ocrx_word' id='word_1_297' title='bbox 1027 720 1079 753; x_wconf 86' lang='lat' dir='ltr'>stri</span> <span class='ocrx_word' id='word_1_298' title='bbox 1108 720 1176 754; x_wconf 78' lang='lat' dir='ltr'>Icsu</span> <span class='ocrx_word' id='word_1_299' title='bbox 1206 720 1322 755; x_wconf 79' lang='lat' dir='ltr'>Christi</span> <span class='ocrx_word' id='word_1_300' title='bbox 1349 721 1568 768; x_wconf 73' lang='lat' dir='ltr'>l{‹·‹letnptoris</span> <span class='ocrx_word' id='word_1_301' title='bbox 1589 724 1688 759; x_wconf 83' lang='lat' dir='ltr'>aliena</span> <span class='ocrx_word' id='word_1_302' title='bbox 1713 724 1775 765; x_wconf 80' lang='lat' dir='ltr'>fiat,</span> 
     </span>
     <span class='ocr_line' id='line_1_61' title="bbox 1027 770 1776 816; baseline 0.007 -13"><span class='ocrx_word' id='word_1_303' title='bbox 1027 777 1118 816; x_wconf 75' lang='lat' dir='ltr'>atque</span> <span class='ocrx_word' id='word_1_304' title='bbox 1143 770 1171 803; x_wconf 89' lang='lat' dir='ltr'>in</span> <span class='ocrx_word' id='word_1_305' title='bbox 1200 778 1338 804; x_wconf 70' lang='lat' dir='ltr'>extremo</span> <span class='ocrx_word' id='word_1_306' title='bbox 1361 771 1504 805; x_wconf 65' lang='lat' dir='ltr'>examine</span> <span class='ocrx_word' id='word_1_307' title='bbox 1540 772 1698 807; x_wconf 85' lang='lat' dir='ltr'>districtae</span> <span class='ocrx_word' id='word_1_308' title='bbox 1726 774 1776 808; x_wconf 92' lang='lat' dir='ltr'>ul-</span> 
     </span>
     <span class='ocr_line' id='line_1_62' title="bbox 1028 819 1775 860; baseline 0.007 -8"><span class='ocrx_word' id='word_1_309' title='bbox 1028 819 1103 852; x_wconf 90' lang='lat' dir='ltr'>tioni</span> <span class='ocrx_word' id='word_1_310' title='bbox 1137 819 1311 860; x_wconf 82' lang='lat' dir='ltr'>subiaceat;</span> <span class='ocrx_word' id='word_1_311' title='bbox 1346 820 1587 855; x_wconf 75' lang='lat' dir='ltr'>observantibus</span> <span class='ocrx_word' id='word_1_312' title='bbox 1608 830 1712 857; x_wconf 85' lang='lat' dir='ltr'>autem</span> <span class='ocrx_word' id='word_1_313' title='bbox 1735 823 1775 857; x_wconf 81' lang='lat' dir='ltr'>sit</span> 
     </span>
     <span class='ocr_line' id='line_1_63' title="bbox 1028 868 1776 918; baseline 0.007 -17"><span class='ocrx_word' id='word_1_314' title='bbox 1028 879 1087 914; x_wconf 81' lang='lat' dir='ltr'>pax</span> <span class='ocrx_word' id='word_1_315' title='bbox 1108 868 1234 902; x_wconf 90' lang='lat' dir='ltr'>Domini</span> <span class='ocrx_word' id='word_1_316' title='bbox 1259 870 1353 903; x_wconf 86' lang='lat' dir='ltr'>nostri</span> <span class='ocrx_word' id='word_1_317' title='bbox 1379 869 1446 904; x_wconf 80' lang='lat' dir='ltr'>lesu</span> <span class='ocrx_word' id='word_1_318' title='bbox 1470 869 1597 911; x_wconf 73' lang='lat' dir='ltr'>Clu-isti,</span> <span class='ocrx_word' id='word_1_319' title='bbox 1620 880 1776 918; x_wconf 87' lang='lat' dir='ltr'>quatenus</span> 
     </span>
     <span class='ocr_line' id='line_1_64' title="bbox 1026 917 1775 967; baseline 0.008 -17"><span class='ocrx_word' id='word_1_320' title='bbox 1026 924 1055 951; x_wconf 82' lang='lat' dir='ltr'>et</span> <span class='ocrx_word' id='word_1_321' title='bbox 1076 917 1126 952; x_wconf 88' lang='lat' dir='ltr'>hic</span> <span class='ocrx_word' id='word_1_322' title='bbox 1148 918 1282 953; x_wconf 78' lang='lat' dir='ltr'>fructum</span> <span class='ocrx_word' id='word_1_323' title='bbox 1307 919 1407 953; x_wconf 83' lang='lat' dir='ltr'>honae</span> <span class='ocrx_word' id='word_1_324' title='bbox 1435 920 1565 954; x_wconf 84' lang='lat' dir='ltr'>actionis</span> <span class='ocrx_word' id='word_1_325' title='bbox 1591 921 1775 967; x_wconf 79' lang='lat' dir='ltr'>percipiant,</span> 
     </span>
     <span class='ocr_line' id='line_1_65' title="bbox 1026 967 1776 1016; baseline 0.007 -16"><span class='ocrx_word' id='word_1_326' title='bbox 1026 974 1056 1000; x_wconf 87' lang='lat' dir='ltr'>et</span> <span class='ocrx_word' id='word_1_327' title='bbox 1078 968 1159 1014; x_wconf 90' lang='lat' dir='ltr'>apud</span> <span class='ocrx_word' id='word_1_328' title='bbox 1194 967 1368 1002; x_wconf 86' lang='lat' dir='ltr'>districtum</span> <span class='ocrx_word' id='word_1_329' title='bbox 1402 968 1542 1003; x_wconf 87' lang='lat' dir='ltr'>Iudicem</span> <span class='ocrx_word' id='word_1_330' title='bbox 1568 971 1703 1016; x_wconf 85' lang='lat' dir='ltr'>praemia</span> <span class='ocrx_word' id='word_1_331' title='bbox 1722 983 1776 1005; x_wconf 92' lang='lat' dir='ltr'>ae-</span> 
     </span>
     <span class='ocr_line' id='line_1_66' title="bbox 1027 1017 1774 1064; baseline 0.007 -15"><span class='ocrx_word' id='word_1_332' title='bbox 1027 1023 1131 1050; x_wconf 82' lang='lat' dir='ltr'>ternae</span> <span class='ocrx_word' id='word_1_333' title='bbox 1148 1017 1233 1064; x_wconf 80' lang='lat' dir='ltr'>pacis</span> <span class='ocrx_word' id='word_1_334' title='bbox 1247 1017 1416 1051; x_wconf 85' lang='lat' dir='ltr'>iuveniant.</span> <span class='ocrx_word' id='word_1_335' title='bbox 1432 1018 1546 1059; x_wconf 69' lang='lat' dir='ltr'>Amen,</span> <span class='ocrx_word' id='word_1_336' title='bbox 1560 1031 1774 1060; x_wconf 86' lang='lat' dir='ltr'>ameu‚amen.</span> 
     </span>
    </p>

    <p class='ocr_par' dir='ltr' id='par_1_19' title="bbox 1025 1066 1971 1162">
     <span class='ocr_line' id='line_1_67' title="bbox 1075 1066 1971 1105; baseline 0.004 -6"><span class='ocrx_word' id='word_1_337' title='bbox 1075 1066 1146 1100; x_wconf 80' lang='lat' dir='ltr'>Euo</span> <span class='ocrx_word' id='word_1_338' title='bbox 1170 1066 1384 1101; x_wconf 66' lang='lat' dir='ltr'>lxxocexrius</span> <span class='ocrx_word' id='word_1_339' title='bbox 1412 1068 1583 1103; x_wconf 81' lang='lat' dir='ltr'>catholicae</span> <span class='ocrx_word' id='word_1_340' title='bbox 1614 1069 1777 1105; x_wconf 83' lang='lat' dir='ltr'>Ecclesiae</span> <span class='ocrx_word' id='word_1_341' title='bbox 1805 1083 1971 1104; x_wconf 47' lang='lat' dir='ltr'>inu-..nudare</span> 
     </span>
     <span class='ocr_line' id='line_1_68' title="bbox 1025 1115 1262 1162; baseline 0.004 -13"><span class='ocrx_word' id='word_1_342' title='bbox 1025 1115 1195 1162; x_wconf 78' lang='lat' dir='ltr'>episeopus</span> <span class='ocrx_word' id='word_1_343' title='bbox 1221 1129 1262 1150; x_wconf 80' lang='lat' dir='ltr'>ss.</span> 
     </span>
    </p>
   </div>
   <div class='ocr_carea' id='block_1_17' title="bbox 1795 225 1976 253">
    <p class='ocr_par' dir='ltr' id='par_1_20' title="bbox 1795 225 1976 253">
     <span class='ocr_line' id='line_1_69' title="bbox 1795 225 1976 253; baseline 0.017 -2"><span class='ocrx_word' id='word_1_344' title='bbox 1795 225 1841 252; x_wconf 74' lang='lat' dir='ltr'>An.</span> <span class='ocrx_word' id='word_1_345' title='bbox 1862 226 1889 251; x_wconf 88' lang='lat' dir='ltr'>C.</span> <span class='ocrx_word' id='word_1_346' title='bbox 1913 228 1976 253; x_wconf 63' lang='lat' dir='ltr'>ll&#39;tss</span> 
     </span>
    </p>
   </div>
   <div class='ocr_carea' id='block_1_18' title="bbox 1805 340 1961 391">
    <p class='ocr_par' dir='ltr' id='par_1_21' title="bbox 1805 340 1961 391">
     <span class='ocr_line' id='line_1_70' title="bbox 1805 340 1961 362; baseline 0.019 -3"><span class='ocrx_word' id='word_1_347' title='bbox 1805 340 1883 360; x_wconf 63' lang='lat' dir='ltr'>Solitas*</span> <span class='ocrx_word' id='word_1_348' title='bbox 1901 341 1961 362; x_wconf 73' lang='lat' dir='ltr'>clau-</span> 
     </span>
     <span class='ocr_line' id='line_1_71' title="bbox 1850 370 1917 391; baseline 0.03 -3"><span class='ocrx_word' id='word_1_349' title='bbox 1850 370 1917 391; x_wconf 60' lang='lat' dir='ltr'>«utam.</span> 
     </span>
    </p>
   </div>
   <div class='ocr_carea' id='block_1_19' title="bbox 1067 1191 1751 1605">
    <p class='ocr_par' dir='ltr' id='par_1_22' title="bbox 1067 1191 1751 1605">
     <span class='ocr_line' id='line_1_72' title="bbox 1067 1191 1751 1605; baseline 0 1600"><span class='ocrx_word' id='word_1_350' title='bbox 1067 1191 1751 1605; x_wconf 95' lang='lat' dir='ltr'> </span> 
     </span>
    </p>
   </div>
   <div class='ocr_carea' id='block_1_20' title="bbox 1021 1632 1971 2588">
    <p class='ocr_par' dir='ltr' id='par_1_23' title="bbox 1021 1632 1971 2588">
     <span class='ocr_line' id='line_1_73' title="bbox 1074 1632 1971 1680; baseline 0.007 -13"><span class='ocrx_word' id='word_1_351' title='bbox 1074 1633 1141 1680; x_wconf 78' lang='lat' dir='ltr'>Ego</span> <span class='ocrx_word' id='word_1_352' title='bbox 1159 1633 1326 1668; x_wconf 76' lang='lat' dir='ltr'>conradus</span> <span class='ocrx_word' id='word_1_353' title='bbox 1344 1632 1531 1668; x_wconf 80' lang='lat' dir='ltr'>Sabinensis</span> <span class='ocrx_word' id='word_1_354' title='bbox 1546 1633 1715 1680; x_wconf 84' lang='lat' dir='ltr'>episcopus</span> <span class='ocrx_word' id='word_1_355' title='bbox 1731 1647 1772 1669; x_wconf 70' lang='lat' dir='ltr'>ss,</span> <span class='ocrx_word' id='word_1_356' title='bbox 1790 1656 1810 1671; x_wconf 69' lang='lat'>01</span> <span class='ocrx_word' id='word_1_357' title='bbox 1830 1652 1849 1672; x_wconf 69' lang='lat' dir='ltr'>s⁴</span> <span class='ocrx_word' id='word_1_358' title='bbox 1872 1652 1894 1672; x_wconf 83' lang='lat' dir='ltr'>n.</span> <span class='ocrx_word' id='word_1_359' title='bbox 1916 1652 1971 1673; x_wconf 52' lang='lat' dir='ltr'>neci,</span> 
     </span>
     <span class='ocr_line' id='line_1_74' title="bbox 1074 1682 1956 1741; baseline 0.002 -25"><span class='ocrx_word' id='word_1_360' title='bbox 1074 1683 1139 1728; x_wconf 68' lang='lat' dir='ltr'>Ego</span> <span class='ocrx_word' id='word_1_361' title='bbox 1163 1683 1330 1717; x_wconf 70' lang='lat' dir='ltr'>Albericus</span> <span class='ocrx_word' id='word_1_362' title='bbox 1347 1682 1503 1718; x_wconf 85' lang='lat' dir='ltr'>Ostiensis</span> <span class='ocrx_word' id='word_1_363' title='bbox 1522 1684 1691 1730; x_wconf 83' lang='lat' dir='ltr'>episcopus</span> <span class='ocrx_word' id='word_1_364' title='bbox 1706 1697 1747 1718; x_wconf 87' lang='lat' dir='ltr'>ss.</span> <span class='ocrx_word' id='word_1_365' title='bbox 1790 1684 1956 1741; x_wconf 49' lang='lat' dir='ltr'>su‘ffs‘cfflffg&#39;xg</span> 
     </span>
     <span class='ocr_line' id='line_1_75' title="bbox 1072 1731 1965 1777; baseline 0.001 -11"><span class='ocrx_word' id='word_1_366' title='bbox 1072 1732 1138 1777; x_wconf 77' lang='lat' dir='ltr'>Ego</span> <span class='ocrx_word' id='word_1_367' title='bbox 1162 1732 1314 1766; x_wconf 81' lang='lat' dir='ltr'>Martinus</span> <span class='ocrx_word' id='word_1_368' title='bbox 1337 1732 1440 1777; x_wconf 83' lang='lat' dir='ltr'>presb.</span> <span class='ocrx_word' id='word_1_369' title='bbox 1474 1732 1641 1767; x_wconf 83' lang='lat' dir='ltr'>cardinalis</span> <span class='ocrx_word' id='word_1_370' title='bbox 1670 1733 1714 1767; x_wconf 88' lang='lat' dir='ltr'>tit.</span> <span class='ocrx_word' id='word_1_371' title='bbox 1738 1733 1771 1768; x_wconf 90' lang='lat' dir='ltr'>S.</span> <span class='ocrx_word' id='word_1_372' title='bbox 1962 1731 1965 1733; x_wconf 42' lang='lat'>⁵</span> 
     </span>
     <span class='ocr_line' id='line_1_76' title="bbox 1023 1781 1667 1828; baseline 0.005 -13"><span class='ocrx_word' id='word_1_373' title='bbox 1023 1781 1174 1827; x_wconf 81' lang='lat' dir='ltr'>Stephani</span> <span class='ocrx_word' id='word_1_374' title='bbox 1197 1794 1238 1816; x_wconf 88' lang='lat' dir='ltr'>ss.</span> <span class='ocrx_word' id='word_1_375' title='bbox 1662 1815 1667 1828; x_wconf 11' lang='grc' dir='ltr'>Ἴ,</span> 
     </span>
     <span class='ocr_line' id='line_1_77' title="bbox 1074 1830 1770 1877; baseline 0 -12"><span class='ocrx_word' id='word_1_376' title='bbox 1074 1831 1138 1877; x_wconf 78' lang='lat' dir='ltr'>Ego</span> <span class='ocrx_word' id='word_1_377' title='bbox 1162 1831 1279 1865; x_wconf 81' lang='lat' dir='ltr'>Statius</span> <span class='ocrx_word' id='word_1_378' title='bbox 1300 1830 1404 1877; x_wconf 85' lang='lat' dir='ltr'>presb.</span> <span class='ocrx_word' id='word_1_379' title='bbox 1441 1830 1610 1865; x_wconf 86' lang='lat' dir='ltr'>cardinalis</span> <span class='ocrx_word' id='word_1_380' title='bbox 1633 1831 1712 1865; x_wconf 85' lang='lat' dir='ltr'>tituli</span> <span class='ocrx_word' id='word_1_381' title='bbox 1736 1831 1770 1866; x_wconf 89' lang='lat' dir='ltr'>S.</span> 
     </span>
     <span class='ocr_line' id='line_1_78' title="bbox 1023 1880 1226 1915; baseline -0.01 0"><span class='ocrx_word' id='word_1_382' title='bbox 1023 1880 1158 1915; x_wconf 84' lang='lat' dir='ltr'>Sabinae</span> <span class='ocrx_word' id='word_1_383' title='bbox 1185 1893 1226 1914; x_wconf 84' lang='lat' dir='ltr'>ss.</span> 
     </span>
     <span class='ocr_line' id='line_1_79' title="bbox 1072 1928 1771 1977; baseline 0.001 -14"><span class='ocrx_word' id='word_1_384' title='bbox 1072 1929 1138 1975; x_wconf 80' lang='lat' dir='ltr'>Ego</span> <span class='ocrx_word' id='word_1_385' title='bbox 1166 1928 1271 1964; x_wconf 88' lang='lat' dir='ltr'>Guido</span> <span class='ocrx_word' id='word_1_386' title='bbox 1299 1929 1403 1977; x_wconf 87' lang='lat' dir='ltr'>presb.</span> <span class='ocrx_word' id='word_1_387' title='bbox 1432 1928 1599 1964; x_wconf 85' lang='lat' dir='ltr'>cardinalis</span> <span class='ocrx_word' id='word_1_388' title='bbox 1630 1929 1710 1964; x_wconf 86' lang='lat' dir='ltr'>tituli</span> <span class='ocrx_word' id='word_1_389' title='bbox 1737 1930 1771 1965; x_wconf 94' lang='lat' dir='ltr'>S.</span> 
     </span>
     <span class='ocr_line' id='line_1_80' title="bbox 1024 1977 1285 2026; baseline -0.004 -13"><span class='ocrx_word' id='word_1_390' title='bbox 1024 1977 1221 2026; x_wconf 66' lang='lat' dir='ltr'>Chrysogoni</span> <span class='ocrx_word' id='word_1_391' title='bbox 1244 1991 1285 2013; x_wconf 88' lang='lat' dir='ltr'>ss.</span> 
     </span>
     <span class='ocr_line' id='line_1_81' title="bbox 1072 2026 1770 2075; baseline 0.001 -13"><span class='ocrx_word' id='word_1_392' title='bbox 1072 2028 1138 2073; x_wconf 77' lang='lat' dir='ltr'>Ego</span> <span class='ocrx_word' id='word_1_393' title='bbox 1161 2026 1259 2062; x_wconf 83' lang='lat' dir='ltr'>Goizo</span> <span class='ocrx_word' id='word_1_394' title='bbox 1292 2027 1395 2075; x_wconf 87' lang='lat' dir='ltr'>presb.</span> <span class='ocrx_word' id='word_1_395' title='bbox 1425 2026 1593 2062; x_wconf 85' lang='lat' dir='ltr'>cardinalis</span> <span class='ocrx_word' id='word_1_396' title='bbox 1629 2028 1708 2063; x_wconf 84' lang='lat' dir='ltr'>tituli</span> <span class='ocrx_word' id='word_1_397' title='bbox 1737 2029 1770 2063; x_wconf 84' lang='lat' dir='ltr'>S.</span> 
     </span>
     <span class='ocr_line' id='line_1_82' title="bbox 1022 2078 1237 2112; baseline -0.009 0"><span class='ocrx_word' id='word_1_398' title='bbox 1022 2078 1178 2112; x_wconf 78' lang='lat' dir='ltr'>Caeciliae</span> <span class='ocrx_word' id='word_1_399' title='bbox 1197 2089 1237 2111; x_wconf 85' lang='lat' dir='ltr'>ss.</span> 
     </span>
     <span class='ocr_line' id='line_1_83' title="bbox 1073 2124 1770 2173; baseline 0.003 -13"><span class='ocrx_word' id='word_1_400' title='bbox 1073 2127 1140 2173; x_wconf 77' lang='lat' dir='ltr'>Ego</span> <span class='ocrx_word' id='word_1_401' title='bbox 1167 2125 1311 2160; x_wconf 89' lang='lat' dir='ltr'>Ubaldus</span> <span class='ocrx_word' id='word_1_402' title='bbox 1338 2125 1441 2172; x_wconf 86' lang='lat' dir='ltr'>presb.</span> <span class='ocrx_word' id='word_1_403' title='bbox 1464 2124 1630 2160; x_wconf 83' lang='lat' dir='ltr'>cardinalis</span> <span class='ocrx_word' id='word_1_404' title='bbox 1653 2126 1695 2160; x_wconf 90' lang='lat' dir='ltr'>tit.</span> <span class='ocrx_word' id='word_1_405' title='bbox 1720 2126 1770 2162; x_wconf 87' lang='lat' dir='ltr'>Ss.</span> 
     </span>
     <span class='ocr_line' id='line_1_84' title="bbox 1022 2175 1375 2210; baseline -0.003 -1"><span class='ocrx_word' id='word_1_406' title='bbox 1022 2175 1149 2210; x_wconf 84' lang='lat' dir='ltr'>loannis</span> <span class='ocrx_word' id='word_1_407' title='bbox 1170 2183 1200 2209; x_wconf 83' lang='lat' dir='ltr'>et</span> <span class='ocrx_word' id='word_1_408' title='bbox 1222 2175 1312 2209; x_wconf 93' lang='lat' dir='ltr'>Pauli</span> <span class='ocrx_word' id='word_1_409' title='bbox 1335 2187 1375 2209; x_wconf 87' lang='lat' dir='ltr'>ss.</span> 
     </span>
     <span class='ocr_line' id='line_1_85' title="bbox 1071 2223 1769 2270; baseline 0.001 -11"><span class='ocrx_word' id='word_1_410' title='bbox 1071 2225 1139 2270; x_wconf 81' lang='lat' dir='ltr'>Ego</span> <span class='ocrx_word' id='word_1_411' title='bbox 1179 2224 1345 2259; x_wconf 81' lang='lat' dir='ltr'>Rainerius</span> <span class='ocrx_word' id='word_1_412' title='bbox 1383 2223 1485 2269; x_wconf 88' lang='lat' dir='ltr'>presb.</span> <span class='ocrx_word' id='word_1_413' title='bbox 1531 2223 1698 2259; x_wconf 84' lang='lat' dir='ltr'>cardinalis</span> <span class='ocrx_word' id='word_1_414' title='bbox 1735 2225 1769 2260; x_wconf 88' lang='lat' dir='ltr'>S.</span> 
     </span>
     <span class='ocr_line' id='line_1_86' title="bbox 1024 2274 1213 2308; baseline 0 0"><span class='ocrx_word' id='word_1_415' title='bbox 1024 2274 1148 2308; x_wconf 77' lang='lat' dir='ltr'>Priscae</span> <span class='ocrx_word' id='word_1_416' title='bbox 1171 2286 1213 2308; x_wconf 85' lang='lat' dir='ltr'>ss.</span> 
     </span>
     <span class='ocr_line' id='line_1_87' title="bbox 1071 2326 1772 2374; baseline 0.001 -13"><span class='ocrx_word' id='word_1_417' title='bbox 1071 2327 1138 2374; x_wconf 79' lang='lat' dir='ltr'>Ego</span> <span class='ocrx_word' id='word_1_418' title='bbox 1161 2327 1235 2361; x_wconf 92' lang='lat' dir='ltr'>Otto</span> <span class='ocrx_word' id='word_1_419' title='bbox 1261 2326 1414 2361; x_wconf 84' lang='lat' dir='ltr'>diaconus</span> <span class='ocrx_word' id='word_1_420' title='bbox 1435 2326 1602 2361; x_wconf 83' lang='lat' dir='ltr'>cardinalis</span> <span class='ocrx_word' id='word_1_421' title='bbox 1623 2327 1656 2362; x_wconf 89' lang='lat' dir='ltr'>S.</span> <span class='ocrx_word' id='word_1_422' title='bbox 1675 2327 1772 2362; x_wconf 81' lang='lat' dir='ltr'>Geor-</span> 
     </span>
     <span class='ocr_line' id='line_1_88' title="bbox 1021 2380 1499 2427; baseline -0.002 -12"><span class='ocrx_word' id='word_1_423' title='bbox 1021 2382 1061 2427; x_wconf 85' lang='lat' dir='ltr'>gii</span> <span class='ocrx_word' id='word_1_424' title='bbox 1085 2382 1121 2416; x_wconf 89' lang='lat' dir='ltr'>ad</span> <span class='ocrx_word' id='word_1_425' title='bbox 1150 2381 1262 2426; x_wconf 59' lang='lat' dir='ltr'>Yelum</span> <span class='ocrx_word' id='word_1_426' title='bbox 1290 2380 1429 2415; x_wconf 85' lang='lat' dir='ltr'>Aureum</span> <span class='ocrx_word' id='word_1_427' title='bbox 1457 2393 1499 2415; x_wconf 83' lang='lat' dir='ltr'>ss.</span> 
     </span>
     <span class='ocr_line' id='line_1_89' title="bbox 1071 2433 1770 2481; baseline 0.001 -12"><span class='ocrx_word' id='word_1_428' title='bbox 1071 2435 1137 2481; x_wconf 80' lang='lat' dir='ltr'>Ego</span> <span class='ocrx_word' id='word_1_429' title='bbox 1163 2433 1267 2468; x_wconf 88' lang='lat' dir='ltr'>Guido</span> <span class='ocrx_word' id='word_1_430' title='bbox 1289 2433 1443 2469; x_wconf 86' lang='lat' dir='ltr'>diaconus</span> <span class='ocrx_word' id='word_1_431' title='bbox 1461 2433 1545 2469; x_wconf 85' lang='lat' dir='ltr'>card.</span> <span class='ocrx_word' id='word_1_432' title='bbox 1564 2434 1614 2469; x_wconf 85' lang='lat' dir='ltr'>Ss.</span> <span class='ocrx_word' id='word_1_433' title='bbox 1635 2434 1770 2470; x_wconf 87' lang='lat' dir='ltr'>Cosmae</span> 
     </span>
     <span class='ocr_line' id='line_1_90' title="bbox 1021 2488 1286 2523; baseline -0.008 0"><span class='ocrx_word' id='word_1_434' title='bbox 1021 2497 1050 2523; x_wconf 87' lang='lat' dir='ltr'>et</span> <span class='ocrx_word' id='word_1_435' title='bbox 1073 2488 1217 2522; x_wconf 86' lang='lat' dir='ltr'>Damiani</span> <span class='ocrx_word' id='word_1_436' title='bbox 1243 2499 1286 2521; x_wconf 80' lang='lat' dir='ltr'>ss,</span> 
     </span>
     <span class='ocr_line' id='line_1_91' title="bbox 1069 2539 1769 2588; baseline 0 -12"><span class='ocrx_word' id='word_1_437' title='bbox 1069 2542 1138 2588; x_wconf 82' lang='lat' dir='ltr'>Ego</span> <span class='ocrx_word' id='word_1_438' title='bbox 1160 2540 1320 2576; x_wconf 80' lang='lat' dir='ltr'>Gerardus</span> <span class='ocrx_word' id='word_1_439' title='bbox 1342 2539 1426 2575; x_wconf 81' lang='lat' dir='ltr'>eard.</span> <span class='ocrx_word' id='word_1_440' title='bbox 1443 2541 1476 2576; x_wconf 89' lang='lat' dir='ltr'>S.</span> <span class='ocrx_word' id='word_1_441' title='bbox 1493 2541 1607 2576; x_wconf 84' lang='lat' dir='ltr'>Mariae</span> <span class='ocrx_word' id='word_1_442' title='bbox 1624 2540 1653 2575; x_wconf 90' lang='lat' dir='ltr'>in</span> <span class='ocrx_word' id='word_1_443' title='bbox 1670 2541 1769 2577; x_wconf 86' lang='lat' dir='ltr'>Dom-</span> 
     </span>
    </p>
   </div>
   <div class='ocr_carea' id='block_1_21' title="bbox 1022 2597 1152 2631">
    <p class='ocr_par' dir='ltr' id='par_1_24' title="bbox 1022 2597 1152 2631">
     <span class='ocr_line' id='line_1_92' title="bbox 1022 2597 1152 2631; baseline -0.015 0"><span class='ocrx_word' id='word_1_444' title='bbox 1022 2597 1089 2631; x_wconf 87' lang='lat' dir='ltr'>uica</span> <span class='ocrx_word' id='word_1_445' title='bbox 1111 2608 1152 2630; x_wconf 86' lang='lat' dir='ltr'>ss.</span> 
     </span>
    </p>
   </div>
  </div>
 </body>
</html>
