2180 3205
431 213 501 245 Sto

382 286 500 323 partem
524 275 731 310 decimarum,
755 283 836 317 quae
858 271 888 305 in
914 269 1058 315 parocbia
1077 280 1131 302 ve—

379 334 443 360 stra
473 325 560 359 robis
589 323 731 357 nosiitur
756 322 795 355 de
828 321 894 354 iure
928 327 1131 364 competere,

197 379 366 418 >suanum-031-
382 375 486 408 nullus
510 373 596 407 vobis
617 370 814 407 subtrahere,
837 368 883 403 vel
907 369 1059 402 violenter
1074 366 1132 401 de-

182 409 365 435 ⁰⁰¹¹⁹¹¹n¹⁹²⁴¹³¹³
381 424 480 458 tinere
503 428 693 469 praesumat.
723 419 940 453 Nihilominus
961 417 1054 451 etiam
1074 428 1132 450 au-

379 473 522 507 ctoritate
538 469 708 518 apostolica
725 467 943 515 probibemus,
966 477 1005 500 ne
1019 466 1133 512 aliquis

381 521 590 568 parochianos
611 527 748 558 vestros,
765 529 845 564 quos
859 528 931 551 cum
949 515 1132 550 auctoritate

379 570 520 616 episcopi
545 568 637 604 vestri
660 565 983 602 excommunicationi
1009 564 1055 598 vel
1082 565 1132 597 in-

379 619 512 654 terdicto
537 618 689 653 canonice
716 615 936 657 subieceritis,
963 613 1000 647 ad
1028 612 1131 647 (lirina

379 669 482 703 ollicia
510 669 556 702 vel
583 667 777 713 sepulturam
806 673 878 700 ante
899 663 1131 697 absolutionem

379 718 522 764 recipcre
548 718 672 752 audeat.
696 715 744 749 Ad
769 714 845 749 baec
867 712 957 747 vobis
983 711 1133 745 (luximus

380 766 626 813 indulgendum,
654 772 687 798 ut
708 765 734 799 si
757 764 928 810 episcopus
949 769 1052 795 vester
1072 760 1134 794 lin-

380 816 497 851 militer
517 814 882 862 requisitus,invasores,
898 810 1133 858 perturbatores

379 873 433 899 ant
471 865 651 900 detentores
688 862 925 910 possessionum
958 868 1131 894 vestrarum

380 914 460 948 infra
495 915 624 960 triginta
658 912 726 947 dies
752 911 889 946 noluerit
923 909 1132 944 ecclesiastica

379 964 536 998 sententia
551 974 708 1006 coercere,
727 961 788 996 nisi
805 959 970 994 manifesta
989 966 1017 993 et
1039 958 1134 992 ratio-

380 1012 495 1048 nabilis
516 1025 610 1047 cansa
632 1010 831 1059 praepediat,
858 1009 950 1043 liceat
973 1007 1079 1047 vobis,
1103 1007 1131 1041 in

379 1062 509 1097 eosdem
525 1063 710 1097 auctoritate
724 1068 842 1099 nostra,
866 1057 1044 1092 secuudum
1060 1069 1135 1103 qua-

382 1111 502 1146 litatem
525 1119 554 1146 et
576 1112 784 1158 quantitatem
809 1119 976 1151 excessus,
999 1118 1134 1141 excom-

381 1161 606 1196 municationis
628 1160 674 1195 vel
698 1158 855 1193 interdicti
879 1156 1034 1192 sententia
1060 1168 1134 1202 pro-

380 1211 533 1256 mulgare.
573 1209 842 1245 Constitutionem
876 1215 1005 1246 autem,
1039 1218 1134 1252 quain

381 1259 563 1305 praedictus
589 1259 759 1300 cardinalis
783 1269 854 1292 cum
878 1255 1011 1290 consilio
1033 1263 1062 1288 et
1083 1267 1135 1289 as-

381 1320 476 1343 sensn
495 1309 644 1355 praedicti
661 1308 801 1354 episcopi
821 1317 918 1352 super
936 1305 1135 1340 testamentis

382 1358 604 1393 defunctorum
628 1357 857 1392 rationabiliter
878 1355 992 1389 fecisse
1019 1353 1135 1399 digno-

382 1408 497 1448 scitur,
521 1417 552 1442 et
589 1407 776 1448 venerabilis
809 1405 904 1439 frater
930 1412 1036 1438 noster
1062 1403 1134 1436 Am.

382 1464 485 1492 vester
506 1458 676 1504 episcopus
698 1455 902 1503 approbasse,
922 1461 1019 1488 ratam
1043 1461 1072 1487 et
1089 1452 1136 1485 lii·-

383 1517 467 1540 mam
490 1506 654 1545 babemus,
682 1515 713 1541 et
735 1518 802 1540 eain
828 1502 989 1551 perpetuis
1011 1511 1136 1547 tempo-

383 1555 473 1589 ribus
496 1556 715 1590 inconcussam
739 1566 866 1588 manere
887 1552 1057 1587 sancimus.
1079 1551 1138 1585 Dc-

185 1614 261 1649 Aidito
294 1613 371 1632 immu-
385 1605 690 1652 ceruimusqunque,
702 1613 733 1639 ut
743 1603 818 1638 nulli
830 1601 1135 1637 omninohominum

185 1645 372 1696 i‘fsssujflffii'ssfiffil
385 1653 496 1699 liceat,
523 1654 690 1701 praefatam
713 1653 895 1688 canonicam
920 1659 1038 1685 temere
1065 1662 1138 1696 per-

185 1707 245 1727 ‘ffiflss-
386 1703 533 1747 turbare,
560 1713 614 1739 aut
647 1705 716 1738 eius
751 1702 969 1749 possessiones
996 1699 1137 1742 auferre,

385 1761 440 1787 aut
466 1753 582 1788 ablatas
605 1754 760 1793 retinere,
783 1761 836 1786 aut
857 1750 1018 1797 aliquibus
1046 1761 1139 1782 vexa-

385 1803 526 1837 tionibus
553 1802 697 1848 fatigare:
721 1802 777 1836 sed
795 1801 900 1836 onmia
924 1800 1044 1844 integra
1067 1810 1141 1832 con-

386 1860 564 1892 serventur,
579 1853 691 1887 vestris
706 1861 738 1886 et
759 1852 904 1889 aliorum,
929 1861 984 1895 pro
1003 1859 1138 1894 quorum

386 1900 617 1946 gubernatione
653 1911 684 1936 et
711 1900 964 1936 substentatione
991 1908 1139 1932 concessa

387 1958 479 1990 sunt,
503 1950 614 1985 usibus
636 1949 830 1984 omnimodis
854 1948 1034 1996 profutura:
1057 1945 1140 1980 salva

388 2003 482 2038 Sedis
508 2005 708 2052 Apostolicae
734 2004 936 2042 auctoritate,
965 2010 996 2036 et
1023 1999 1142 2035 Ferra-

388 2059 504 2092 riensis
525 2059 665 2106 episcopi
693 2058 843 2093 canonica
872 2055 1002 2090 institia.
1025 2054 1058 2088 Si
1081 2065 1142 2100 qua

389 2112 486 2158 igitur
527 2121 581 2147 ecc.
617 2111 752 2148 Cunctis
789 2119 895 2146 autem
934 2118 987 2144 etc.
1028 2109 1141 2143 Amen.

391 2168 506 2201 Amen.

441 2224 646 2255 Amxnnnu
667 2218 839 2255 catholicae
860 2215 1020 2250 Ecclesiae
1042 2216 1141 2262 episc.

442 2275 513 2322 Ego
536 2274 679 2310 Ubaldus
699 2272 858 2308 Ostiensis
879 2271 976 2317 episc.
1043 2268 1046 2273 '

442 2329 509 2376 Ego
530 2328 714 2364 Gualterius
735 2326 922 2362 Sabinensis
942 2325 1124 2372 episcopus.

443 2384 558 2419 Datum
580 2382 724 2417 Vrnetiis
751 2393 791 2416 ιιι
816 2380 865 2415 kal
870 2406 927 2413 .....
947 2390 1030 2413 auno
1057 2378 1144 2412 dom.

397 2437 622 2472 incarnationis
643 2447 894 2470 aiczxxix........
919 2444 1045 2467 manum
1051 2459 1144 2466 ........

397 2492 536 2538 gerentis
540 2517 622 2524 .......
641 2490 749 2524 domni
771 2487 940 2523 Alexandri
969 2486 1074 2533 Papae
1105 2485 1146 2519 Ill

398 2557 480 2580 anno
485 2571 579 2578 ........
599 2543 696 2578 indict
701 2570 796 2577 ........

432 2606 493 2637 Dat.
516 2616 591 2636 :inno
605 2605 721 2636 Domini
748 2606 829 2639 1170,
853 2604 956 2644 pontis.
979 2612 1055 2633 auno
1073 2611 1117 2631 xx.

182 223 234 251 1¹:11.
253 223 280 249 C.
301 223 366 249 ¹¹79

207 2226 320 2247 Alexandri
336 2225 376 2247 FP.

194 2259 330 2284 subscriptio.

976 216 1076 238 mmm
1082 216 1134 237 [ΗΓ
1142 215 1163 236 Μ
1189 213 1351 235 ΗΟΜᾸΝΗΜ

1516 264 1583 300 cn.

1171 338 1329 382 Alpltouso
1368 338 1600 382 Porluqallensi
1634 338 1706 371 duci
1743 338 1844 382 reqi‘us
1881 340 1925 371 ti-

1222 388 1304 420 tulus
1343 388 1532 426 conceditur,
1563 388 1684 431 esusque
1712 397 1839 431 requam
1869 388 1924 420 sub

1218 437 1404 480 protectione
1436 437 1526 470 Sedis
1560 437 1755 481 Apostolicae
1787 437 1925 480 suscipi—

1222 492 1274 519 tur
1300 488 1362 529 (¹1).
1741 486 1744 489 ’

1444 553 1661 585 SUMMARIUM

1173 611 1361 641 Prooemium.
1383 629 1422 634 —
1446 611 1554 650 Regem
1581 611 1833 650 Portugallensem
1856 622 1924 643 cum

1212 657 1346 686 eiusdem
1367 665 1457 695 regno
1476 657 1532 686 sub
1556 655 1641 686 Sedis
1657 657 1843 695 Apostolicae
1859 667 1925 697 pro-

1213 701 1339 731 tectione
1372 702 1517 741 suscipit:
1538 719 1578 724 —
1604 701 1676 731 Cum
1704 711 1803 732 annuo
1833 712 1925 732 censu

1213 745 1337 775 duarum
1377 747 1564 775 marcharum
1593 745 1668 774 auri.
1705 763 1744 768 —
1771 745 1923 776 Decretum

1213 789 1409 819 immunitatis
1429 799 1479 829 pro
1499 789 1686 828 supradictis.
1713 807 1753 812 —
1777 789 1848 819 Cum
1872 799 1924 820 so-

1213 833 1274 863 litis
1305 834 1480 872 poenalibus
1511 833 1766 863 conclusionibus.
1793 851 1834 856 —
1854 833 1924 864 Ale-

1213 878 1314 927 xan-dri
1333 877 1388 907 PP.
1406 883 1434 908 et
1448 877 1478 908 S.
1496 878 1529 908 R.
1546 879 1622 909 Eccl.
1641 879 1836 909 cardinalium
1857 878 1926 908 sub-

1214 927 1401 961 scriptiones.

1173 989 1324 1017 Alexander
1343 990 1485 1025 episcopus
1504 996 1600 1018 servus
1619 996 1759 1018 servorum
1774 989 1835 1023 Dei,
1862 989 1924 1018 cha-

1218 1039 1328 1067 rissimo
1346 1039 1375 1066 in
1392 1039 1499 1067 Christo
1522 1038 1579 1066 filio
1593 1038 1724 1074 Alphonso
1739 1038 1846 1067 illustri
1863 1038 1926 1067 Por-

1217 1088 1413 1123 ‘auganensium
1448 1089 1524 1124 regi.
1558 1089 1669 1124 eiusque
1696 1088 1867 1122 haeredibus,
1897 1087 1928 1116 in

1218 1139 1392 1174 perpetuum.

1223 1210 1400 1245 Manifestis
1417 1210 1659 1257 comprobatum
1683 1219 1731 1246 est
1751 1222 1926 1257 argumen-

1175 1260 1227 1302 tis,
1245 1259 1330 1307 quod
1350 1271 1405 1305 per
1421 1260 1555 1295 sudores
1569 1260 1702 1295 bellicos
1713 1268 1745 1295 et
1756 1261 1927 1295 certamina

1177 1309 1323 1343 militaria
1356 1310 1558 1344 inimicorum
1596 1310 1757 1344 christiani
1790 1309 1928 1344 nominis

1176 1357 1355 1405 intrepidus
1381 1359 1571 1405 extirpator,
1592 1368 1623 1394 et
1646 1367 1860 1406 propugnator
1877 1359 1928 1393 di-

1177 1409 1277 1454 ligens
1297 1408 1368 1442 fidei
1391 1408 1594 1453 christianae,
1615 1409 1699 1443 sicut
1720 1409 1823 1443 bonus
1845 1408 1929 1443 fitius

1175 1466 1208 1493 et
1231 1457 1378 1504 princeps
1399 1457 1586 1496 catholicus,
1621 1457 1806 1493 multimoda
1834 1457 1930 1492 obse-

1177 1508 1247 1554 quia
1271 1507 1361 1541 matri
1377 1514 1448 1542 tuac
1461 1516 1679 1542 sacrosanctae
1692 1507 1855 1542 Ecclesiae
1868 1507 1929 1541 im-

1179 1556 1328 1603 pendisti,
1342 1556 1473 1603 dignum
1488 1557 1640 1591 memoria
1651 1569 1766 1592 nomen
1782 1564 1812 1591 et
1826 1569 1930 1592 exem-

1179 1606 1264 1652 plum
1313 1605 1466 1640 imitabile
1515 1606 1651 1653 posteris
1694 1606 1928 1653 derelinquens.

1177 1655 1321 1701 :Equum
1337 1665 1384 1690 est
1402 1664 1520 1699 autem,
1535 1656 1618 1702 quod
1632 1667 1726 1702 quem
1742 1656 1779 1690 ad
1796 1667 1929 1701 regnum

1179 1713 1209 1739 et
1231 1704 1364 1739 salutem
1388 1705 1496 1751 populi
1519 1705 1557 1738 ab
1573 1703 1636 1740 alto
1655 1705 1850 1752 dispensatio
1864 1717 1932 1739 eae-

1181 1754 1266 1788 tostis
1293 1754 1408 1800 elegit,
1434 1753 1616 1801 Apostolica
1645 1753 1739 1788 Sedis
1765 1754 1930 1789 affectione

1180 1805 1300 1838 sincera
1328 1803 1459 1850 diligat,
1486 1813 1516 1838 et
1546 1803 1639 1838 iustis
1667 1803 1931 1850 postulationibus

1181 1853 1305 1889 studeat
1335 1852 1503 1888 efficaciter
1529 1853 1689 1888 exaudire.
1714 1852 1851 1887 Proinde
1873 1865 1931 1887 nos
1959 1858 2036 1885 Regem
2050 1858 2092 1880 Por
2111 1867 2124 1893 ,-

1181 1903 1380 1938 attendentes
1403 1915 1567 1949 personam
1592 1911 1675 1937 tuam
1700 1901 1866 1949 prudentia
1885 1890 2114 1942 or-{iffl'essmm

1183 1962 1299 1994 natam,
1322 1953 1439 1988 iustitia
1461 1952 1645 1999 praeditam,
1658 1961 1753 1998 atque
1767 1952 1805 1986 ad
1822 1951 1930 1998 populi
1945 1950 2061 2002 fflss‘ffis
2074 1952 2127 1994 Α”,ζ

1183 2004 1324 2049 regimen
1347 2002 1506 2045 idoneam,
1528 2013 1596 2036 eam
1619 2001 1678 2035 sub
1699 2001 1782 2035 beati
1803 2000 1887 2036 Petri
1901 2010 1931 2035 et
1946 1987 2120 2040 ἶιῗοῖῗῖθευζὶῗμῑ

1184 2061 1289 2088 nostra
1309 2052 1504 2100 protectione
1520 2051 1730 2097 suscipimns;
1749 2058 1780 2085 et
1799 2061 1930 2096 regnum

1183 2101 1422 2148 Portugallense
1457 2113 1529 2136 cum
1567 2100 1747 2145 integritate
1781 2099 1932 2140 honoris,

1184 2152 1272 2198 regui
1303 2151 1475 2197 dignitate,
1503 2161 1584 2196 quae
1606 2150 1644 2184 ad
1671 2161 1762 2195 reges
1781 2148 1933 2196 pertinet,

1186 2213 1309 2236 necnon
1331 2210 1362 2244 et
1383 2200 1489 2234 omnia
1519 2201 1599 2240 toea,
1621 2211 1700 2246 quae
1722 2211 1795 2233 cum
1817 2198 1934 2232 auxilio

1185 2252 1328 2286 caelestis
1349 2250 1465 2296 gratiae
1487 2249 1527 2283 de
1552 2247 1796 2283 Sarracenorum
1824 2247 1934 2282 mani—

1187 2301 1246 2335 bus
1267 2301 1431 2347 eripueris,
1449 2299 1481 2333 in
1503 2298 1619 2345 quibus
1639 2297 1700 2332 sibi
1719 2310 1782 2332 non
1803 2305 1935 2344 possunt

1187 2348 1519 2396 cliristiaiiipr'incipes
1527 2347 1741 2394 circumpositi
1756 2346 1935 2389 vendicare,

1187 2399 1392 2434 excellentiae
1414 2406 1486 2432 tuae
1512 2396 1738 2437 concedimus,
1759 2408 1791 2431 et
1818 2403 1936 2430 aucto-

1189 2450 1278 2484 ritate
1307 2450 1479 2496 apostolica
1501 2447 1736 2481 confirmamus.
1766 2444 1809 2480 Ut
1829 2451 1935 2479 autem

1188 2501 1224 2533 ad
1258 2499 1446 2545 obsequium
1480 2497 1561 2531 beati
1595 2495 1681 2530 Petri
1720 2495 1934 2542 apostolorum

1190 2548 1360 2595 principis,
1387 2556 1418 2582 ct
1450 2553 1665 2581 sacrosanctae
1687 2544 1849 2579 Romanae
1872 2542 1936 2578 Ec-

1224 2606 1263 2640 (Ι)
1280 2604 1373 2640 Philip.
1393 2604 1518 2636 Prindea,
1537 2603 1670 2638 Disputat.
1689 2609 1708 2634 t,
1725 2602 1768 2628 lib.
1787 2609 1813 2628 v.

1965 1217 2098 1239 Prooemium.
