<?xml version="1.0" encoding="UTF-8"?>
<!DOCTYPE html PUBLIC "-//W3C//DTD XHTML 1.0 Transitional//EN"
    "http://www.w3.org/TR/xhtml1/DTD/xhtml1-transitional.dtd">
<html xmlns="http://www.w3.org/1999/xhtml" xml:lang="en" lang="en">
 <head>
  <title>
</title>
<meta http-equiv="Content-Type" content="text/html;charset=utf-8" />
  <meta name='ocr-system' content='tesseract 3.04.00' />
  <meta name='ocr-capabilities' content='ocr_page ocr_carea ocr_par ocr_line ocrx_word'/>
</head>
<body>
  <div class='ocr_page' id='page_1' title='image "./bullarumdiplomat02cath_0037.png"; bbox 0 0 2180 3205; ppageno 0'>
   <div class='ocr_carea' id='block_1_1' title="bbox 56 230 240 257">
    <p class='ocr_par' dir='ltr' id='par_1_1' title="bbox 56 230 240 257">
     <span class='ocr_line' id='line_1_1' title="bbox 56 230 240 257; baseline -0.011 0"><span class='ocrx_word' id='word_1_1' title='bbox 56 231 104 257; x_wconf 84' lang='grc' dir='ltr'>Αη.</span> <span class='ocrx_word' id='word_1_2' title='bbox 126 230 155 257; x_wconf 76' lang='lat' dir='ltr'>C.</span> <span class='ocrx_word' id='word_1_3' title='bbox 175 230 240 256; x_wconf 68' lang='lat'><strong>¹063</strong></span> 
     </span>
    </p>
   </div>
   <div class='ocr_carea' id='block_1_2' title="bbox 53 645 238 772">
    <p class='ocr_par' dir='ltr' id='par_1_2' title="bbox 53 645 238 772">
     <span class='ocr_line' id='line_1_2' title="bbox 81 645 215 666; baseline 0 -1"><span class='ocrx_word' id='word_1_4' title='bbox 81 645 158 666; x_wconf 63' lang='lat' dir='ltr'>Yennn</span> <span class='ocrx_word' id='word_1_5' title='bbox 182 651 215 666; x_wconf 78' lang='lat' dir='ltr'>er-</span> 
     </span>
     <span class='ocr_line' id='line_1_3' title="bbox 54 675 238 693; baseline -0.005 0"><span class='ocrx_word' id='word_1_6' title='bbox 54 678 101 693; x_wconf 66' lang='lat' dir='ltr'>rare</span> <span class='ocrx_word' id='word_1_7' title='bbox 126 675 238 692; x_wconf 38' lang='lat' dir='ltr'>not-tlon&amp;</span> 
     </span>
     <span class='ocr_line' id='line_1_4' title="bbox 53 699 238 719; baseline -0.005 0"><span class='ocrx_word' id='word_1_8' title='bbox 53 705 78 719; x_wconf 75' lang='lat' dir='ltr'>cx</span> <span class='ocrx_word' id='word_1_9' title='bbox 99 699 162 719; x_wconf 60' lang='lat' dir='ltr'>alluta</span> <span class='ocrx_word' id='word_1_10' title='bbox 179 699 238 719; x_wconf 75' lang='lat' dir='ltr'>lusti-</span> 
     </span>
     <span class='ocr_line' id='line_1_5' title="bbox 53 725 238 746; baseline 0 -1"><span class='ocrx_word' id='word_1_11' title='bbox 53 725 111 745; x_wconf 73' lang='lat' dir='ltr'>niani</span> <span class='ocrx_word' id='word_1_12' title='bbox 134 725 238 746; x_wconf 71' lang='lat' dir='ltr'>sententia</span> 
     </span>
     <span class='ocr_line' id='line_1_6' title="bbox 53 751 165 772; baseline 0 0"><span class='ocrx_word' id='word_1_13' title='bbox 53 751 165 772; x_wconf 68' lang='lat' dir='ltr'>eiincnur:</span> 
     </span>
    </p>
   </div>
   <div class='ocr_carea' id='block_1_3' title="bbox 53 1713 239 1841">
    <p class='ocr_par' dir='ltr' id='par_1_3' title="bbox 53 1713 239 1841">
     <span class='ocr_line' id='line_1_7' title="bbox 66 1713 239 1740; baseline 0 -6"><span class='ocrx_word' id='word_1_14' title='bbox 66 1713 139 1740; x_wconf 71' lang='lat' dir='ltr'>Neque</span> <span class='ocrx_word' id='word_1_15' title='bbox 154 1719 239 1734; x_wconf 81' lang='lat' dir='ltr'>sensum</span> 
     </span>
     <span class='ocr_line' id='line_1_8' title="bbox 53 1741 238 1766; baseline 0 -5"><span class='ocrx_word' id='word_1_16' title='bbox 53 1741 106 1766; x_wconf 73' lang='lat' dir='ltr'>tegis</span> <span class='ocrx_word' id='word_1_17' title='bbox 126 1741 238 1766; x_wconf 64' lang='lat' dir='ltr'>imperatu·</span> 
     </span>
     <span class='ocr_line' id='line_1_9' title="bbox 53 1767 235 1793; baseline 0.005 -6"><span class='ocrx_word' id='word_1_18' title='bbox 53 1767 98 1787; x_wconf 79' lang='lat' dir='ltr'>riae</span> <span class='ocrx_word' id='word_1_19' title='bbox 138 1767 235 1793; x_wconf 70' lang='lat' dir='ltr'>attigisse</span> 
     </span>
     <span class='ocr_line' id='line_1_10' title="bbox 54 1793 238 1819; baseline 0.005 -6"><span class='ocrx_word' id='word_1_20' title='bbox 54 1793 110 1819; x_wconf 76' lang='lat' dir='ltr'><em>ipsos</em></span> <span class='ocrx_word' id='word_1_21' title='bbox 151 1793 238 1814; x_wconf 84' lang='lat' dir='ltr'>demon-</span> 
     </span>
     <span class='ocr_line' id='line_1_11' title="bbox 53 1822 138 1841; baseline 0.012 -1"><span class='ocrx_word' id='word_1_22' title='bbox 53 1822 138 1841; x_wconf 77' lang='lat' dir='ltr'>sti-atur.</span> 
     </span>
    </p>
   </div>
   <div class='ocr_carea' id='block_1_4' title="bbox 890 210 1202 234">
    <p class='ocr_par' dir='ltr' id='par_1_4' title="bbox 890 210 1202 234">
     <span class='ocr_line' id='line_1_12' title="bbox 890 210 1202 234; baseline -0.003 0"><span class='ocrx_word' id='word_1_23' title='bbox 890 210 1084 234; x_wconf 64' lang='lat' dir='ltr'>Amxnxmzn</span> <span class='ocrx_word' id='word_1_24' title='bbox 1107 211 1132 233; x_wconf 85' lang='grc'>11</span> <span class='ocrx_word' id='word_1_25' title='bbox 1154 211 1202 233; x_wconf 74' lang='grc' dir='ltr'><strong>ΡΙ).</strong></span> 
     </span>
    </p>
   </div>
   <div class='ocr_carea' id='block_1_5' title="bbox 1718 203 1761 234">
    <p class='ocr_par' dir='ltr' id='par_1_5' title="bbox 1718 203 1761 234">
     <span class='ocr_line' id='line_1_13' title="bbox 1718 203 1761 234; baseline -0.023 0"><span class='ocrx_word' id='word_1_26' title='bbox 1718 203 1761 234; x_wconf 72' lang='lat' dir='ltr'>to</span> 
     </span>
    </p>
   </div>
   <div class='ocr_carea' id='block_1_6' title="bbox 268 261 1810 313">
    <p class='ocr_par' dir='ltr' id='par_1_6' title="bbox 268 261 1810 313">
     <span class='ocr_line' id='line_1_14' title="bbox 268 261 1810 313; baseline 0 -13"><span class='ocrx_word' id='word_1_27' title='bbox 268 265 425 300; x_wconf 75' lang='lat' dir='ltr'>subtiliter</span> <span class='ocrx_word' id='word_1_28' title='bbox 447 272 612 313; x_wconf 85' lang='lat' dir='ltr'>perspecta</span> <span class='ocrx_word' id='word_1_29' title='bbox 636 265 739 309; x_wconf 80' lang='lat' dir='ltr'>suerit,</span> <span class='ocrx_word' id='word_1_30' title='bbox 766 264 847 300; x_wconf 90' lang='lat' dir='ltr'>idem</span> <span class='ocrx_word' id='word_1_31' title='bbox 870 263 1018 304; x_wconf 76' lang='lat' dir='ltr'>sensisse,</span> <span class='ocrx_word' id='word_1_32' title='bbox 1059 265 1313 311; x_wconf 84' lang='lat' dir='ltr'>consanguineos</span> <span class='ocrx_word' id='word_1_33' title='bbox 1339 262 1460 299; x_wconf 81' lang='lat' dir='ltr'>iubent.</span> <span class='ocrx_word' id='word_1_34' title='bbox 1494 261 1589 306; x_wconf 84' lang='lat' dir='ltr'>Quod</span> <span class='ocrx_word' id='word_1_35' title='bbox 1620 264 1645 299; x_wconf 91' lang='lat' dir='ltr'>si</span> <span class='ocrx_word' id='word_1_36' title='bbox 1677 277 1739 300; x_wconf 90' lang='lat' dir='ltr'>non</span> <span class='ocrx_word' id='word_1_37' title='bbox 1771 267 1810 300; x_wconf 82' lang='lat' dir='ltr'>fl-</span> 
     </span>
    </p>
   </div>
   <div class='ocr_carea' id='block_1_7' title="bbox 265 314 1021 2470">
    <p class='ocr_par' dir='ltr' id='par_1_7' title="bbox 265 314 1021 2470">
     <span class='ocr_line' id='line_1_15' title="bbox 269 314 1018 359; baseline -0.001 -11"><span class='ocrx_word' id='word_1_38' title='bbox 269 324 297 348; x_wconf 74' lang='lat' dir='ltr'>et</span> <span class='ocrx_word' id='word_1_39' title='bbox 325 315 467 350; x_wconf 71' lang='lat' dir='ltr'>eamdem</span> <span class='ocrx_word' id='word_1_40' title='bbox 491 327 559 350; x_wconf 83' lang='lat' dir='ltr'>esse</span> <span class='ocrx_word' id='word_1_41' title='bbox 582 315 614 349; x_wconf 93' lang='lat' dir='ltr'>in</span> <span class='ocrx_word' id='word_1_42' title='bbox 638 315 684 349; x_wconf 92' lang='lat' dir='ltr'>cis</span> <span class='ocrx_word' id='word_1_43' title='bbox 704 314 905 356; x_wconf 87' lang='lat' dir='ltr'>sententiam,</span> <span class='ocrx_word' id='word_1_44' title='bbox 925 321 1018 359; x_wconf 87' lang='lat' dir='ltr'>atque</span> 
     </span>
     <span class='ocr_line' id='line_1_16' title="bbox 267 362 1018 399; baseline -0.003 -2"><span class='ocrx_word' id='word_1_45' title='bbox 267 364 306 398; x_wconf 87' lang='lat' dir='ltr'>ad</span> <span class='ocrx_word' id='word_1_46' title='bbox 329 364 475 399; x_wconf 88' lang='lat' dir='ltr'>eumdem</span> <span class='ocrx_word' id='word_1_47' title='bbox 502 364 672 399; x_wconf 90' lang='lat' dir='ltr'>terminum</span> <span class='ocrx_word' id='word_1_48' title='bbox 695 363 862 398; x_wconf 88' lang='lat' dir='ltr'>convenire</span> <span class='ocrx_word' id='word_1_49' title='bbox 885 362 1018 396; x_wconf 84' lang='lat' dir='ltr'>manife-</span> 
     </span>
     <span class='ocr_line' id='line_1_17' title="bbox 268 413 1018 458; baseline -0.004 -11"><span class='ocrx_word' id='word_1_50' title='bbox 268 413 440 449; x_wconf 89' lang='lat' dir='ltr'>stissimum</span> <span class='ocrx_word' id='word_1_51' title='bbox 468 414 537 448; x_wconf 88' lang='lat' dir='ltr'>erit.</span> <span class='ocrx_word' id='word_1_52' title='bbox 573 413 766 447; x_wconf 87' lang='lat' dir='ltr'>Iustinianus</span> <span class='ocrx_word' id='word_1_53' title='bbox 800 423 935 458; x_wconf 87' lang='lat' dir='ltr'>namque</span> <span class='ocrx_word' id='word_1_54' title='bbox 963 423 1018 445; x_wconf 90' lang='lat' dir='ltr'>us-</span> 
     </span>
     <span class='ocr_line' id='line_1_18' title="bbox 268 461 1017 509; baseline -0.003 -14"><span class='ocrx_word' id='word_1_55' title='bbox 268 474 330 509; x_wconf 88' lang='lat' dir='ltr'>que</span> <span class='ocrx_word' id='word_1_56' title='bbox 352 462 390 496; x_wconf 86' lang='lat' dir='ltr'>ad</span> <span class='ocrx_word' id='word_1_57' title='bbox 407 475 501 509; x_wconf 89' lang='lat' dir='ltr'>quem</span> <span class='ocrx_word' id='word_1_58' title='bbox 517 462 647 508; x_wconf 77' lang='lat' dir='ltr'>gradum</span> <span class='ocrx_word' id='word_1_59' title='bbox 675 461 931 506; x_wconf 73' lang='lat' dir='ltr'>consanguinitas</span> <span class='ocrx_word' id='word_1_60' title='bbox 953 461 1017 507; x_wconf 82' lang='lat' dir='ltr'>ipsa</span> 
     </span>
     <span class='ocr_line' id='line_1_19' title="bbox 269 509 1017 558; baseline -0.004 -13"><span class='ocrx_word' id='word_1_61' title='bbox 269 511 430 558; x_wconf 73' lang='lat' dir='ltr'>perduret,</span> <span class='ocrx_word' id='word_1_62' title='bbox 462 512 492 546; x_wconf 93' lang='lat' dir='ltr'>in</span> <span class='ocrx_word' id='word_1_63' title='bbox 520 512 586 546; x_wconf 88' lang='lat' dir='ltr'>suis</span> <span class='ocrx_word' id='word_1_64' title='bbox 612 510 736 557; x_wconf 82' lang='lat' dir='ltr'>legibus</span> <span class='ocrx_word' id='word_1_65' title='bbox 763 522 825 544; x_wconf 94' lang='lat' dir='ltr'>non</span> <span class='ocrx_word' id='word_1_66' title='bbox 860 509 1017 550; x_wconf 85' lang='lat' dir='ltr'>definivit;</span> 
     </span>
     <span class='ocr_line' id='line_1_20' title="bbox 267 558 1018 607; baseline -0.004 -12"><span class='ocrx_word' id='word_1_67' title='bbox 267 573 403 595; x_wconf 79' lang='lat' dir='ltr'>canones</span> <span class='ocrx_word' id='word_1_68' title='bbox 424 573 498 595; x_wconf 77' lang='lat' dir='ltr'>vero</span> <span class='ocrx_word' id='word_1_69' title='bbox 526 560 604 595; x_wconf 85' lang='lat' dir='ltr'>ultra</span> <span class='ocrx_word' id='word_1_70' title='bbox 627 559 792 607; x_wconf 82' lang='lat' dir='ltr'>septimam</span> <span class='ocrx_word' id='word_1_71' title='bbox 816 558 933 593; x_wconf 89' lang='lat' dir='ltr'>nullam</span> <span class='ocrx_word' id='word_1_72' title='bbox 957 570 1018 592; x_wconf 92' lang='lat' dir='ltr'>nu-</span> 
     </span>
     <span class='ocr_line' id='line_1_21' title="bbox 268 607 1017 655; baseline -0.004 -12"><span class='ocrx_word' id='word_1_73' title='bbox 268 622 427 645; x_wconf 77' lang='lat' dir='ltr'>meravere</span> <span class='ocrx_word' id='word_1_74' title='bbox 468 610 714 655; x_wconf 78' lang='lat' dir='ltr'><strong>generationem.</strong></span> <span class='ocrx_word' id='word_1_75' title='bbox 766 607 865 642; x_wconf 82' lang='lat' dir='ltr'>Sexto</span> <span class='ocrx_word' id='word_1_76' title='bbox 899 607 1017 654; x_wconf 85' lang='lat' dir='ltr'>quippe</span> 
     </span>
     <span class='ocr_line' id='line_1_22' title="bbox 267 657 1019 705; baseline -0.003 -13"><span class='ocrx_word' id='word_1_77' title='bbox 267 659 365 705; x_wconf 80' lang='lat' dir='ltr'>gradu</span> <span class='ocrx_word' id='word_1_78' title='bbox 381 659 601 701; x_wconf 88' lang='lat' dir='ltr'>determinato,</span> <span class='ocrx_word' id='word_1_79' title='bbox 617 658 646 692; x_wconf 91' lang='lat' dir='ltr'>in</span> <span class='ocrx_word' id='word_1_80' title='bbox 667 657 743 704; x_wconf 90' lang='lat' dir='ltr'>ipsis</span> <span class='ocrx_word' id='word_1_81' title='bbox 765 657 885 703; x_wconf 80' lang='lat' dir='ltr'>legibus</span> <span class='ocrx_word' id='word_1_82' title='bbox 906 657 1019 691; x_wconf 89' lang='lat' dir='ltr'>subin-</span> 
     </span>
     <span class='ocr_line' id='line_1_23' title="bbox 268 707 1018 755; baseline -0.004 -13"><span class='ocrx_word' id='word_1_83' title='bbox 268 709 336 742; x_wconf 89' lang='lat' dir='ltr'>tulit</span> <span class='ocrx_word' id='word_1_84' title='bbox 358 709 544 755; x_wconf 85' lang='lat' dir='ltr'>imperator:</span> <span class='ocrx_word' id='word_1_85' title='bbox 573 708 729 741; x_wconf 79' lang='lat' dir='ltr'><em>Hactenus</em></span> <span class='ocrx_word' id='word_1_86' title='bbox 759 708 920 740; x_wconf 78' lang='lat' dir='ltr'><em>ostendisse</em></span> <span class='ocrx_word' id='word_1_87' title='bbox 951 707 1018 751; x_wconf 86' lang='lat' dir='ltr'>suf-</span> 
     </span>
     <span class='ocr_line' id='line_1_24' title="bbox 266 756 1018 804; baseline -0.003 -13"><span class='ocrx_word' id='word_1_88' title='bbox 266 759 363 804; x_wconf 79' lang='lat' dir='ltr'>ficiat,</span> <span class='ocrx_word' id='word_1_89' title='bbox 402 758 657 802; x_wconf 79' lang='lat' dir='ltr'><strong><em>quemadmodum</em></strong></span> <span class='ocrx_word' id='word_1_90' title='bbox 684 757 802 802; x_wconf 73' lang='lat' dir='ltr'>yradus</span> <span class='ocrx_word' id='word_1_91' title='bbox 827 756 1018 801; x_wconf 67' lang='lat' dir='ltr'><strong><em>cognationis</em></strong></span> 
     </span>
     <span class='ocr_line' id='line_1_25' title="bbox 265 806 1017 850; baseline -0.003 -10"><span class='ocrx_word' id='word_1_92' title='bbox 265 814 472 840; x_wconf 74' lang='lat' dir='ltr'><strong><em>munerentur.</em></strong></span> <span class='ocrx_word' id='word_1_93' title='bbox 512 807 655 850; x_wconf 79' lang='lat' dir='ltr'><em>Namque</em></span> <span class='ocrx_word' id='word_1_94' title='bbox 692 817 731 839; x_wconf 64' lang='lat' dir='ltr'>ex</span> <span class='ocrx_word' id='word_1_95' title='bbox 771 806 817 838; x_wconf 80' lang='lat' dir='ltr'>his</span> <span class='ocrx_word' id='word_1_96' title='bbox 841 807 950 850; x_wconf 86' lang='lat' dir='ltr'>palam</span> <span class='ocrx_word' id='word_1_97' title='bbox 977 813 1017 838; x_wconf 86' lang='lat' dir='ltr'>est</span> 
     </span>
     <span class='ocr_line' id='line_1_26' title="bbox 267 855 1019 901; baseline -0.003 -12"><span class='ocrx_word' id='word_1_98' title='bbox 267 857 454 901; x_wconf 71' lang='lat' dir='ltr'>mtelliqere,</span> <span class='ocrx_word' id='word_1_99' title='bbox 481 856 736 901; x_wconf 79' lang='lat' dir='ltr'><em>quemadmodum</em></span> <span class='ocrx_word' id='word_1_100' title='bbox 764 855 920 888; x_wconf 78' lang='lat' dir='ltr'><em>ulteriores</em></span> <span class='ocrx_word' id='word_1_101' title='bbox 941 867 1019 899; x_wconf 84' lang='lat' dir='ltr'>quo-</span> 
     </span>
     <span class='ocr_line' id='line_1_27' title="bbox 267 905 1017 961; baseline -0.003 -22"><span class='ocrx_word' id='word_1_102' title='bbox 267 918 323 961; x_wconf 73' lang='lat' dir='ltr'>quc</span> <span class='ocrx_word' id='word_1_103' title='bbox 345 907 464 949; x_wconf 73' lang='lat' dir='ltr'>¹aradus</span> <span class='ocrx_word' id='word_1_104' title='bbox 490 916 650 938; x_wconf 63' lang='lat' dir='ltr'>numerare</span> <span class='ocrx_word' id='word_1_105' title='bbox 676 905 850 937; x_wconf 79' lang='lat' dir='ltr'>debeamus·</span> <span class='ocrx_word' id='word_1_106' title='bbox 872 910 1017 948; x_wconf 77' lang='lat' dir='ltr'>yenerata</span> 
     </span>
     <span class='ocr_line' id='line_1_28' title="bbox 267 952 1017 1000; baseline 0 -13"><span class='ocrx_word' id='word_1_107' title='bbox 267 955 377 1000; x_wconf 81' lang='lat' dir='ltr'>quippe</span> <span class='ocrx_word' id='word_1_108' title='bbox 390 966 521 999; x_wconf 84' lang='lat' dir='ltr'>persona</span> <span class='ocrx_word' id='word_1_109' title='bbox 543 965 659 998; x_wconf 82' lang='lat' dir='ltr'><em>semper</em></span> <span class='ocrx_word' id='word_1_110' title='bbox 671 965 709 998; x_wconf 73' lang='grc' dir='ltr'><em>φ</em></span> <span class='ocrx_word' id='word_1_111' title='bbox 712 954 804 987; x_wconf 81' lang='lat' dir='ltr'>adum</span> <span class='ocrx_word' id='word_1_112' title='bbox 821 954 940 987; x_wconf 76' lang='grc' dir='ltr'><strong><em>αιΙίιείΙ.</em></strong></span> <span class='ocrx_word' id='word_1_113' title='bbox 962 952 1017 987; x_wconf 90' lang='lat' dir='ltr'>Ec-</span> 
     </span>
     <span class='ocr_line' id='line_1_29' title="bbox 267 1001 1020 1048; baseline -0.004 -10"><span class='ocrx_word' id='word_1_114' title='bbox 267 1015 303 1038; x_wconf 85' lang='lat' dir='ltr'>ce</span> <span class='ocrx_word' id='word_1_115' title='bbox 331 1003 360 1037; x_wconf 92' lang='lat' dir='ltr'>in</span> <span class='ocrx_word' id='word_1_116' title='bbox 388 1003 437 1037; x_wconf 84' lang='lat' dir='ltr'>his</span> <span class='ocrx_word' id='word_1_117' title='bbox 461 1002 609 1037; x_wconf 78' lang='lat' dir='ltr'>brevibus</span> <span class='ocrx_word' id='word_1_118' title='bbox 630 1002 733 1036; x_wconf 62' lang='lat' dir='ltr'>serbis</span> <span class='ocrx_word' id='word_1_119' title='bbox 754 1010 861 1048; x_wconf 87' lang='lat' dir='ltr'>aperte</span> <span class='ocrx_word' id='word_1_120' title='bbox 882 1001 1020 1036; x_wconf 90' lang='lat' dir='ltr'>ostendi-</span> 
     </span>
     <span class='ocr_line' id='line_1_30' title="bbox 269 1051 1017 1098; baseline -0.003 -12"><span class='ocrx_word' id='word_1_121' title='bbox 269 1061 330 1093; x_wconf 84' lang='lat' dir='ltr'>tur,</span> <span class='ocrx_word' id='word_1_122' title='bbox 357 1052 434 1086; x_wconf 88' lang='lat' dir='ltr'>tales</span> <span class='ocrx_word' id='word_1_123' title='bbox 456 1051 584 1098; x_wconf 79' lang='lat' dir='ltr'>gradus,</span> <span class='ocrx_word' id='word_1_124' title='bbox 607 1051 716 1097; x_wconf 90' lang='lat' dir='ltr'>quales</span> <span class='ocrx_word' id='word_1_125' title='bbox 743 1051 792 1085; x_wconf 90' lang='lat' dir='ltr'>isti</span> <span class='ocrx_word' id='word_1_126' title='bbox 816 1059 1017 1097; x_wconf 82' lang='lat' dir='ltr'>computant,</span> 
     </span>
     <span class='ocr_line' id='line_1_31' title="bbox 269 1100 1017 1147; baseline -0.003 -12"><span class='ocrx_word' id='word_1_127' title='bbox 269 1113 332 1135; x_wconf 92' lang='lat' dir='ltr'>non</span> <span class='ocrx_word' id='word_1_128' title='bbox 374 1109 494 1135; x_wconf 90' lang='lat' dir='ltr'>tantum</span> <span class='ocrx_word' id='word_1_129' title='bbox 529 1112 629 1147; x_wconf 89' lang='lat' dir='ltr'>usque</span> <span class='ocrx_word' id='word_1_130' title='bbox 659 1100 697 1134; x_wconf 91' lang='lat' dir='ltr'>ad</span> <span class='ocrx_word' id='word_1_131' title='bbox 733 1108 875 1139; x_wconf 83' lang='lat' dir='ltr'>sextum,</span> <span class='ocrx_word' id='word_1_132' title='bbox 910 1112 1017 1134; x_wconf 80' lang='lat' dir='ltr'>verum</span> 
     </span>
     <span class='ocr_line' id='line_1_32' title="bbox 268 1148 1018 1195; baseline -0.004 -10"><span class='ocrx_word' id='word_1_133' title='bbox 268 1150 362 1185; x_wconf 87' lang='lat' dir='ltr'>etiam</span> <span class='ocrx_word' id='word_1_134' title='bbox 406 1149 488 1184; x_wconf 86' lang='lat' dir='ltr'>ultra</span> <span class='ocrx_word' id='word_1_135' title='bbox 525 1149 680 1183; x_wconf 88' lang='lat' dir='ltr'>numerari</span> <span class='ocrx_word' id='word_1_136' title='bbox 726 1148 861 1189; x_wconf 88' lang='lat' dir='ltr'>debere,</span> <span class='ocrx_word' id='word_1_137' title='bbox 901 1149 1018 1195; x_wconf 86' lang='lat' dir='ltr'><strong>quippe</strong></span> 
     </span>
     <span class='ocr_line' id='line_1_33' title="bbox 269 1197 1020 1244; baseline -0.003 -11"><span class='ocrx_word' id='word_1_138' title='bbox 269 1211 341 1234; x_wconf 89' lang='lat' dir='ltr'>cum</span> <span class='ocrx_word' id='word_1_139' title='bbox 364 1198 443 1233; x_wconf 86' lang='lat' dir='ltr'>ultra</span> <span class='ocrx_word' id='word_1_140' title='bbox 464 1206 587 1233; x_wconf 84' lang='lat' dir='ltr'>sextum</span> <span class='ocrx_word' id='word_1_141' title='bbox 623 1197 787 1232; x_wconf 77' lang='lat' dir='ltr'>ulteriores</span> <span class='ocrx_word' id='word_1_142' title='bbox 814 1198 929 1244; x_wconf 84' lang='lat' dir='ltr'>gradus</span> <span class='ocrx_word' id='word_1_143' title='bbox 957 1210 1020 1231; x_wconf 92' lang='lat' dir='ltr'>nu-</span> 
     </span>
     <span class='ocr_line' id='line_1_34' title="bbox 272 1246 1018 1287; baseline -0.003 -5"><span class='ocrx_word' id='word_1_144' title='bbox 272 1247 440 1283; x_wconf 88' lang='lat' dir='ltr'>merandos</span> <span class='ocrx_word' id='word_1_145' title='bbox 468 1259 538 1282; x_wconf 88' lang='lat' dir='ltr'>esse</span> <span class='ocrx_word' id='word_1_146' title='bbox 572 1246 738 1287; x_wconf 77' lang='lat' dir='ltr'>decernat3</span> <span class='ocrx_word' id='word_1_147' title='bbox 767 1246 818 1280; x_wconf 91' lang='lat' dir='ltr'>ubi</span> <span class='ocrx_word' id='word_1_148' title='bbox 846 1247 930 1281; x_wconf 90' lang='lat' dir='ltr'>enim</span> <span class='ocrx_word' id='word_1_149' title='bbox 968 1246 1018 1280; x_wconf 93' lang='lat' dir='ltr'>ul-</span> 
     </span>
     <span class='ocr_line' id='line_1_35' title="bbox 272 1295 1019 1342; baseline -0.003 -11"><span class='ocrx_word' id='word_1_150' title='bbox 272 1297 402 1331; x_wconf 85' lang='lat' dir='ltr'>teriores</span> <span class='ocrx_word' id='word_1_151' title='bbox 427 1297 569 1331; x_wconf 86' lang='lat' dir='ltr'>nominat</span> <span class='ocrx_word' id='word_1_152' title='bbox 603 1296 735 1341; x_wconf 83' lang='lat' dir='ltr'>gradus,</span> <span class='ocrx_word' id='word_1_153' title='bbox 763 1303 869 1342; x_wconf 85' lang='lat' dir='ltr'>aperte</span> <span class='ocrx_word' id='word_1_154' title='bbox 904 1295 1019 1329; x_wconf 87' lang='lat' dir='ltr'>indicat</span> 
     </span>
     <span class='ocr_line' id='line_1_36' title="bbox 272 1344 1017 1390; baseline -0.003 -10"><span class='ocrx_word' id='word_1_155' title='bbox 272 1357 334 1379; x_wconf 90' lang='lat' dir='ltr'>non</span> <span class='ocrx_word' id='word_1_156' title='bbox 364 1357 419 1380; x_wconf 81' lang='lat' dir='ltr'>sex</span> <span class='ocrx_word' id='word_1_157' title='bbox 440 1353 560 1379; x_wconf 87' lang='lat' dir='ltr'>tantum</span> <span class='ocrx_word' id='word_1_158' title='bbox 589 1344 683 1379; x_wconf 90' lang='lat' dir='ltr'>modo</span> <span class='ocrx_word' id='word_1_159' title='bbox 710 1357 778 1378; x_wconf 85' lang='lat' dir='ltr'>esse</span> <span class='ocrx_word' id='word_1_160' title='bbox 805 1344 938 1390; x_wconf 74' lang='lat' dir='ltr'>graduS,</span> <span class='ocrx_word' id='word_1_161' title='bbox 964 1345 1017 1378; x_wconf 85' lang='lat' dir='ltr'>sed</span> 
     </span>
     <span class='ocr_line' id='line_1_37' title="bbox 270 1393 1019 1433; baseline -0.003 -5"><span class='ocrx_word' id='word_1_162' title='bbox 270 1406 326 1429; x_wconf 81' lang='lat' dir='ltr'>sex</span> <span class='ocrx_word' id='word_1_163' title='bbox 349 1393 456 1433; x_wconf 83' lang='lat' dir='ltr'>finitis,</span> <span class='ocrx_word' id='word_1_164' title='bbox 483 1393 587 1427; x_wconf 86' lang='lat' dir='ltr'>adbuc</span> <span class='ocrx_word' id='word_1_165' title='bbox 609 1393 686 1427; x_wconf 91' lang='lat' dir='ltr'>alios</span> <span class='ocrx_word' id='word_1_166' title='bbox 707 1393 931 1427; x_wconf 83' lang='lat' dir='ltr'>numerandos.</span> <span class='ocrx_word' id='word_1_167' title='bbox 955 1393 1019 1427; x_wconf 80' lang='lat' dir='ltr'>Nec</span> 
     </span>
     <span class='ocr_line' id='line_1_38' title="bbox 271 1442 1020 1496; baseline -0.001 -19"><span class='ocrx_word' id='word_1_168' title='bbox 271 1443 400 1482; x_wconf 89' lang='lat' dir='ltr'>mirum</span> <span class='ocrx_word' id='word_1_169' title='bbox 427 1455 498 1477; x_wconf 90' lang='lat' dir='ltr'>cum</span> <span class='ocrx_word' id='word_1_170' title='bbox 534 1443 562 1475; x_wconf 90' lang='lat' dir='ltr'>in</span> <span class='ocrx_word' id='word_1_171' title='bbox 591 1442 851 1496; x_wconf 77' lang='lat' dir='ltr'>praecedentibus</span> <span class='ocrx_word' id='word_1_172' title='bbox 873 1442 939 1488; x_wconf 87' lang='lat' dir='ltr'>ipse</span> <span class='ocrx_word' id='word_1_173' title='bbox 967 1442 1020 1476; x_wconf 86' lang='lat' dir='ltr'>fir-</span> 
     </span>
     <span class='ocr_line' id='line_1_39' title="bbox 270 1491 1018 1538; baseline -0.001 -13"><span class='ocrx_word' id='word_1_174' title='bbox 270 1492 366 1526; x_wconf 85' lang='lat' dir='ltr'>mavit</span> <span class='ocrx_word' id='word_1_175' title='bbox 399 1491 591 1538; x_wconf 87' lang='lat' dir='ltr'>imperator</span> <span class='ocrx_word' id='word_1_176' title='bbox 626 1491 750 1525; x_wconf 91' lang='lat' dir='ltr'>decimo</span> <span class='ocrx_word' id='word_1_177' title='bbox 788 1491 880 1525; x_wconf 88' lang='lat' dir='ltr'>etiam</span> <span class='ocrx_word' id='word_1_178' title='bbox 919 1491 1018 1537; x_wconf 77' lang='lat' dir='ltr'>gradu</span> 
     </span>
     <span class='ocr_line' id='line_1_40' title="bbox 269 1539 1020 1587; baseline -0.001 -12"><span class='ocrx_word' id='word_1_179' title='bbox 269 1541 523 1587; x_wconf 82' lang='lat' dir='ltr'>consanguineos</span> <span class='ocrx_word' id='word_1_180' title='bbox 557 1539 616 1574; x_wconf 88' lang='lat' dir='ltr'>sibi</span> <span class='ocrx_word' id='word_1_181' title='bbox 651 1540 732 1574; x_wconf 91' lang='lat' dir='ltr'>inter</span> <span class='ocrx_word' id='word_1_182' title='bbox 757 1552 790 1574; x_wconf 88' lang='lat' dir='ltr'>se</span> <span class='ocrx_word' id='word_1_183' title='bbox 829 1552 920 1587; x_wconf 81' lang='lat' dir='ltr'>posse</span> <span class='ocrx_word' id='word_1_184' title='bbox 946 1552 1020 1574; x_wconf 90' lang='lat' dir='ltr'>suc-</span> 
     </span>
     <span class='ocr_line' id='line_1_41' title="bbox 268 1589 1018 1629; baseline 0 -5"><span class='ocrx_word' id='word_1_185' title='bbox 268 1589 391 1624; x_wconf 83' lang='lat' dir='ltr'>cedere.</span> <span class='ocrx_word' id='word_1_186' title='bbox 424 1589 507 1624; x_wconf 87' lang='lat' dir='ltr'>Cum</span> <span class='ocrx_word' id='word_1_187' title='bbox 542 1589 625 1624; x_wconf 90' lang='lat' dir='ltr'>enim</span> <span class='ocrx_word' id='word_1_188' title='bbox 660 1589 818 1623; x_wconf 89' lang='lat' dir='ltr'>decimum</span> <span class='ocrx_word' id='word_1_189' title='bbox 854 1589 1018 1629; x_wconf 88' lang='lat' dir='ltr'>nominat</span> 
     </span>
     <span class='ocr_line' id='line_1_42' title="bbox 268 1638 1019 1679; baseline -0.001 -6"><span class='ocrx_word' id='word_1_190' title='bbox 268 1651 331 1673; x_wconf 89' lang='lat' dir='ltr'>non</span> <span class='ocrx_word' id='word_1_191' title='bbox 353 1651 422 1674; x_wconf 89' lang='lat' dir='ltr'>esse</span> <span class='ocrx_word' id='word_1_192' title='bbox 449 1647 569 1672; x_wconf 86' lang='lat' dir='ltr'>tantum</span> <span class='ocrx_word' id='word_1_193' title='bbox 591 1638 686 1672; x_wconf 90' lang='lat' dir='ltr'>modo</span> <span class='ocrx_word' id='word_1_194' title='bbox 708 1651 780 1679; x_wconf 80' lang='lat' dir='ltr'>sex,</span> <span class='ocrx_word' id='word_1_195' title='bbox 808 1638 878 1673; x_wconf 88' lang='lat' dir='ltr'>luce</span> <span class='ocrx_word' id='word_1_196' title='bbox 904 1639 1019 1673; x_wconf 86' lang='lat' dir='ltr'>clarius</span> 
     </span>
     <span class='ocr_line' id='line_1_43' title="bbox 271 1687 1018 1733; baseline -0.003 -10"><span class='ocrx_word' id='word_1_197' title='bbox 271 1687 448 1723; x_wconf 85' lang='lat' dir='ltr'>confitetur.</span> <span class='ocrx_word' id='word_1_198' title='bbox 487 1687 527 1722; x_wconf 89' lang='lat' dir='ltr'>Hi</span> <span class='ocrx_word' id='word_1_199' title='bbox 559 1699 634 1733; x_wconf 86' lang='lat' dir='ltr'>ergo</span> <span class='ocrx_word' id='word_1_200' title='bbox 667 1688 837 1733; x_wconf 80' lang='lat' dir='ltr'>evigilent,</span> <span class='ocrx_word' id='word_1_201' title='bbox 865 1695 894 1721; x_wconf 88' lang='lat' dir='ltr'>et</span> <span class='ocrx_word' id='word_1_202' title='bbox 920 1689 1018 1722; x_wconf 86' lang='lat' dir='ltr'>aciem</span> 
     </span>
     <span class='ocr_line' id='line_1_44' title="bbox 269 1736 1020 1784; baseline -0.001 -13"><span class='ocrx_word' id='word_1_203' title='bbox 269 1737 397 1777; x_wconf 82' lang='lat' dir='ltr'>mentis,</span> <span class='ocrx_word' id='word_1_204' title='bbox 424 1737 450 1772; x_wconf 88' lang='lat' dir='ltr'>si</span> <span class='ocrx_word' id='word_1_205' title='bbox 474 1744 605 1784; x_wconf 77' lang='lat' dir='ltr'>possunt</span> <span class='ocrx_word' id='word_1_206' title='bbox 628 1736 804 1780; x_wconf 87' lang='lat' dir='ltr'>intendant,</span> <span class='ocrx_word' id='word_1_207' title='bbox 836 1749 915 1783; x_wconf 91' lang='lat' dir='ltr'>quos</span> <span class='ocrx_word' id='word_1_208' title='bbox 943 1737 1020 1771; x_wconf 90' lang='lat' dir='ltr'>hac-</span> 
     </span>
     <span class='ocr_line' id='line_1_45' title="bbox 267 1785 1018 1832; baseline -0.003 -11"><span class='ocrx_word' id='word_1_209' title='bbox 267 1794 360 1821; x_wconf 88' lang='lat' dir='ltr'>tenus</span> <span class='ocrx_word' id='word_1_210' title='bbox 386 1787 476 1820; x_wconf 91' lang='lat' dir='ltr'>istius</span> <span class='ocrx_word' id='word_1_211' title='bbox 503 1785 588 1820; x_wconf 90' lang='lat' dir='ltr'>modi</span> <span class='ocrx_word' id='word_1_212' title='bbox 623 1786 755 1832; x_wconf 81' lang='lat' dir='ltr'>perculit</span> <span class='ocrx_word' id='word_1_213' title='bbox 790 1798 887 1820; x_wconf 88' lang='lat' dir='ltr'>error.</span> <span class='ocrx_word' id='word_1_214' title='bbox 925 1785 1018 1820; x_wconf 87' lang='lat' dir='ltr'>Enim</span> 
     </span>
     <span class='ocr_line' id='line_1_46' title="bbox 267 1834 1018 1881; baseline -0.003 -11"><span class='ocrx_word' id='word_1_215' title='bbox 267 1847 341 1870; x_wconf 75' lang='lat' dir='ltr'>vero</span> <span class='ocrx_word' id='word_1_216' title='bbox 371 1835 425 1870; x_wconf 90' lang='lat' dir='ltr'>ubi</span> <span class='ocrx_word' id='word_1_217' title='bbox 452 1834 629 1870; x_wconf 89' lang='lat' dir='ltr'>secundum</span> <span class='ocrx_word' id='word_1_218' title='bbox 656 1835 741 1881; x_wconf 81' lang='lat' dir='ltr'>leges</span> <span class='ocrx_word' id='word_1_219' title='bbox 768 1835 848 1869; x_wconf 89' lang='lat' dir='ltr'>inter</span> <span class='ocrx_word' id='word_1_220' title='bbox 870 1843 1018 1881; x_wconf 76' lang='lat' dir='ltr'>agnatos,</span> 
     </span>
     <span class='ocr_line' id='line_1_47' title="bbox 267 1884 1019 1931; baseline -0.003 -12"><span class='ocrx_word' id='word_1_221' title='bbox 267 1884 313 1919; x_wconf 84' lang='lat' dir='ltr'>vel</span> <span class='ocrx_word' id='word_1_222' title='bbox 341 1894 491 1931; x_wconf 83' lang='lat' dir='ltr'>cognatos</span> <span class='ocrx_word' id='word_1_223' title='bbox 521 1884 659 1918; x_wconf 87' lang='lat' dir='ltr'>defertur</span> <span class='ocrx_word' id='word_1_224' title='bbox 685 1884 856 1924; x_wconf 78' lang='lat' dir='ltr'><em>successio,</em></span> <span class='ocrx_word' id='word_1_225' title='bbox 884 1896 1019 1919; x_wconf 84' lang='lat' dir='ltr'>consan-</span> 
     </span>
     <span class='ocr_line' id='line_1_48' title="bbox 267 1932 1019 1980; baseline 0 -13"><span class='ocrx_word' id='word_1_226' title='bbox 267 1934 402 1980; x_wconf 84' lang='lat' dir='ltr'>guineos</span> <span class='ocrx_word' id='word_1_227' title='bbox 435 1945 505 1968; x_wconf 89' lang='lat' dir='ltr'>esse</span> <span class='ocrx_word' id='word_1_228' title='bbox 538 1945 602 1968; x_wconf 90' lang='lat' dir='ltr'>non</span> <span class='ocrx_word' id='word_1_229' title='bbox 636 1932 769 1967; x_wconf 90' lang='lat' dir='ltr'>dubium</span> <span class='ocrx_word' id='word_1_230' title='bbox 803 1941 860 1967; x_wconf 89' lang='lat' dir='ltr'>est.</span> <span class='ocrx_word' id='word_1_231' title='bbox 908 1933 1019 1980; x_wconf 78' lang='lat' dir='ltr'>Neque</span> 
     </span>
     <span class='ocr_line' id='line_1_49' title="bbox 268 1982 1019 2028; baseline -0.001 -11"><span class='ocrx_word' id='word_1_232' title='bbox 268 1984 353 2017; x_wconf 88' lang='lat' dir='ltr'>euim</span> <span class='ocrx_word' id='word_1_233' title='bbox 375 1982 436 2017; x_wconf 90' lang='lat' dir='ltr'>sibi</span> <span class='ocrx_word' id='word_1_234' title='bbox 459 1982 682 2023; x_wconf 75' lang='lat' dir='ltr'>succederent,</span> <span class='ocrx_word' id='word_1_235' title='bbox 710 1982 769 2016; x_wconf 90' lang='lat' dir='ltr'>nisi</span> <span class='ocrx_word' id='word_1_236' title='bbox 797 1983 879 2017; x_wconf 87' lang='lat' dir='ltr'>inter</span> <span class='ocrx_word' id='word_1_237' title='bbox 903 1995 936 2016; x_wconf 89' lang='lat' dir='ltr'>se</span> <span class='ocrx_word' id='word_1_238' title='bbox 965 1994 1019 2028; x_wconf 80' lang='lat' dir='ltr'>pa-</span> 
     </span>
     <span class='ocr_line' id='line_1_50' title="bbox 269 2031 1018 2072; baseline -0.001 -6"><span class='ocrx_word' id='word_1_239' title='bbox 269 2032 407 2067; x_wconf 85' lang='lat' dir='ltr'>rentelae</span> <span class='ocrx_word' id='word_1_240' title='bbox 440 2032 565 2066; x_wconf 79' lang='lat' dir='ltr'>vinculo</span> <span class='ocrx_word' id='word_1_241' title='bbox 603 2039 809 2072; x_wconf 77' lang='lat' dir='ltr'>tenerentur3</span> <span class='ocrx_word' id='word_1_242' title='bbox 844 2031 1018 2066; x_wconf 86' lang='lat' dir='ltr'>succedunt</span> 
     </span>
     <span class='ocr_line' id='line_1_51' title="bbox 268 2080 1019 2124; baseline 0 -9"><span class='ocrx_word' id='word_1_243' title='bbox 268 2089 372 2116; x_wconf 86' lang='lat' dir='ltr'>autem</span> <span class='ocrx_word' id='word_1_244' title='bbox 400 2081 481 2115; x_wconf 87' lang='lat' dir='ltr'>inter</span> <span class='ocrx_word' id='word_1_245' title='bbox 506 2093 560 2120; x_wconf 83' lang='lat' dir='ltr'>se,</span> <span class='ocrx_word' id='word_1_246' title='bbox 587 2088 666 2115; x_wconf 86' lang='lat' dir='ltr'>teste</span> <span class='ocrx_word' id='word_1_247' title='bbox 686 2080 881 2124; x_wconf 84' lang='lat' dir='ltr'>Iustiniano,</span> <span class='ocrx_word' id='word_1_248' title='bbox 908 2081 939 2114; x_wconf 90' lang='lat' dir='ltr'>iu</span> <span class='ocrx_word' id='word_1_249' title='bbox 962 2080 1019 2115; x_wconf 90' lang='lat' dir='ltr'>de-</span> 
     </span>
     <span class='ocr_line' id='line_1_52' title="bbox 268 2129 1017 2176; baseline -0.003 -11"><span class='ocrx_word' id='word_1_250' title='bbox 268 2130 351 2165; x_wconf 91' lang='lat' dir='ltr'>cimo</span> <span class='ocrx_word' id='word_1_251' title='bbox 377 2130 492 2176; x_wconf 83' lang='lat' dir='ltr'>gradu:</span> <span class='ocrx_word' id='word_1_252' title='bbox 516 2130 742 2175; x_wconf 79' lang='lat' dir='ltr'>consanguinei</span> <span class='ocrx_word' id='word_1_253' title='bbox 774 2129 834 2164; x_wconf 85' lang='lat' dir='ltr'>sibi</span> <span class='ocrx_word' id='word_1_254' title='bbox 857 2138 940 2169; x_wconf 77' lang='lat' dir='ltr'>sunt,</span> <span class='ocrx_word' id='word_1_255' title='bbox 964 2130 1017 2176; x_wconf 93' lang='lat' dir='ltr'>qui</span> 
     </span>
     <span class='ocr_line' id='line_1_53' title="bbox 269 2178 1019 2225; baseline 0 -12"><span class='ocrx_word' id='word_1_256' title='bbox 269 2179 329 2214; x_wconf 89' lang='lat' dir='ltr'>sibi</span> <span class='ocrx_word' id='word_1_257' title='bbox 353 2178 538 2213; x_wconf 88' lang='lat' dir='ltr'>succedunt.</span> <span class='ocrx_word' id='word_1_258' title='bbox 560 2178 652 2220; x_wconf 86' lang='lat' dir='ltr'>Quod</span> <span class='ocrx_word' id='word_1_259' title='bbox 671 2179 696 2212; x_wconf 90' lang='lat' dir='ltr'>si</span> <span class='ocrx_word' id='word_1_260' title='bbox 719 2179 750 2212; x_wconf 92' lang='lat' dir='ltr'>in</span> <span class='ocrx_word' id='word_1_261' title='bbox 773 2179 897 2213; x_wconf 88' lang='lat' dir='ltr'>decimo</span> <span class='ocrx_word' id='word_1_262' title='bbox 920 2179 1019 2225; x_wconf 84' lang='lat' dir='ltr'>gradu</span> 
     </span>
     <span class='ocr_line' id='line_1_54' title="bbox 269 2227 1020 2275; baseline -0.001 -12"><span class='ocrx_word' id='word_1_263' title='bbox 269 2228 497 2275; x_wconf 82' lang='lat' dir='ltr'>consanguinei</span> <span class='ocrx_word' id='word_1_264' title='bbox 524 2227 581 2262; x_wconf 83' lang='lat' dir='ltr'>sibi</span> <span class='ocrx_word' id='word_1_265' title='bbox 607 2228 761 2272; x_wconf 77' lang='lat' dir='ltr'>existunt,</span> <span class='ocrx_word' id='word_1_266' title='bbox 789 2240 851 2262; x_wconf 90' lang='lat' dir='ltr'>non</span> <span class='ocrx_word' id='word_1_267' title='bbox 874 2237 919 2262; x_wconf 88' lang='lat' dir='ltr'>est</span> <span class='ocrx_word' id='word_1_268' title='bbox 957 2236 1020 2262; x_wconf 91' lang='lat' dir='ltr'>ter-</span> 
     </span>
     <span class='ocr_line' id='line_1_55' title="bbox 271 2277 1019 2322; baseline -0.001 -10"><span class='ocrx_word' id='word_1_269' title='bbox 271 2277 387 2312; x_wconf 85' lang='lat' dir='ltr'>minata</span> <span class='ocrx_word' id='word_1_270' title='bbox 419 2277 688 2322; x_wconf 70' lang='lat' dir='ltr'>consanguinitas,</span> <span class='ocrx_word' id='word_1_271' title='bbox 723 2285 755 2310; x_wconf 88' lang='lat' dir='ltr'>ut</span> <span class='ocrx_word' id='word_1_272' title='bbox 782 2277 831 2311; x_wconf 84' lang='lat' dir='ltr'>isti</span> <span class='ocrx_word' id='word_1_273' title='bbox 860 2277 1019 2320; x_wconf 79' lang='lat' dir='ltr'>fatentur,</span> 
     </span>
     <span class='ocr_line' id='line_1_56' title="bbox 270 2325 1020 2372; baseline -0.003 -11"><span class='ocrx_word' id='word_1_274' title='bbox 270 2326 303 2361; x_wconf 89' lang='lat' dir='ltr'>in</span> <span class='ocrx_word' id='word_1_275' title='bbox 325 2334 414 2361; x_wconf 80' lang='lat' dir='ltr'>sexto</span> <span class='ocrx_word' id='word_1_276' title='bbox 429 2333 550 2360; x_wconf 87' lang='lat' dir='ltr'>tantum</span> <span class='ocrx_word' id='word_1_277' title='bbox 575 2326 669 2360; x_wconf 88' lang='lat' dir='ltr'>modo</span> <span class='ocrx_word' id='word_1_278' title='bbox 690 2325 798 2371; x_wconf 81' lang='lat' dir='ltr'>gradu.</span> <span class='ocrx_word' id='word_1_279' title='bbox 823 2325 905 2367; x_wconf 82' lang='lat' dir='ltr'>Quid</span> <span class='ocrx_word' id='word_1_280' title='bbox 927 2326 1020 2372; x_wconf 79' lang='lat' dir='ltr'>igitur</span> 
     </span>
     <span class='ocr_line' id='line_1_57' title="bbox 270 2375 1021 2422; baseline -0.001 -12"><span class='ocrx_word' id='word_1_281' title='bbox 270 2375 397 2411; x_wconf 83' lang='lat' dir='ltr'>dicent?</span> <span class='ocrx_word' id='word_1_282' title='bbox 423 2375 611 2422; x_wconf 88' lang='lat' dir='ltr'>computatis</span> <span class='ocrx_word' id='word_1_283' title='bbox 638 2387 773 2422; x_wconf 87' lang='lat' dir='ltr'>namque</span> <span class='ocrx_word' id='word_1_284' title='bbox 796 2375 957 2421; x_wconf 77' lang='lat' dir='ltr'>gradibus,</span> <span class='ocrx_word' id='word_1_285' title='bbox 976 2376 1021 2409; x_wconf 89' lang='lat' dir='ltr'>si-</span> 
     </span>
     <span class='ocr_line' id='line_1_58' title="bbox 271 2423 1020 2470; baseline -0.001 -11"><span class='ocrx_word' id='word_1_286' title='bbox 271 2433 325 2459; x_wconf 88' lang='lat' dir='ltr'>cut</span> <span class='ocrx_word' id='word_1_287' title='bbox 345 2425 396 2460; x_wconf 88' lang='lat' dir='ltr'>isti</span> <span class='ocrx_word' id='word_1_288' title='bbox 418 2431 598 2467; x_wconf 86' lang='lat' dir='ltr'>numerant,</span> <span class='ocrx_word' id='word_1_289' title='bbox 621 2433 674 2458; x_wconf 90' lang='lat' dir='ltr'>aut</span> <span class='ocrx_word' id='word_1_290' title='bbox 701 2423 807 2458; x_wconf 89' lang='lat' dir='ltr'>finitur</span> <span class='ocrx_word' id='word_1_291' title='bbox 828 2425 1020 2470; x_wconf 83' lang='lat' dir='ltr'>consangui-</span> 
     </span>
    </p>
   </div>
   <div class='ocr_carea' id='block_1_8' title="bbox 100 2473 1020 2519">
    <p class='ocr_par' dir='ltr' id='par_1_8' title="bbox 100 2473 1020 2519">
     <span class='ocr_line' id='line_1_59' title="bbox 100 2473 1020 2519; baseline -0.002 -10"><span class='ocrx_word' id='word_1_292' title='bbox 100 2496 134 2515; x_wconf 69' lang='grc'>.-,</span> <span class='ocrx_word' id='word_1_293' title='bbox 158 2498 177 2516; x_wconf 54' lang='lat'>„2</span> <span class='ocrx_word' id='word_1_294' title='bbox 201 2502 239 2516; x_wconf 53' lang='lat' dir='ltr'>w„</span> <span class='ocrx_word' id='word_1_295' title='bbox 271 2473 352 2508; x_wconf 85' lang='lat' dir='ltr'>nitas</span> <span class='ocrx_word' id='word_1_296' title='bbox 379 2473 411 2508; x_wconf 91' lang='lat' dir='ltr'>in</span> <span class='ocrx_word' id='word_1_297' title='bbox 429 2482 517 2508; x_wconf 78' lang='lat' dir='ltr'>sexto</span> <span class='ocrx_word' id='word_1_298' title='bbox 538 2473 649 2519; x_wconf 81' lang='lat' dir='ltr'>gradu,</span> <span class='ocrx_word' id='word_1_299' title='bbox 671 2480 723 2507; x_wconf 88' lang='lat' dir='ltr'>aut</span> <span class='ocrx_word' id='word_1_300' title='bbox 745 2485 819 2507; x_wconf 91' lang='lat' dir='ltr'>non.</span> <span class='ocrx_word' id='word_1_301' title='bbox 840 2473 875 2507; x_wconf 91' lang='lat' dir='ltr'>Si</span> <span class='ocrx_word' id='word_1_302' title='bbox 902 2473 1020 2513; x_wconf 81' lang='lat' dir='ltr'>finitur,</span> 
     </span>
    </p>
   </div>
   <div class='ocr_carea' id='block_1_9' title="bbox 53 2522 240 2622">
    <p class='ocr_par' dir='ltr' id='par_1_9' title="bbox 53 2522 240 2622">
     <span class='ocr_line' id='line_1_60' title="bbox 55 2522 239 2546; baseline -0.005 -3"><span class='ocrx_word' id='word_1_303' title='bbox 55 2528 126 2543; x_wconf 74' lang='lat' dir='ltr'>ern-nn·</span> <span class='ocrx_word' id='word_1_304' title='bbox 145 2522 239 2546; x_wconf 70' lang='lat' dir='ltr'>zib-lucu,</span> 
     </span>
     <span class='ocr_line' id='line_1_61' title="bbox 53 2549 239 2574; baseline -0.005 -6"><span class='ocrx_word' id='word_1_305' title='bbox 53 2550 127 2574; x_wconf 58' lang='lat' dir='ltr'>aperte</span> <span class='ocrx_word' id='word_1_306' title='bbox 148 2549 188 2568; x_wconf 70' lang='lat' dir='ltr'>sibi</span> <span class='ocrx_word' id='word_1_307' title='bbox 203 2552 239 2568; x_wconf 78' lang='lat' dir='ltr'>aut</span> 
     </span>
     <span class='ocr_line' id='line_1_62' title="bbox 54 2575 240 2600; baseline 0 -5"><span class='ocrx_word' id='word_1_308' title='bbox 54 2575 95 2600; x_wconf 68' lang='lat' dir='ltr'>tegi</span> <span class='ocrx_word' id='word_1_309' title='bbox 133 2575 240 2596; x_wconf 55' lang='lat' dir='ltr'>contradi»</span> 
     </span>
     <span class='ocr_line' id='line_1_63' title="bbox 55 2604 111 2622; baseline 0 -1"><span class='ocrx_word' id='word_1_310' title='bbox 55 2604 111 2622; x_wconf 80' lang='lat' dir='ltr'>cunt.</span> 
     </span>
    </p>
   </div>
   <div class='ocr_carea' id='block_1_10' title="bbox 271 2521 1021 2619">
    <p class='ocr_par' dir='ltr' id='par_1_10' title="bbox 271 2521 1021 2619">
     <span class='ocr_line' id='line_1_64' title="bbox 271 2521 1021 2568; baseline -0.003 -10"><span class='ocrx_word' id='word_1_311' title='bbox 271 2522 399 2558; x_wconf 83' lang='lat' dir='ltr'>fallaces</span> <span class='ocrx_word' id='word_1_312' title='bbox 420 2530 511 2558; x_wconf 89' lang='lat' dir='ltr'>erunt</span> <span class='ocrx_word' id='word_1_313' title='bbox 537 2522 642 2568; x_wconf 81' lang='lat' dir='ltr'>leges,</span> <span class='ocrx_word' id='word_1_314' title='bbox 669 2521 784 2568; x_wconf 86' lang='lat' dir='ltr'>quibus</span> <span class='ocrx_word' id='word_1_315' title='bbox 806 2522 855 2556; x_wconf 87' lang='lat' dir='ltr'>isti</span> <span class='ocrx_word' id='word_1_316' title='bbox 878 2522 1021 2556; x_wconf 89' lang='lat' dir='ltr'>nituntur</span> 
     </span>
     <span class='ocr_line' id='line_1_65' title="bbox 272 2571 1021 2619; baseline -0.001 -12"><span class='ocrx_word' id='word_1_317' title='bbox 272 2583 352 2619; x_wconf 86' lang='lat' dir='ltr'>quae</span> <span class='ocrx_word' id='word_1_318' title='bbox 391 2572 423 2607; x_wconf 89' lang='lat' dir='ltr'>in</span> <span class='ocrx_word' id='word_1_319' title='bbox 461 2571 584 2607; x_wconf 87' lang='lat' dir='ltr'>decimo</span> <span class='ocrx_word' id='word_1_320' title='bbox 620 2571 717 2618; x_wconf 74' lang='lat' dir='ltr'>gradu</span> <span class='ocrx_word' id='word_1_321' title='bbox 756 2571 816 2606; x_wconf 88' lang='lat' dir='ltr'>sibi</span> <span class='ocrx_word' id='word_1_322' title='bbox 850 2571 1021 2606; x_wconf 84' lang='lat' dir='ltr'>succedere</span> 
     </span>
    </p>
   </div>
   <div class='ocr_carea' id='block_1_11' title="bbox 1058 313 1809 1050">
    <p class='ocr_par' dir='ltr' id='par_1_11' title="bbox 1058 313 1809 1050">
     <span class='ocr_line' id='line_1_66' title="bbox 1060 313 1808 361; baseline 0.003 -14"><span class='ocrx_word' id='word_1_323' title='bbox 1060 313 1145 347; x_wconf 93' lang='lat' dir='ltr'>nitur</span> <span class='ocrx_word' id='word_1_324' title='bbox 1170 314 1439 361; x_wconf 77' lang='lat' dir='ltr'>consanguinitas,</span> <span class='ocrx_word' id='word_1_325' title='bbox 1462 314 1493 348; x_wconf 92' lang='lat' dir='ltr'>in</span> <span class='ocrx_word' id='word_1_326' title='bbox 1513 315 1573 348; x_wconf 90' lang='lat' dir='ltr'>isto</span> <span class='ocrx_word' id='word_1_327' title='bbox 1592 322 1681 349; x_wconf 82' lang='lat' dir='ltr'>sexto</span> <span class='ocrx_word' id='word_1_328' title='bbox 1696 316 1808 360; x_wconf 82' lang='lat' dir='ltr'>gradu;</span> 
     </span>
     <span class='ocr_line' id='line_1_67' title="bbox 1060 361 1809 410; baseline 0.003 -14"><span class='ocrx_word' id='word_1_329' title='bbox 1060 361 1125 397; x_wconf 83' lang='lat' dir='ltr'>salsi</span> <span class='ocrx_word' id='word_1_330' title='bbox 1149 362 1210 397; x_wconf 80' lang='lat' dir='ltr'>dici</span> <span class='ocrx_word' id='word_1_331' title='bbox 1227 372 1319 398; x_wconf 88' lang='lat' dir='ltr'>erunt</span> <span class='ocrx_word' id='word_1_332' title='bbox 1342 364 1424 410; x_wconf 86' lang='lat' dir='ltr'>ipsi,</span> <span class='ocrx_word' id='word_1_333' title='bbox 1445 363 1498 410; x_wconf 91' lang='lat' dir='ltr'>qui</span> <span class='ocrx_word' id='word_1_334' title='bbox 1523 363 1601 399; x_wconf 86' lang='lat' dir='ltr'>ultra</span> <span class='ocrx_word' id='word_1_335' title='bbox 1624 363 1712 398; x_wconf 89' lang='lat' dir='ltr'>illum</span> <span class='ocrx_word' id='word_1_336' title='bbox 1737 377 1809 398; x_wconf 76' lang='lat' dir='ltr'>sex-</span> 
     </span>
     <span class='ocr_line' id='line_1_68' title="bbox 1059 412 1809 460; baseline 0.003 -14"><span class='ocrx_word' id='word_1_337' title='bbox 1059 419 1123 446; x_wconf 87' lang='lat' dir='ltr'>tum</span> <span class='ocrx_word' id='word_1_338' title='bbox 1159 412 1291 457; x_wconf 82' lang='lat' dir='ltr'>gradum</span> <span class='ocrx_word' id='word_1_339' title='bbox 1315 414 1426 447; x_wconf 89' lang='lat' dir='ltr'>nolunt</span> <span class='ocrx_word' id='word_1_340' title='bbox 1451 422 1636 460; x_wconf 88' lang='lat' dir='ltr'>computare</span> <span class='ocrx_word' id='word_1_341' title='bbox 1673 425 1809 448; x_wconf 84' lang='lat' dir='ltr'>consan-</span> 
     </span>
     <span class='ocr_line' id='line_1_69' title="bbox 1058 461 1808 507; baseline 0 -12"><span class='ocrx_word' id='word_1_342' title='bbox 1058 461 1256 507; x_wconf 83' lang='lat' dir='ltr'>guinitatem.</span> <span class='ocrx_word' id='word_1_343' title='bbox 1285 462 1394 507; x_wconf 78' lang='lat' dir='ltr'>Igitur,</span> <span class='ocrx_word' id='word_1_344' title='bbox 1416 472 1468 497; x_wconf 86' lang='lat' dir='ltr'>aut</span> <span class='ocrx_word' id='word_1_345' title='bbox 1483 462 1568 507; x_wconf 82' lang='lat' dir='ltr'>leges</span> <span class='ocrx_word' id='word_1_346' title='bbox 1589 471 1680 497; x_wconf 90' lang='lat' dir='ltr'>erunt</span> <span class='ocrx_word' id='word_1_347' title='bbox 1703 463 1808 505; x_wconf 64' lang='lat' dir='ltr'>salsae,</span> 
     </span>
     <span class='ocr_line' id='line_1_70' title="bbox 1058 511 1807 557; baseline 0.003 -13"><span class='ocrx_word' id='word_1_348' title='bbox 1058 519 1111 545; x_wconf 92' lang='lat' dir='ltr'>aut</span> <span class='ocrx_word' id='word_1_349' title='bbox 1134 511 1181 545; x_wconf 91' lang='lat' dir='ltr'>isti</span> <span class='ocrx_word' id='word_1_350' title='bbox 1202 511 1255 557; x_wconf 89' lang='lat' dir='ltr'>qui</span> <span class='ocrx_word' id='word_1_351' title='bbox 1274 511 1320 545; x_wconf 86' lang='lat' dir='ltr'>sic</span> <span class='ocrx_word' id='word_1_352' title='bbox 1342 512 1455 545; x_wconf 85' lang='lat' dir='ltr'>finiunt</span> <span class='ocrx_word' id='word_1_353' title='bbox 1477 512 1723 557; x_wconf 83' lang='lat' dir='ltr'>generationem.</span> <span class='ocrx_word' id='word_1_354' title='bbox 1744 512 1807 546; x_wconf 74' lang='lat' dir='ltr'>Sed</span> 
     </span>
     <span class='ocr_line' id='line_1_71' title="bbox 1059 559 1809 606; baseline 0.004 -13"><span class='ocrx_word' id='word_1_355' title='bbox 1059 568 1093 593; x_wconf 90' lang='lat' dir='ltr'>ut</span> <span class='ocrx_word' id='word_1_356' title='bbox 1115 559 1267 594; x_wconf 77' lang='lat' dir='ltr'>veridicae</span> <span class='ocrx_word' id='word_1_357' title='bbox 1294 560 1392 606; x_wconf 83' lang='lat' dir='ltr'>leges,</span> <span class='ocrx_word' id='word_1_358' title='bbox 1421 569 1451 594; x_wconf 89' lang='lat' dir='ltr'>et</span> <span class='ocrx_word' id='word_1_359' title='bbox 1477 572 1603 596; x_wconf 75' lang='lat' dir='ltr'>veraces</span> <span class='ocrx_word' id='word_1_360' title='bbox 1628 561 1691 595; x_wconf 91' lang='lat' dir='ltr'>sint</span> <span class='ocrx_word' id='word_1_361' title='bbox 1713 573 1809 596; x_wconf 84' lang='lat' dir='ltr'>cano-</span> 
     </span>
     <span class='ocr_line' id='line_1_72' title="bbox 1061 609 1806 656; baseline 0.003 -13"><span class='ocrx_word' id='word_1_362' title='bbox 1061 620 1136 653; x_wconf 85' lang='lat' dir='ltr'>nes,</span> <span class='ocrx_word' id='word_1_363' title='bbox 1173 609 1316 643; x_wconf 86' lang='lat' dir='ltr'>dicamus</span> <span class='ocrx_word' id='word_1_364' title='bbox 1353 609 1413 643; x_wconf 86' lang='lat' dir='ltr'>boc</span> <span class='ocrx_word' id='word_1_365' title='bbox 1439 609 1521 656; x_wconf 90' lang='lat' dir='ltr'>quod</span> <span class='ocrx_word' id='word_1_366' title='bbox 1555 610 1667 645; x_wconf 84' lang='lat' dir='ltr'>veritas</span> <span class='ocrx_word' id='word_1_367' title='bbox 1694 611 1806 645; x_wconf 86' lang='lat' dir='ltr'>habet:</span> 
     </span>
     <span class='ocr_line' id='line_1_73' title="bbox 1058 658 1808 706; baseline 0.001 -14"><span class='ocrx_word' id='word_1_368' title='bbox 1058 658 1178 693; x_wconf 89' lang='lat' dir='ltr'>scilicet</span> <span class='ocrx_word' id='word_1_369' title='bbox 1203 658 1287 705; x_wconf 84' lang='lat' dir='ltr'>quod</span> <span class='ocrx_word' id='word_1_370' title='bbox 1316 671 1378 692; x_wconf 90' lang='lat' dir='ltr'>non</span> <span class='ocrx_word' id='word_1_371' title='bbox 1407 659 1595 693; x_wconf 86' lang='lat' dir='ltr'>terminatur</span> <span class='ocrx_word' id='word_1_372' title='bbox 1616 660 1808 706; x_wconf 76' lang='lat' dir='ltr'>consangni-</span> 
     </span>
     <span class='ocr_line' id='line_1_74' title="bbox 1060 707 1807 755; baseline 0.003 -14"><span class='ocrx_word' id='word_1_373' title='bbox 1060 707 1139 741; x_wconf 89' lang='lat' dir='ltr'>nitas</span> <span class='ocrx_word' id='word_1_374' title='bbox 1172 708 1203 742; x_wconf 91' lang='lat' dir='ltr'>in</span> <span class='ocrx_word' id='word_1_375' title='bbox 1245 707 1425 742; x_wconf 84' lang='lat' dir='ltr'>huiusmodi</span> <span class='ocrx_word' id='word_1_376' title='bbox 1464 716 1551 742; x_wconf 88' lang='lat' dir='ltr'>sexto</span> <span class='ocrx_word' id='word_1_377' title='bbox 1587 709 1708 755; x_wconf 79' lang='lat' dir='ltr'>gradu,</span> <span class='ocrx_word' id='word_1_378' title='bbox 1753 709 1807 743; x_wconf 89' lang='lat' dir='ltr'>sed</span> 
     </span>
     <span class='ocr_line' id='line_1_75' title="bbox 1060 756 1806 804; baseline 0 -13"><span class='ocrx_word' id='word_1_379' title='bbox 1060 757 1245 792; x_wconf 85' lang='lat' dir='ltr'>terminatur</span> <span class='ocrx_word' id='word_1_380' title='bbox 1265 756 1442 791; x_wconf 90' lang='lat' dir='ltr'>secundum</span> <span class='ocrx_word' id='word_1_381' title='bbox 1464 769 1603 792; x_wconf 86' lang='lat' dir='ltr'>canones</span> <span class='ocrx_word' id='word_1_382' title='bbox 1617 758 1646 791; x_wconf 93' lang='lat' dir='ltr'>in</span> <span class='ocrx_word' id='word_1_383' title='bbox 1670 758 1806 804; x_wconf 85' lang='lat' dir='ltr'>septimo</span> 
     </span>
     <span class='ocr_line' id='line_1_76' title="bbox 1059 805 1807 853; baseline 0.001 -13"><span class='ocrx_word' id='word_1_384' title='bbox 1059 805 1174 852; x_wconf 81' lang='lat' dir='ltr'>gradu:</span> <span class='ocrx_word' id='word_1_385' title='bbox 1210 814 1342 853; x_wconf 88' lang='lat' dir='ltr'>utraque</span> <span class='ocrx_word' id='word_1_386' title='bbox 1379 806 1463 841; x_wconf 89' lang='lat' dir='ltr'>enim</span> <span class='ocrx_word' id='word_1_387' title='bbox 1499 807 1704 853; x_wconf 82' lang='lat' dir='ltr'>computatio,</span> <span class='ocrx_word' id='word_1_388' title='bbox 1727 808 1807 841; x_wconf 89' lang='lat' dir='ltr'>sicut</span> 
     </span>
     <span class='ocr_line' id='line_1_77' title="bbox 1059 855 1806 903; baseline 0.001 -14"><span class='ocrx_word' id='word_1_389' title='bbox 1059 856 1206 903; x_wconf 89' lang='lat' dir='ltr'>superius</span> <span class='ocrx_word' id='word_1_390' title='bbox 1239 855 1387 895; x_wconf 78' lang='lat' dir='ltr'>diximus,</span> <span class='ocrx_word' id='word_1_391' title='bbox 1423 867 1485 890; x_wconf 93' lang='lat' dir='ltr'>uno</span> <span class='ocrx_word' id='word_1_392' title='bbox 1513 856 1575 891; x_wconf 84' lang='lat' dir='ltr'>line</span> <span class='ocrx_word' id='word_1_393' title='bbox 1596 856 1806 890; x_wconf 79' lang='lat' dir='ltr'>concluditur.</span> 
     </span>
     <span class='ocr_line' id='line_1_78' title="bbox 1059 904 1809 952; baseline 0.003 -14"><span class='ocrx_word' id='word_1_394' title='bbox 1059 904 1202 952; x_wconf 84' lang='lat' dir='ltr'>Namque</span> <span class='ocrx_word' id='word_1_395' title='bbox 1227 905 1290 939; x_wconf 92' lang='lat' dir='ltr'>duo</span> <span class='ocrx_word' id='word_1_396' title='bbox 1311 904 1427 951; x_wconf 83' lang='lat' dir='ltr'>gradus</span> <span class='ocrx_word' id='word_1_397' title='bbox 1453 905 1570 950; x_wconf 84' lang='lat' dir='ltr'>legales</span> <span class='ocrx_word' id='word_1_398' title='bbox 1598 917 1695 939; x_wconf 94' lang='lat' dir='ltr'>unum</span> <span class='ocrx_word' id='word_1_399' title='bbox 1730 918 1809 951; x_wconf 80' lang='lat' dir='ltr'>gra-</span> 
     </span>
     <span class='ocr_line' id='line_1_79' title="bbox 1059 953 1808 989; baseline 0.001 -1"><span class='ocrx_word' id='word_1_400' title='bbox 1059 954 1133 988; x_wconf 90' lang='lat' dir='ltr'>dum</span> <span class='ocrx_word' id='word_1_401' title='bbox 1157 954 1343 989; x_wconf 87' lang='lat' dir='ltr'>canonicum</span> <span class='ocrx_word' id='word_1_402' title='bbox 1366 954 1573 989; x_wconf 87' lang='lat' dir='ltr'>constituunt.</span> <span class='ocrx_word' id='word_1_403' title='bbox 1596 953 1721 989; x_wconf 85' lang='lat' dir='ltr'>Fratres</span> <span class='ocrx_word' id='word_1_404' title='bbox 1744 956 1808 989; x_wconf 86' lang='lat' dir='ltr'>ita-</span> 
     </span>
     <span class='ocr_line' id='line_1_80' title="bbox 1059 1003 1808 1050; baseline 0.001 -13"><span class='ocrx_word' id='word_1_405' title='bbox 1059 1015 1132 1050; x_wconf 87' lang='lat' dir='ltr'>que,</span> <span class='ocrx_word' id='word_1_406' title='bbox 1163 1004 1215 1050; x_wconf 87' lang='lat' dir='ltr'>qui</span> <span class='ocrx_word' id='word_1_407' title='bbox 1238 1003 1414 1038; x_wconf 86' lang='lat' dir='ltr'>secundum</span> <span class='ocrx_word' id='word_1_408' title='bbox 1442 1003 1618 1038; x_wconf 86' lang='lat' dir='ltr'>saeculares</span> <span class='ocrx_word' id='word_1_409' title='bbox 1640 1003 1727 1050; x_wconf 85' lang='lat' dir='ltr'>leges</span> <span class='ocrx_word' id='word_1_410' title='bbox 1758 1004 1808 1037; x_wconf 91' lang='lat' dir='ltr'>di-</span> 
     </span>
    </p>
   </div>
   <div class='ocr_carea' id='block_1_12' title="bbox 1060 1043 2006 1149">
    <p class='ocr_par' dir='ltr' id='par_1_12' title="bbox 1060 1043 2006 1149">
     <span class='ocr_line' id='line_1_81' title="bbox 1060 1043 2006 1098; baseline 0.001 -12"><span class='ocrx_word' id='word_1_411' title='bbox 1060 1061 1175 1087; x_wconf 90' lang='lat' dir='ltr'>cuntur</span> <span class='ocrx_word' id='word_1_412' title='bbox 1206 1053 1237 1086; x_wconf 92' lang='lat' dir='ltr'>in</span> <span class='ocrx_word' id='word_1_413' title='bbox 1259 1053 1398 1087; x_wconf 89' lang='lat' dir='ltr'>secundo</span> <span class='ocrx_word' id='word_1_414' title='bbox 1425 1053 1535 1098; x_wconf 83' lang='lat' dir='ltr'>gradu,</span> <span class='ocrx_word' id='word_1_415' title='bbox 1563 1054 1645 1087; x_wconf 81' lang='lat' dir='ltr'>iuxta</span> <span class='ocrx_word' id='word_1_416' title='bbox 1668 1065 1807 1087; x_wconf 87' lang='lat' dir='ltr'>canones</span> <span class='ocrx_word' id='word_1_417' title='bbox 1844 1043 2006 1083; x_wconf 33' lang='lat' dir='ltr'>rim-11¹2</span> 
     </span>
     <span class='ocr_line' id='line_1_82' title="bbox 1060 1095 1970 1149; baseline 0.001 -14"><span class='ocrx_word' id='word_1_418' title='bbox 1060 1111 1267 1136; x_wconf 85' lang='lat' dir='ltr'>numerantur</span> <span class='ocrx_word' id='word_1_419' title='bbox 1298 1102 1327 1135; x_wconf 89' lang='lat' dir='ltr'>in</span> <span class='ocrx_word' id='word_1_420' title='bbox 1360 1102 1472 1148; x_wconf 76' lang='lat' dir='ltr'>pr1m03</span> <span class='ocrx_word' id='word_1_421' title='bbox 1506 1102 1562 1136; x_wconf 86' lang='lat' dir='ltr'>filii</span> <span class='ocrx_word' id='word_1_422' title='bbox 1597 1102 1725 1136; x_wconf 85' lang='lat' dir='ltr'>fratrum</span> <span class='ocrx_word' id='word_1_423' title='bbox 1755 1102 1807 1149; x_wconf 88' lang='lat' dir='ltr'>qui</span> <span class='ocrx_word' id='word_1_424' title='bbox 1841 1098 1905 1135; x_wconf 40' lang='lat' dir='ltr'>&#39;nm&#39;</span> <span class='ocrx_word' id='word_1_425' title='bbox 1924 1098 1931 1107; x_wconf 55' lang='grc'>’</span> <span class='ocrx_word' id='word_1_426' title='bbox 1960 1095 1970 1106; x_wconf 45' lang='grc' dir='ltr'><strong>Γ</strong></span> 
     </span>
    </p>
   </div>
   <div class='ocr_carea' id='block_1_13' title="bbox 1059 1150 1812 2474">
    <p class='ocr_par' dir='ltr' id='par_1_13' title="bbox 1059 1150 1812 2474">
     <span class='ocr_line' id='line_1_83' title="bbox 1061 1150 1809 1198; baseline 0.001 -14"><span class='ocrx_word' id='word_1_427' title='bbox 1061 1150 1124 1184; x_wconf 93' lang='lat' dir='ltr'>illic</span> <span class='ocrx_word' id='word_1_428' title='bbox 1151 1159 1358 1185; x_wconf 88' lang='lat' dir='ltr'>numerantur</span> <span class='ocrx_word' id='word_1_429' title='bbox 1381 1164 1410 1184; x_wconf 82' lang='lat' dir='ltr'>in</span> <span class='ocrx_word' id='word_1_430' title='bbox 1435 1159 1559 1197; x_wconf 88' lang='lat' dir='ltr'>quarto</span> <span class='ocrx_word' id='word_1_431' title='bbox 1592 1152 1641 1186; x_wconf 79' lang='lat' dir='ltr'>hie</span> <span class='ocrx_word' id='word_1_432' title='bbox 1667 1163 1809 1198; x_wconf 78' lang='lat' dir='ltr'>compn—</span> 
     </span>
     <span class='ocr_line' id='line_1_84' title="bbox 1061 1199 1808 1254; baseline 0.001 -21"><span class='ocrx_word' id='word_1_433' title='bbox 1061 1208 1165 1234; x_wconf 90' lang='lat' dir='ltr'>tantnr</span> <span class='ocrx_word' id='word_1_434' title='bbox 1193 1200 1222 1233; x_wconf 91' lang='lat' dir='ltr'>in</span> <span class='ocrx_word' id='word_1_435' title='bbox 1246 1199 1396 1239; x_wconf 88' lang='lat' dir='ltr'>secundo</span> <span class='ocrx_word' id='word_1_436' title='bbox 1421 1208 1561 1254; x_wconf 85' lang='lat' dir='ltr'>nepotes,</span> <span class='ocrx_word' id='word_1_437' title='bbox 1589 1201 1642 1247; x_wconf 87' lang='lat' dir='ltr'>qui</span> <span class='ocrx_word' id='word_1_438' title='bbox 1667 1201 1697 1234; x_wconf 92' lang='lat' dir='ltr'>in</span> <span class='ocrx_word' id='word_1_439' title='bbox 1720 1209 1808 1234; x_wconf 75' lang='lat' dir='ltr'>sexto</span> 
     </span>
     <span class='ocr_line' id='line_1_85' title="bbox 1062 1249 1810 1289; baseline 0.001 -7"><span class='ocrx_word' id='word_1_440' title='bbox 1062 1249 1113 1288; x_wconf 88' lang='lat' dir='ltr'>ibi,</span> <span class='ocrx_word' id='word_1_441' title='bbox 1131 1249 1200 1283; x_wconf 86' lang='lat' dir='ltr'>istic</span> <span class='ocrx_word' id='word_1_442' title='bbox 1222 1257 1428 1283; x_wconf 88' lang='lat' dir='ltr'>numerantur</span> <span class='ocrx_word' id='word_1_443' title='bbox 1449 1249 1479 1282; x_wconf 91' lang='lat' dir='ltr'>in</span> <span class='ocrx_word' id='word_1_444' title='bbox 1503 1249 1612 1289; x_wconf 83' lang='lat' dir='ltr'>terti0;</span> <span class='ocrx_word' id='word_1_445' title='bbox 1647 1250 1692 1283; x_wconf 90' lang='lat' dir='ltr'>sic</span> <span class='ocrx_word' id='word_1_446' title='bbox 1722 1250 1810 1283; x_wconf 87' lang='lat' dir='ltr'>dein-</span> 
     </span>
     <span class='ocr_line' id='line_1_86' title="bbox 1061 1277 1807 1345; baseline 0 -13"><span class='ocrx_word' id='word_1_447' title='bbox 1061 1310 1152 1344; x_wconf 81' lang='lat' dir='ltr'>ceps,</span> <span class='ocrx_word' id='word_1_448' title='bbox 1174 1298 1227 1345; x_wconf 89' lang='lat' dir='ltr'>qui</span> <span class='ocrx_word' id='word_1_449' title='bbox 1244 1299 1274 1332; x_wconf 93' lang='lat' dir='ltr'>in</span> <span class='ocrx_word' id='word_1_450' title='bbox 1298 1298 1420 1343; x_wconf 83' lang='lat' dir='ltr'>legibus</span> <span class='ocrx_word' id='word_1_451' title='bbox 1439 1277 1642 1332; x_wconf 83' lang='lat' dir='ltr'>scribuntui·</span> <span class='ocrx_word' id='word_1_452' title='bbox 1635 1311 1666 1332; x_wconf 82' lang='lat' dir='ltr'>tn</span> <span class='ocrx_word' id='word_1_453' title='bbox 1686 1306 1807 1337; x_wconf 67' lang='grc' dir='ltr'>θείω-,ο</span> 
     </span>
     <span class='ocr_line' id='line_1_87' title="bbox 1060 1325 1807 1390; baseline 0 -10"><span class='ocrx_word' id='word_1_454' title='bbox 1060 1356 1090 1381; x_wconf 87' lang='lat' dir='ltr'>et</span> <span class='ocrx_word' id='word_1_455' title='bbox 1112 1347 1256 1390; x_wconf 87' lang='lat' dir='ltr'>decimo,</span> <span class='ocrx_word' id='word_1_456' title='bbox 1284 1347 1314 1380; x_wconf 94' lang='lat' dir='ltr'>in</span> <span class='ocrx_word' id='word_1_457' title='bbox 1328 1325 1518 1381; x_wconf 59' lang='lat' dir='ltr'>Dcanoninus</span> <span class='ocrx_word' id='word_1_458' title='bbox 1553 1346 1748 1381; x_wconf 80' lang='lat' dir='ltr'>definiuntur</span> <span class='ocrx_word' id='word_1_459' title='bbox 1778 1348 1807 1381; x_wconf 93' lang='lat' dir='ltr'>in</span> 
     </span>
     <span class='ocr_line' id='line_1_88' title="bbox 1061 1394 1807 1442; baseline 0.001 -13"><span class='ocrx_word' id='word_1_460' title='bbox 1061 1404 1193 1442; x_wconf 89' lang='lat' dir='ltr'>quarto,</span> <span class='ocrx_word' id='word_1_461' title='bbox 1220 1403 1251 1430; x_wconf 90' lang='lat' dir='ltr'>et</span> <span class='ocrx_word' id='word_1_462' title='bbox 1280 1396 1401 1442; x_wconf 89' lang='lat' dir='ltr'>quinto.</span> <span class='ocrx_word' id='word_1_463' title='bbox 1429 1394 1534 1442; x_wconf 80' lang='lat' dir='ltr'>Atque</span> <span class='ocrx_word' id='word_1_464' title='bbox 1556 1395 1616 1430; x_wconf 90' lang='lat' dir='ltr'>hoc</span> <span class='ocrx_word' id='word_1_465' title='bbox 1647 1396 1741 1430; x_wconf 91' lang='lat' dir='ltr'>modo</span> <span class='ocrx_word' id='word_1_466' title='bbox 1768 1396 1807 1430; x_wconf 90' lang='lat' dir='ltr'>de</span> 
     </span>
     <span class='ocr_line' id='line_1_89' title="bbox 1061 1444 1806 1491; baseline 0 -13"><span class='ocrx_word' id='word_1_467' title='bbox 1061 1445 1188 1491; x_wconf 85' lang='lat' dir='ltr'>reliquis</span> <span class='ocrx_word' id='word_1_468' title='bbox 1210 1444 1410 1479; x_wconf 84' lang='lat' dir='ltr'>sentiendum</span> <span class='ocrx_word' id='word_1_469' title='bbox 1432 1453 1490 1485; x_wconf 90' lang='lat' dir='ltr'>est,</span> <span class='ocrx_word' id='word_1_470' title='bbox 1511 1452 1544 1478; x_wconf 87' lang='lat' dir='ltr'>ut</span> <span class='ocrx_word' id='word_1_471' title='bbox 1562 1447 1607 1488; x_wconf 82' lang='lat' dir='ltr'>(t)</span> <span class='ocrx_word' id='word_1_472' title='bbox 1630 1445 1806 1479; x_wconf 89' lang='lat' dir='ltr'>secundum</span> 
     </span>
     <span class='ocr_line' id='line_1_90' title="bbox 1061 1493 1806 1540; baseline 0.001 -13"><span class='ocrx_word' id='word_1_473' title='bbox 1061 1505 1197 1528; x_wconf 88' lang='lat' dir='ltr'>canones</span> <span class='ocrx_word' id='word_1_474' title='bbox 1223 1493 1375 1528; x_wconf 85' lang='lat' dir='ltr'>dicuntur</span> <span class='ocrx_word' id='word_1_475' title='bbox 1397 1494 1427 1527; x_wconf 91' lang='lat' dir='ltr'>in</span> <span class='ocrx_word' id='word_1_476' title='bbox 1454 1501 1554 1534; x_wconf 85' lang='lat' dir='ltr'>sexto,</span> <span class='ocrx_word' id='word_1_477' title='bbox 1584 1493 1632 1528; x_wconf 86' lang='lat' dir='ltr'>vel</span> <span class='ocrx_word' id='word_1_478' title='bbox 1658 1494 1806 1540; x_wconf 86' lang='lat' dir='ltr'>septimo,</span> 
     </span>
     <span class='ocr_line' id='line_1_91' title="bbox 1060 1542 1807 1590; baseline 0 -14"><span class='ocrx_word' id='word_1_479' title='bbox 1060 1543 1234 1577; x_wconf 88' lang='lat' dir='ltr'>secundnm</span> <span class='ocrx_word' id='word_1_480' title='bbox 1258 1543 1343 1588; x_wconf 75' lang='lat' dir='ltr'>leges</span> <span class='ocrx_word' id='word_1_481' title='bbox 1368 1543 1563 1590; x_wconf 88' lang='lat' dir='ltr'>accipiantur</span> <span class='ocrx_word' id='word_1_482' title='bbox 1596 1543 1627 1577; x_wconf 91' lang='lat' dir='ltr'>in</span> <span class='ocrx_word' id='word_1_483' title='bbox 1650 1542 1807 1578; x_wconf 84' lang='lat' dir='ltr'>duodeci-</span> 
     </span>
     <span class='ocr_line' id='line_1_92' title="bbox 1061 1591 1809 1639; baseline 0.001 -14"><span class='ocrx_word' id='word_1_484' title='bbox 1061 1604 1124 1630; x_wconf 81' lang='lat' dir='ltr'>mo.</span> <span class='ocrx_word' id='word_1_485' title='bbox 1147 1593 1192 1627; x_wconf 75' lang='lat' dir='ltr'>vel</span> <span class='ocrx_word' id='word_1_486' title='bbox 1215 1600 1327 1639; x_wconf 79' lang='lat' dir='ltr'>quarto</span> <span class='ocrx_word' id='word_1_487' title='bbox 1360 1592 1494 1626; x_wconf 88' lang='lat' dir='ltr'>decimo.</span> <span class='ocrx_word' id='word_1_488' title='bbox 1527 1591 1616 1626; x_wconf 91' lang='lat' dir='ltr'>Hanc</span> <span class='ocrx_word' id='word_1_489' title='bbox 1643 1600 1809 1636; x_wconf 74' lang='lat' dir='ltr'>eomputa-</span> 
     </span>
     <span class='ocr_line' id='line_1_93' title="bbox 1060 1641 1807 1687; baseline 0.001 -12"><span class='ocrx_word' id='word_1_490' title='bbox 1060 1642 1177 1675; x_wconf 86' lang='lat' dir='ltr'>tionem</span> <span class='ocrx_word' id='word_1_491' title='bbox 1212 1642 1392 1687; x_wconf 84' lang='lat' dir='ltr'>intelligens</span> <span class='ocrx_word' id='word_1_492' title='bbox 1430 1641 1695 1687; x_wconf 88' lang='lat' dir='ltr'>prudentissimus</span> <span class='ocrx_word' id='word_1_493' title='bbox 1723 1641 1807 1687; x_wconf 87' lang='lat' dir='ltr'>Papa</span> 
     </span>
     <span class='ocr_line' id='line_1_94' title="bbox 1060 1690 1810 1737; baseline 0 -13"><span class='ocrx_word' id='word_1_494' title='bbox 1060 1690 1245 1736; x_wconf 76' lang='lat' dir='ltr'>Gregorius,</span> <span class='ocrx_word' id='word_1_495' title='bbox 1272 1690 1346 1724; x_wconf 90' lang='lat' dir='ltr'>dum</span> <span class='ocrx_word' id='word_1_496' title='bbox 1370 1698 1573 1737; x_wconf 86' lang='lat' dir='ltr'>quaereretur</span> <span class='ocrx_word' id='word_1_497' title='bbox 1595 1690 1626 1724; x_wconf 91' lang='lat' dir='ltr'>in</span> <span class='ocrx_word' id='word_1_498' title='bbox 1644 1698 1739 1736; x_wconf 84' lang='lat' dir='ltr'>quota</span> <span class='ocrx_word' id='word_1_499' title='bbox 1756 1702 1810 1736; x_wconf 80' lang='lat' dir='ltr'>ge-</span> 
     </span>
     <span class='ocr_line' id='line_1_95' title="bbox 1062 1739 1808 1785; baseline 0 -12"><span class='ocrx_word' id='word_1_500' title='bbox 1062 1741 1222 1774; x_wconf 81' lang='lat' dir='ltr'>neratione</span> <span class='ocrx_word' id='word_1_501' title='bbox 1243 1740 1392 1785; x_wconf 76' lang='lat' dir='ltr'>coniungi</span> <span class='ocrx_word' id='word_1_502' title='bbox 1418 1739 1527 1774; x_wconf 89' lang='lat' dir='ltr'>fideles</span> <span class='ocrx_word' id='word_1_503' title='bbox 1549 1739 1695 1779; x_wconf 87' lang='lat' dir='ltr'>debeant,</span> <span class='ocrx_word' id='word_1_504' title='bbox 1722 1739 1808 1785; x_wconf 83' lang='lat' dir='ltr'>ipsas</span> 
     </span>
     <span class='ocr_line' id='line_1_96' title="bbox 1061 1788 1808 1835; baseline -0.001 -12"><span class='ocrx_word' id='word_1_505' title='bbox 1061 1789 1237 1824; x_wconf 84' lang='lat' dir='ltr'>saeculares</span> <span class='ocrx_word' id='word_1_506' title='bbox 1252 1789 1337 1835; x_wconf 80' lang='lat' dir='ltr'>leges</span> <span class='ocrx_word' id='word_1_507' title='bbox 1351 1789 1383 1823; x_wconf 91' lang='lat' dir='ltr'>in</span> <span class='ocrx_word' id='word_1_508' title='bbox 1401 1788 1617 1823; x_wconf 87' lang='lat' dir='ltr'>testimonium</span> <span class='ocrx_word' id='word_1_509' title='bbox 1634 1788 1808 1832; x_wconf 87' lang='lat' dir='ltr'>adducens,</span> 
     </span>
     <span class='ocr_line' id='line_1_97' title="bbox 1061 1837 1808 1885; baseline -0.001 -13"><span class='ocrx_word' id='word_1_510' title='bbox 1061 1839 1238 1884; x_wconf 76' lang='lat' dir='ltr'>Augustino</span> <span class='ocrx_word' id='word_1_511' title='bbox 1256 1838 1430 1885; x_wconf 81' lang='lat' dir='ltr'>Anglorum</span> <span class='ocrx_word' id='word_1_512' title='bbox 1446 1838 1597 1885; x_wconf 87' lang='lat' dir='ltr'>episcopo</span> <span class='ocrx_word' id='word_1_513' title='bbox 1611 1838 1658 1872; x_wconf 90' lang='lat' dir='ltr'>sic</span> <span class='ocrx_word' id='word_1_514' title='bbox 1668 1837 1808 1884; x_wconf 84' lang='lat' dir='ltr'>scripsit:</span> 
     </span>
     <span class='ocr_line' id='line_1_98' title="bbox 1064 1889 1809 1931; baseline -0.001 -10"><span class='ocrx_word' id='word_1_515' title='bbox 1064 1889 1224 1928; x_wconf 80' lang='lat' dir='ltr'>Quaedam</span> <span class='ocrx_word' id='word_1_516' title='bbox 1259 1895 1377 1921; x_wconf 84' lang='lat' dir='ltr'>terrena</span> <span class='ocrx_word' id='word_1_517' title='bbox 1408 1889 1458 1922; x_wconf 77' lang='lat' dir='ltr'>lea:</span> <span class='ocrx_word' id='word_1_518' title='bbox 1496 1889 1528 1921; x_wconf 85' lang='lat' dir='ltr'>in</span> <span class='ocrx_word' id='word_1_519' title='bbox 1560 1899 1692 1921; x_wconf 83' lang='lat' dir='ltr'>romana</span> <span class='ocrx_word' id='word_1_520' title='bbox 1718 1899 1809 1931; x_wconf 84' lang='lat' dir='ltr'>repu-</span> 
     </span>
     <span class='ocr_line' id='line_1_99' title="bbox 1061 1937 1808 1981; baseline -0.001 -11"><span class='ocrx_word' id='word_1_521' title='bbox 1061 1939 1139 1971; x_wconf 82' lang='lat' dir='ltr'>blica</span> <span class='ocrx_word' id='word_1_522' title='bbox 1159 1938 1318 1981; x_wconf 78' lang='lat' dir='ltr'>permittit,</span> <span class='ocrx_word' id='word_1_523' title='bbox 1345 1945 1378 1971; x_wconf 84' lang='lat' dir='ltr'>ut</span> <span class='ocrx_word' id='word_1_524' title='bbox 1401 1938 1462 1971; x_wconf 82' lang='lat' dir='ltr'>sive</span> <span class='ocrx_word' id='word_1_525' title='bbox 1481 1938 1601 1981; x_wconf 76' lang='lat' dir='ltr'>fratris,</span> <span class='ocrx_word' id='word_1_526' title='bbox 1620 1944 1647 1970; x_wconf 82' lang='lat' dir='ltr'>et</span> <span class='ocrx_word' id='word_1_527' title='bbox 1667 1937 1784 1970; x_wconf 79' lang='lat' dir='ltr'>sororis</span> <span class='ocrx_word' id='word_1_528' title='bbox 1798 1963 1808 1979; x_wconf 89' lang='lat'>,</span> 
     </span>
     <span class='ocr_line' id='line_1_100' title="bbox 1060 1988 1810 2031; baseline -0.001 -12"><span class='ocrx_word' id='word_1_529' title='bbox 1060 1988 1120 2020; x_wconf 78' lang='lat' dir='ltr'>siue</span> <span class='ocrx_word' id='word_1_530' title='bbox 1151 1988 1283 2020; x_wconf 72' lang='lat' dir='ltr'>(luorum</span> <span class='ocrx_word' id='word_1_531' title='bbox 1316 1988 1451 2031; x_wconf 81' lang='lat' dir='ltr'>fratrum</span> <span class='ocrx_word' id='word_1_532' title='bbox 1484 1998 1724 2031; x_wconf 76' lang='lat' dir='ltr'>yermanorum,</span> <span class='ocrx_word' id='word_1_533' title='bbox 1758 1998 1810 2019; x_wconf 84' lang='lat' dir='ltr'>seu</span> 
     </span>
     <span class='ocr_line' id='line_1_101' title="bbox 1060 2036 1807 2081; baseline -0.003 -12"><span class='ocrx_word' id='word_1_534' title='bbox 1060 2037 1193 2069; x_wconf 78' lang='lat' dir='ltr'>duarum</span> <span class='ocrx_word' id='word_1_535' title='bbox 1219 2047 1359 2069; x_wconf 80' lang='lat' dir='ltr'>sororum</span> <span class='ocrx_word' id='word_1_536' title='bbox 1384 2037 1452 2081; x_wconf 82' lang='lat' dir='ltr'>filia</span> <span class='ocrx_word' id='word_1_537' title='bbox 1485 2043 1510 2069; x_wconf 87' lang='lat' dir='ltr'>et</span> <span class='ocrx_word' id='word_1_538' title='bbox 1541 2037 1624 2080; x_wconf 77' lang='lat' dir='ltr'>filius</span> <span class='ocrx_word' id='word_1_539' title='bbox 1656 2036 1807 2068; x_wconf 82' lang='lat' dir='ltr'>miscean-</span> 
     </span>
     <span class='ocr_line' id='line_1_102' title="bbox 1061 2085 1812 2129; baseline -0.001 -12"><span class='ocrx_word' id='word_1_540' title='bbox 1061 2093 1120 2118; x_wconf 84' lang='lat' dir='ltr'>tur.</span> <span class='ocrx_word' id='word_1_541' title='bbox 1143 2087 1206 2119; x_wconf 78' lang='lat' dir='ltr'>Sed</span> <span class='ocrx_word' id='word_1_542' title='bbox 1239 2086 1442 2129; x_wconf 72' lang='lat' dir='ltr'>experimento</span> <span class='ocrx_word' id='word_1_543' title='bbox 1469 2085 1653 2128; x_wconf 77' lang='lat' dir='ltr'>didicimus,</span> <span class='ocrx_word' id='word_1_544' title='bbox 1687 2096 1726 2117; x_wconf 73' lang='lat' dir='ltr'>ex</span> <span class='ocrx_word' id='word_1_545' title='bbox 1753 2085 1812 2117; x_wconf 78' lang='lat' dir='ltr'>cati</span> 
     </span>
     <span class='ocr_line' id='line_1_103' title="bbox 1060 2135 1808 2179; baseline 0 -13"><span class='ocrx_word' id='word_1_546' title='bbox 1060 2136 1202 2179; x_wconf 76' lang='lat' dir='ltr'>coniuyio</span> <span class='ocrx_word' id='word_1_547' title='bbox 1241 2135 1366 2168; x_wconf 80' lang='lat' dir='ltr'>Iobolem</span> <span class='ocrx_word' id='word_1_548' title='bbox 1399 2147 1462 2168; x_wconf 85' lang='lat' dir='ltr'>non</span> <span class='ocrx_word' id='word_1_549' title='bbox 1493 2146 1578 2178; x_wconf 83' lang='lat' dir='ltr'>posse</span> <span class='ocrx_word' id='word_1_550' title='bbox 1617 2145 1808 2166; x_wconf 76' lang='lat' dir='ltr'>succrescere.</span> 
     </span>
     <span class='ocr_line' id='line_1_104' title="bbox 1063 2183 1810 2227; baseline -0.001 -11"><span class='ocrx_word' id='word_1_551' title='bbox 1063 2184 1147 2217; x_wconf 80' lang='lat' dir='ltr'>Unde</span> <span class='ocrx_word' id='word_1_552' title='bbox 1163 2196 1273 2218; x_wconf 81' lang='lat' dir='ltr'>necesse</span> <span class='ocrx_word' id='word_1_553' title='bbox 1287 2191 1328 2217; x_wconf 82' lang='lat' dir='ltr'>est</span> <span class='ocrx_word' id='word_1_554' title='bbox 1344 2191 1374 2217; x_wconf 85' lang='lat' dir='ltr'>ut</span> <span class='ocrx_word' id='word_1_555' title='bbox 1389 2185 1451 2217; x_wconf 78' lang='lat' dir='ltr'>iam</span> <span class='ocrx_word' id='word_1_556' title='bbox 1465 2185 1496 2216; x_wconf 86' lang='lat' dir='ltr'>in</span> <span class='ocrx_word' id='word_1_557' title='bbox 1515 2184 1615 2222; x_wconf 68' lang='lat' dir='ltr'>tertia,</span> <span class='ocrx_word' id='word_1_558' title='bbox 1636 2183 1682 2215; x_wconf 87' lang='lat' dir='ltr'>vel</span> <span class='ocrx_word' id='word_1_559' title='bbox 1696 2189 1810 2227; x_wconf 81' lang='lat' dir='ltr'>quarta</span> 
     </span>
     <span class='ocr_line' id='line_1_105' title="bbox 1059 2232 1811 2278; baseline -0.001 -13"><span class='ocrx_word' id='word_1_560' title='bbox 1059 2235 1252 2277; x_wconf 79' lang='lat' dir='ltr'>yenerationc</span> <span class='ocrx_word' id='word_1_561' title='bbox 1273 2234 1427 2278; x_wconf 82' lang='lat' dir='ltr'>copulatio</span> <span class='ocrx_word' id='word_1_562' title='bbox 1443 2233 1581 2278; x_wconf 82' lang='lat' dir='ltr'>fidelium</span> <span class='ocrx_word' id='word_1_563' title='bbox 1608 2232 1730 2265; x_wconf 80' lang='lat' dir='ltr'>licenter</span> <span class='ocrx_word' id='word_1_564' title='bbox 1750 2232 1811 2264; x_wconf 78' lang='lat' dir='ltr'><em>sibi</em></span> 
     </span>
     <span class='ocr_line' id='line_1_106' title="bbox 1060 2283 1811 2326; baseline -0.001 -11"><span class='ocrx_word' id='word_1_565' title='bbox 1060 2283 1207 2326; x_wconf 73' lang='lat' dir='ltr'>coni&#39;unyi</span> <span class='ocrx_word' id='word_1_566' title='bbox 1219 2283 1332 2315; x_wconf 78' lang='lat' dir='ltr'>debeat.</span> <span class='ocrx_word' id='word_1_567' title='bbox 1343 2283 1425 2315; x_wconf 79' lang='lat' dir='ltr'>Nam</span> <span class='ocrx_word' id='word_1_568' title='bbox 1442 2294 1460 2315; x_wconf 89' lang='lat' dir='ltr'>a</span> <span class='ocrx_word' id='word_1_569' title='bbox 1475 2283 1607 2315; x_wconf 84' lang='lat' dir='ltr'>secunda</span> <span class='ocrx_word' id='word_1_570' title='bbox 1618 2292 1712 2325; x_wconf 84' lang='lat' dir='ltr'>quam</span> <span class='ocrx_word' id='word_1_571' title='bbox 1722 2292 1811 2325; x_wconf 83' lang='lat' dir='ltr'>prae-</span> 
     </span>
     <span class='ocr_line' id='line_1_107' title="bbox 1061 2329 1810 2364; baseline -0.001 0"><span class='ocrx_word' id='word_1_572' title='bbox 1061 2332 1198 2364; x_wconf 65' lang='lat' dir='ltr'>dioei&#39;mus</span> <span class='ocrx_word' id='word_1_573' title='bbox 1218 2332 1393 2364; x_wconf 76' lang='lat' dir='ltr'>omnimodo</span> <span class='ocrx_word' id='word_1_574' title='bbox 1420 2332 1523 2364; x_wconf 83' lang='lat' dir='ltr'>debent</span> <span class='ocrx_word' id='word_1_575' title='bbox 1543 2330 1702 2364; x_wconf 82' lang='lat' dir='ltr'>abstinere.</span> <span class='ocrx_word' id='word_1_576' title='bbox 1724 2329 1810 2363; x_wconf 84' lang='lat' dir='ltr'>Ecce</span> 
     </span>
     <span class='ocr_line' id='line_1_108' title="bbox 1061 2377 1811 2426; baseline -0.001 -13"><span class='ocrx_word' id='word_1_577' title='bbox 1061 2379 1114 2414; x_wconf 90' lang='lat' dir='ltr'>hic</span> <span class='ocrx_word' id='word_1_578' title='bbox 1140 2388 1246 2426; x_wconf 80' lang='lat' dir='ltr'>aperte</span> <span class='ocrx_word' id='word_1_579' title='bbox 1269 2387 1460 2414; x_wconf 88' lang='lat' dir='ltr'>monstratur</span> <span class='ocrx_word' id='word_1_580' title='bbox 1491 2378 1572 2414; x_wconf 89' lang='lat' dir='ltr'>filios</span> <span class='ocrx_word' id='word_1_581' title='bbox 1598 2386 1629 2413; x_wconf 88' lang='lat' dir='ltr'>et</span> <span class='ocrx_word' id='word_1_582' title='bbox 1650 2377 1729 2412; x_wconf 87' lang='lat' dir='ltr'>filias</span> <span class='ocrx_word' id='word_1_583' title='bbox 1749 2379 1811 2412; x_wconf 87' lang='lat' dir='ltr'>sra-</span> 
     </span>
     <span class='ocr_line' id='line_1_109' title="bbox 1062 2426 1807 2474; baseline -0.003 -12"><span class='ocrx_word' id='word_1_584' title='bbox 1062 2436 1143 2462; x_wconf 89' lang='lat' dir='ltr'>trum</span> <span class='ocrx_word' id='word_1_585' title='bbox 1178 2429 1206 2462; x_wconf 91' lang='lat' dir='ltr'>iu</span> <span class='ocrx_word' id='word_1_586' title='bbox 1238 2428 1376 2463; x_wconf 89' lang='lat' dir='ltr'>secunda</span> <span class='ocrx_word' id='word_1_587' title='bbox 1404 2429 1605 2474; x_wconf 84' lang='lat' dir='ltr'>generatione</span> <span class='ocrx_word' id='word_1_588' title='bbox 1636 2426 1807 2462; x_wconf 88' lang='lat' dir='ltr'>numerari.</span> 
     </span>
    </p>
   </div>
   <div class='ocr_carea' id='block_1_14' title="bbox 1064 2526 1811 2618">
    <p class='ocr_par' dir='ltr' id='par_1_14' title="bbox 1064 2526 1811 2618">
     <span class='ocr_line' id='line_1_110' title="bbox 1064 2526 1811 2574; baseline -0.001 -14"><span class='ocrx_word' id='word_1_589' title='bbox 1064 2528 1093 2560; x_wconf 90' lang='lat' dir='ltr'>in</span> <span class='ocrx_word' id='word_1_590' title='bbox 1122 2527 1275 2570; x_wconf 68' lang='lat' dir='ltr'>secunda,</span> <span class='ocrx_word' id='word_1_591' title='bbox 1301 2527 1365 2561; x_wconf 72' lang='lat' dir='ltr'>lieri</span> <span class='ocrx_word' id='word_1_592' title='bbox 1387 2538 1450 2562; x_wconf 89' lang='lat' dir='ltr'>non</span> <span class='ocrx_word' id='word_1_593' title='bbox 1473 2534 1587 2574; x_wconf 88' lang='lat' dir='ltr'>potest,</span> <span class='ocrx_word' id='word_1_594' title='bbox 1609 2534 1644 2560; x_wconf 89' lang='lat' dir='ltr'>ut</span> <span class='ocrx_word' id='word_1_595' title='bbox 1670 2526 1730 2573; x_wconf 85' lang='lat' dir='ltr'>ipsi</span> <span class='ocrx_word' id='word_1_596' title='bbox 1747 2526 1811 2560; x_wconf 82' lang='lat' dir='ltr'>fra-</span> 
     </span>
     <span class='ocr_line' id='line_1_111' title="bbox 1098 2583 1304 2618; baseline -0.005 -8"><span class='ocrx_word' id='word_1_597' title='bbox 1098 2584 1136 2618; x_wconf 87' lang='lat' dir='ltr'>(t)</span> <span class='ocrx_word' id='word_1_598' title='bbox 1153 2583 1229 2610; x_wconf 74' lang='lat' dir='ltr'>Adde</span> <span class='ocrx_word' id='word_1_599' title='bbox 1248 2586 1304 2616; x_wconf 80' lang='lat' dir='ltr'>qui.</span> 
     </span>
    </p>
   </div>
   <div class='ocr_carea' id='block_1_15' title="bbox 1833 229 2017 256">
    <p class='ocr_par' dir='ltr' id='par_1_15' title="bbox 1833 229 2017 256">
     <span class='ocr_line' id='line_1_112' title="bbox 1833 229 2017 256; baseline 0.016 -3"><span class='ocrx_word' id='word_1_600' title='bbox 1833 229 1881 254; x_wconf 70' lang='lat' dir='ltr'>An,</span> <span class='ocrx_word' id='word_1_601' title='bbox 1903 229 2017 256; x_wconf 53' lang='lat' dir='ltr'>‹210ssss</span> 
     </span>
    </p>
   </div>
   <div class='ocr_carea' id='block_1_16' title="bbox 1834 1649 2020 1808">
    <p class='ocr_par' dir='ltr' id='par_1_16' title="bbox 1834 1649 2020 1808">
     <span class='ocr_line' id='line_1_113' title="bbox 1866 1649 2019 1669; baseline -0.007 0"><span class='ocrx_word' id='word_1_602' title='bbox 1866 1650 1940 1669; x_wconf 53' lang='grc' dir='ltr'>ἰιιῖιιη</span> <span class='ocrx_word' id='word_1_603' title='bbox 1971 1649 2019 1669; x_wconf 63' lang='lat' dir='ltr'>Gre-</span> 
     </span>
     <span class='ocr_line' id='line_1_114' title="bbox 1836 1676 2010 1702; baseline -0.011 -6"><span class='ocrx_word' id='word_1_604' title='bbox 1836 1677 1887 1702; x_wconf 77' lang='lat' dir='ltr'>gorii</span> <span class='ocrx_word' id='word_1_605' title='bbox 1916 1676 1955 1695; x_wconf 78' lang='grc' dir='ltr'>ΙΨ.</span> <span class='ocrx_word' id='word_1_606' title='bbox 2000 1682 2010 1691; x_wconf 77' lang='lat'>‹-</span> 
     </span>
     <span class='ocr_line' id='line_1_115' title="bbox 1834 1702 2020 1723; baseline -0.016 0"><span class='ocrx_word' id='word_1_607' title='bbox 1834 1703 1891 1723; x_wconf 74' lang='lat' dir='ltr'>cedit</span> <span class='ocrx_word' id='word_1_608' title='bbox 1905 1702 2020 1722; x_wconf 58' lang='lat' dir='ltr'>auctorita:</span> 
     </span>
     <span class='ocr_line' id='line_1_116' title="bbox 1835 1729 2019 1749; baseline -0.011 0"><span class='ocrx_word' id='word_1_609' title='bbox 1835 1729 1953 1749; x_wconf 49' lang='lat' dir='ltr'>rest-niwen»</span> <span class='ocrx_word' id='word_1_610' title='bbox 1980 1735 2019 1747; x_wconf 46' lang='lat' dir='ltr'>,u-</span> 
     </span>
     <span class='ocr_line' id='line_1_117' title="bbox 1835 1756 2019 1780; baseline -0.011 -5"><span class='ocrx_word' id='word_1_611' title='bbox 1835 1758 1916 1780; x_wconf 56' lang='lat' dir='ltr'>pudmo</span> <span class='ocrx_word' id='word_1_612' title='bbox 1946 1756 2019 1775; x_wconf 61' lang='lat' dir='ltr'>Amto-</span> 
     </span>
     <span class='ocr_line' id='line_1_118' title="bbox 1834 1782 2001 1808; baseline -0.006 -6"><span class='ocrx_word' id='word_1_613' title='bbox 1834 1788 1879 1807; x_wconf 81' lang='lat' dir='ltr'>rum</span> <span class='ocrx_word' id='word_1_614' title='bbox 1894 1782 1951 1808; x_wconf 54' lang='grc' dir='ltr'>ηὼς</span> <span class='ocrx_word' id='word_1_615' title='bbox 1968 1788 2001 1807; x_wconf 53' lang='grc' dir='ltr'>μιν.</span> 
     </span>
    </p>
   </div>
   <div class='ocr_carea' id='block_1_17' title="bbox 1832 2390 2018 2470">
    <p class='ocr_par' dir='ltr' id='par_1_17' title="bbox 1832 2390 2018 2470">
     <span class='ocr_line' id='line_1_119' title="bbox 1855 2390 2017 2420; baseline 0 -9"><span class='ocrx_word' id='word_1_616' title='bbox 1855 2390 2017 2420; x_wconf 55' lang='lat' dir='ltr'>Rectaconsan-</span> 
     </span>
     <span class='ocr_line' id='line_1_120' title="bbox 1834 2420 2018 2442; baseline 0 -5"><span class='ocrx_word' id='word_1_617' title='bbox 1834 2420 1941 2442; x_wconf 71' lang='lat' dir='ltr'>guinttatts</span> <span class='ocrx_word' id='word_1_618' title='bbox 1962 2423 2018 2437; x_wconf 78' lang='lat' dir='ltr'>com-</span> 
     </span>
     <span class='ocr_line' id='line_1_121' title="bbox 1832 2444 2017 2470; baseline 0 -6"><span class='ocrx_word' id='word_1_619' title='bbox 1832 2444 1938 2470; x_wconf 79' lang='lat' dir='ltr'>putandae</span> <span class='ocrx_word' id='word_1_620' title='bbox 1956 2444 2017 2464; x_wconf 81' lang='lat' dir='ltr'>ratio.</span> 
     </span>
    </p>
   </div>
   <div class='ocr_carea' id='block_1_18' title="bbox 1063 2477 1890 2515">
    <p class='ocr_par' dir='ltr' id='par_1_18' title="bbox 1063 2477 1890 2515">
     <span class='ocr_line' id='line_1_122' title="bbox 1063 2477 1890 2515; baseline -0.002 -4"><span class='ocrx_word' id='word_1_621' title='bbox 1063 2477 1101 2511; x_wconf 76' lang='lat' dir='ltr'>Et</span> <span class='ocrx_word' id='word_1_622' title='bbox 1122 2479 1146 2512; x_wconf 81' lang='lat' dir='ltr'>si</span> <span class='ocrx_word' id='word_1_623' title='bbox 1179 2478 1309 2512; x_wconf 84' lang='lat' dir='ltr'>fratrum</span> <span class='ocrx_word' id='word_1_624' title='bbox 1338 2477 1390 2511; x_wconf 81' lang='lat' dir='ltr'>filii</span> <span class='ocrx_word' id='word_1_625' title='bbox 1423 2485 1452 2511; x_wconf 88' lang='lat' dir='ltr'>et</span> <span class='ocrx_word' id='word_1_626' title='bbox 1486 2477 1566 2512; x_wconf 81' lang='lat' dir='ltr'>filiae</span> <span class='ocrx_word' id='word_1_627' title='bbox 1603 2484 1810 2511; x_wconf 75' lang='lat' dir='ltr'>numerantur</span> <span class='ocrx_word' id='word_1_628' title='bbox 1841 2514 1844 2515; x_wconf 35' lang='lat'>,</span> <span class='ocrx_word' id='word_1_629' title='bbox 1878 2502 1890 2515; x_wconf 56' lang='lat'>.„</span> 
     </span>
    </p>
   </div>
  </div>
 </body>
</html>
