2180 3205
155 221 201 247 An.
222 221 248 249 C.
271 225 337 254 1159

153 1371 197 1392 Atia
212 1371 267 1393 bona
287 1373 307 1393 ei

123 1398 132 1406 ⁷
151 1403 303 1425 conceduntur*

143 1773 248 1797 Decimae,
260 1774 308 1795 alii-

157 1810 197 1831 que
219 1810 296 1825 census

153 1837 300 1857 condonantur

180 1868 271 1888 omnino,

145 2475 224 2497 {inlitae
241 2476 301 2497 elau-

191 2508 257 2528 sulae.

403 217 473 251 440

351 281 465 316 fossam
494 281 663 320 Baranam,
697 287 812 314 exeunt
839 279 868 313 in
904 278 1039 318 Padum,
1068 287 1096 313 et

348 329 607 371 ‹lescen‹iunt,ad
634 329 831 364 occidentem
860 341 959 375 usque
977 329 1014 363 ad
1040 327 1097 363 Ul-

347 391 432 414 mum
452 379 648 418 Formosam,
663 390 743 425 qnae
756 386 838 413 certa
854 377 925 412 finis
946 387 993 412 est
1017 378 1096 412 inter

346 427 531 463 Romaniam
559 436 590 463 et
616 427 884 472 Longobardiam.
915 427 964 461 Ab
999 427 1094 462 altera

346 486 450 512 autem
474 485 559 525 parte
582 478 723 512 fluminis
751 477 828 512 fines
856 484 929 511 sunt
950 476 1095 511 similiter

345 527 383 561 ab
405 527 525 562 oriente
552 526 648 562 Callis
675 526 714 561 de
740 525 831 567 Fine,
851 539 930 572 quae
954 526 1026 560 linis
1048 535 1092 560 est

345 576 427 611 inter
452 585 594 612 nostrum
626 576 807 610 comitatum
841 575 1092 618 Ferrariensem,

344 633 374 659 et
393 626 525 661 alterum
545 634 688 661 nostrum
704 625 887 660 comitatum
903 624 1093 660 Comaclen-

343 687 427 709 sem:
451 676 624 710 extendunt
645 688 679 709 se
703 687 757 722 per
779 674 909 722 paludes
931 683 960 709 et
984 675 1092 721 pisea—

343 724 404 759 rias
432 737 531 772 usque
557 724 596 760 ad
623 724 774 759 fossatum
797 724 837 759 de
871 723 1006 757 Silvule:
1030 725 1092 758 cir-

341 774 493 809 cumdant
527 786 659 809 massam
683 773 811 808 Corneti
841 782 869 807 et
892 773 1090 819 Longanum,

341 835 422 869 quae
449 824 488 859 de
516 831 623 859 nostro
662 823 813 858 comitam
840 822 1000 856 Ferrariae
1026 831 1088 856 est:

341 872 539 908 descendunt
561 873 633 907 inde
661 873 699 907 ad
727 872 923 906 occidentem
953 884 1006 918 per
1034 884 1089 918 pa-

339 920 443 957 ludes·
452 931 482 957 et
505 923 653 970 piscari-is
677 933 775 968 usque
801 921 839 955 ad
867 920 983 954 flumtn
1006 921 1090 955 Tar-—

340 972 408 1012 tari
432 980 566 1019 pergunt
587 984 688 1027 usque
712 984 741 1005 in
764 970 882 1004 flumen
902 970 990 1004 Padi
1007 969 1089 1004 Smin

338 1000 593 1056 habitatoribus
586 1034 663 1068 ipSis
685 1020 810 1055 maioris
837 1032 958 1054 massae
978 1019 1089 1053 Ferra-

337 1070 400 1104 riae
427 1071 525 1106 malas
541 1079 570 1106 et
589 1083 698 1117 pravas
714 1069 960 1105 consuetudines
984 1081 1087 1103 remo-

336 1131 464 1160 vemus,
488 1121 545 1155 nisi
578 1130 699 1164 tamen,
724 1120 806 1153 sicut
827 1118 908 1153 soliti
930 1126 1022 1158 snut,
1050 1120 1085 1152 aal

336 1169 519 1216 suffragium
556 1177 683 1205 sanctae
723 1168 885 1203 Romanae
927 1167 1086 1202 Ecclesiae

336 1219 512 1254 annualiter
534 1232 588 1266 per
611 1219 733 1253 illorum
758 1218 908 1252 nuncium
929 1229 1086 1264 unaquae-

335 1279 396 1314 que
436 1269 532 1304 libera
568 1280 700 1316 persona
728 1268 838 1314 capitis
874 1268 1014 1301 massarii
1048 1268 1085 1301 ‹le

335 1325 460 1352 moneta
478 1317 630 1353 Venetiae
652 1318 798 1352 denarios
825 1317 966 1363 singulos
988 1316 1084 1350 dabit.

335 1365 459 1402 Census
483 1380 565 1409 vero,
593 1376 623 1402 et
647 1367 764 1407 tributi,
793 1374 885 1413 atque
913 1366 1026 1400 telonei
1047 1366 1084 1400 de

336 1417 400 1462 ripa
423 1416 563 1453 fluminis
583 1429 675 1452 unam
695 1416 894 1450 medietatem
915 1427 970 1462 pro
988 1415 1085 1450 bene-

335 1465 473 1502 dictione
498 1467 536 1502 ad
565 1478 766 1501 communem
787 1465 949 1500 utilitatem
970 1469 1086 1500 etme-

334 1513 531 1551 lioratiouem
551 1529 605 1551 seu
632 1515 886 1550 restaurationem
907 1515 967 1548 iam
982 1514 1083 1548 dictae

334 1565 464 1600 maioris
489 1578 610 1601 massae
642 1564 865 1604 concedirnus3
897 1572 927 1598 et
956 1563 1081 1598 alteram

334 1614 532 1650 medietatem
548 1616 586 1650 ad
610 1622 731 1649 nostras
746 1626 856 1648 manus
873 1625 1080 1648 reservamus.

333 1662 484 1699 Similiter
516 1665 631 1700 telonei
665 1663 704 1698 de
734 1671 869 1698 mercato
893 1675 985 1697 unam
1014 1676 1083 1697 me-

333 1712 478 1748 dietatem
514 1714 673 1761 praedicto
696 1714 844 1760 episcopo
873 1721 979 1746 nostro
1006 1724 1082 1746 con-

333 1762 498 1798 donamus.
525 1763 680 1798 Placitum
703 1762 830 1810 quidem
860 1762 1005 1808 generale
1033 1762 1080 1796 si—

333 1811 450 1846 militer
483 1813 512 1847 in
549 1813 688 1848 dominio
718 1820 747 1846 et
776 1820 928 1858 potestate
955 1819 1081 1845 sanctae

334 1869 457 1896 nostrae
483 1861 645 1897 Romanae
673 1861 835 1897 Ecclesiae
864 1869 1019 1899 tenemus,
1048 1870 1080 1895 ut

333 1919 435 1945 tamen
459 1919 568 1946 nostro
592 1912 709 1947 nuncio
736 1910 833 1946 semel
869 1911 898 1944 in
926 1922 1009 1944 anno
1037 1910 1082 1943 fa-

332 1960 433 1994 ciente
457 1956 618 2006 iustitiam,
637 1961 676 1995 ab
699 1960 847 1995 omnibus
864 1972 917 2006 per
940 1968 1001 1994 tres
1015 1959 1081 1993 (lies

331 2010 541 2052 custodiarum
564 2012 725 2046 collectam
759 2021 832 2044 vero
866 2009 914 2043 vel
943 2008 1079 2052 fodrum,

331 2068 383 2093 aut
406 2072 530 2106 pravam
557 2061 603 2096 vel
630 2061 776 2095 iniustam
804 2058 999 2094 functionem
1028 2068 1078 2092 aut

331 2108 502 2163 dationem,
518 2123 572 2145 seu
595 2109 857 2145 consuetudinem
881 2120 1078 2155 nequaqnam

331 2158 501 2204 exigimus;
535 2160 589 2195 sed
622 2160 727 2204 omnia
768 2170 824 2206 pro
850 2158 909 2192 Dei
949 2158 1078 2197 timore

330 2216 423 2254 atque
449 2222 555 2244 amore
589 2200 767 2256 praedictae
800 2215 925 2242 nostrae
952 2215 1078 2242 sanetae

331 2255 490 2293 Ecclesiae
512 2259 600 2294 Beati
624 2258 752 2304 Georgii
775 2257 924 2292 omnibus
951 2255 1078 2290 babita-

330 2307 472 2341 toribus
467 2309 564 2356 ipsius
579 2320 699 2343 massae
715 2307 843 2342 maioris
861 2306 1077 2362 pepercimus;

330 2355 469 2403 aliasque
496 2359 636 2393 minores
658 2370 776 2392 massas
810 2357 850 2395 ci
873 2357 956 2391 sicut
983 2367 1076 2402 supra

330 2404 448 2440 dictum
464 2416 521 2448 est,
537 2420 609 2442 cum
625 2407 773 2442 omnibus
791 2406 857 2441 suis
875 2405 1077 2441 servitutibus

330 2455 546 2501 subiugamus.
582 2456 616 2491 Si
655 2469 716 2504 qua
751 2467 826 2491 sane
866 2455 1076 2490 ecclesiastica

330 2506 537 2540 saecularisve
565 2518 709 2553 persona,
739 2506 819 2540 hanc
847 2512 971 2540 nostrae
998 2516 1078 2539 con-

331 2555 503 2589 stitutionis
526 2556 680 2602 vpaginam
713 2555 834 2596 sciens,
868 2562 975 2589 eontra
1008 2565 1075 2587 eam

331 2612 449 2640 temere
476 2605 582 2639 venire
617 2605 790 2646 tentaverit,
824 2611 854 2638 et
880 2611 933 2639 aut
963 2602 1077 2639 Ferra-

946 225 1044 248 ΒΗΜΛ
1050 225 1133 247 tumn
1153 220 1319 247 ROMANUM

1140 279 1273 313 riensem
1297 277 1472 313 Ecclesiam
1501 279 1562 323 his,
1589 293 1668 327 quae
1690 292 1785 327 supra
1807 279 1888 314 (licta

1138 336 1221 371 sunt,
1258 328 1445 372 diminuere,
1473 337 1526 363 aut
1553 338 1676 364 sanctae
1699 329 1774 364 Sedi
1803 329 1890 376 Apo-

1137 377 1264 411 stolicae
1297 389 1352 412 sna
1382 378 1410 411 in
1438 378 1484 412 eis
1518 379 1599 420 iura,
1635 391 1714 426 qnae
1737 380 1888 425 superius

1137 427 1310 473 significata
1338 435 1434 470 sunt,
1469 427 1590 462 auferre
1620 429 1886 474 praesumpserit,

1138 488 1256 522 poenae
1287 488 1323 510 ac
1357 477 1597 523 compositionis
1626 477 1754 512 nornine
1779 477 1887 512 reddat

1135 525 1238 560 eidem
1261 525 1336 560 Sedi
1361 525 1560 571 Apostolicae
1576 527 1643 561 auri
1663 526 1771 573 optimi
1793 526 1887 561 libras

1135 582 1279 610 centurn:
1308 582 1338 609 et
1365 575 1436 615 nisi,
1464 588 1543 622 quae
1572 576 1651 610 male
1685 585 1886 622 praesumpta

1133 632 1217 665 sunt,
1246 623 1458 658 satisfactione
1493 637 1630 671 congrua
1657 625 1883 664 emendaverit,

1135 674 1296 720 potestatis
1319 673 1510 720 honorisque
1526 675 1573 708 sui
1596 674 1748 720 dignitate
1770 682 1883 715 careat,

1134 735 1280 770 reamque
1313 736 1345 757 se
1384 723 1490 757 (livino
1525 723 1642 758 iudicio
1677 724 1812 758 existere
1845 723 1883 758 de

1134 780 1309 818 perpetrata
1337 773 1499 819 iniquitate
1521 781 1703 819 cognoscat,
1718 781 1748 806 et
1773 785 1789 807 a
1809 785 1884 807 san-

1132 822 1271 856 ctissimo
1298 821 1439 868 Corpore
1461 830 1492 856 et
1506 822 1667 867 Sanguine
1684 822 1739 856 Dei
1763 831 1794 856 et
1816 821 1884 856 Do-

1133 871 1208 904 mini
1223 871 1446 918 Redemptoris
1459 872 1554 906 nostri
1572 870 1767 906 lesuCliristi
1781 871 1882 906 aliena
1898 876 1901 878 ’

1132 919 1194 958 fiat,
1217 930 1310 967 atque
1334 921 1363 954 in
1391 930 1531 955 extremo
1553 922 1695 955 examine
1723 921 1882 956 districtae

1132 969 1242 1003 ultioni
1270 970 1446 1010 subiaceat;
1475 971 1599 1004 cunetis
1630 978 1732 1004 autem
1761 970 1879 1005 eisdem

1130 1017 1280 1053 Ecclesiis
1302 1020 1381 1054 iusta
1404 1019 1604 1054 servantibus
1622 1019 1662 1054 sit
1676 1032 1734 1066 pax
1749 1019 1878 1054 Domini

1132 1069 1226 1102 nostri
1252 1068 1319 1103 lesu
1347 1067 1476 1111 Christi,
1507 1076 1661 1116 quatenus
1687 1077 1718 1102 ct
1741 1069 1790 1104 liic
1813 1069 1880 1103 fru-

1130 1127 1215 1151 ctum
1244 1118 1343 1152 bonae
1370 1118 1503 1152 actionis
1528 1118 1713 1164 percipiant,
1736 1126 1766 1153 et
1793 1118 1876 1165 apud

1129 1166 1304 1202 districtum
1329 1167 1466 1202 Iudicem
1484 1167 1619 1214 praemia
1633 1176 1776 1202 aeternae
1795 1168 1878 1215 pacis

1098 1227 1102 1231 ⁴
1131 1217 1298 1251 inveniant.
1328 1216 1442 1256 Amen,
1465 1229 1567 1259 amen,
1590 1229 1693 1251 amen.

1177 1265 1247 1301 EGo
1280 1266 1493 1301 Issum-:xnus
1519 1266 1691 1301 catholicae
1718 1265 1878 1301 Ecclesiae

1129 1316 1305 1362 episcopus.

1175 1365 1243 1411 Ego
1265 1364 1426 1400 Gerardus
1455 1365 1617 1413 presbyter
1645 1364 1812 1400 cardinalis
1831 1365 1874 1399 tit.

1127 1413 1259 1449 Sinctae
1281 1413 1422 1449 Crucis
1418 1428 1446 1448 in
1470 1414 1584 1449 Hiersn
1578 1415 1678 1450 alem

1176 1463 1241 1509 Ego
1265 1465 1434 1498 Anselmus
1446 1464 1617 1518 presbyter
1639 1463 1807 1499 cardinalis
1828 1464 1874 1498 tit.

1125 1513 1229 1547 Srncti
1259 1513 1417 1547 Laurentii
1445 1513 1474 1547 in
1498 1513 1627 1548 Lucina.

1174 1562 1240 1609 Ego
1268 1562 1457 1616 Lictil'redus
1485 1563 1646 1610 presbyter
1674 1562 1758 1597 card.
1776 1559 1873 1597 tituli

1125 1592 1283 1646 Vestiuae.

1174 1661 1240 1707 Eoo
1272 1661 1323 1695 lvo
1347 1661 1509 1708 presbyter
1542 1661 1623 1696 tituli
1647 1660 1680 1696 S.
1712 1661 1871 1696 Laurentii

1124 1719 1153 1744 et
1180 1711 1317 1745 Damasi.

1172 1760 1239 1807 Ego
1266 1760 1368 1804 Lucas
1402 1760 1564 1807 presbyter
1588 1759 1758 1794 cardinalis
1791 1759 1871 1794 tituli

1122 1809 1310 1844 Sanctorum
1333 1809 1459 1844 Ioannis
1482 1819 1511 1843 et
1533 1808 1633 1843 Pauli.

1171 1859 1237 1905 Ego
1261 1859 1412 1893 Martinus
1432 1858 1600 1913 ’presbyter
1633 1858 1801 1893 cardinalis
1824 1859 1870 1893 tit.

1121 1908 1227 1943 Sancti
1251 1908 1402 1955 Stephani
1431 1921 1461 1942 tn
1490 1907 1722 1943 Coeliomonte.

1171 1958 1237 2004 Ego
1272 1958 1354 1992 Azzo
1390 1957 1551 2012 presbyter
1588 1957 1757 1991 cardinalis
1789 1956 1870 1992 tituli

1120 2008 1254 2042 Sanctae
1278 2007 1468 2042 Anastasiae.

1170 2057 1236 2103 Ego
1259 2057 1409 2091 Boethius
1435 2055 1596 2104 presbyter
1622 2055 1791 2091 cardinalis
1823 2055 1868 2089 tit.

1120 2106 1227 2141 Sancti
1254 2106 1438 2141 Clementis.
1745 2123 1750 2126 ·

1118 2169 1120 2172 ·
1167 2155 1235 2201 Ego
1263 2155 1490 2203 Chrysogonus
1518 2155 1679 2202 presbyter
1701 2153 1869 2189 cardinalis

1119 2206 1200 2240 tituli
1227 2206 1360 2240 Sanctae
1387 2204 1548 2240 praxedis.

1167 2255 1235 2301 Ego
1269 2254 1475 2290 Constantius
1513 2253 1675 2301 presbyter
1701 2252 1868 2288 cardinalis

1120 2305 1198 2339 tituli
1227 2305 1360 2339 Sanctae
1386 2303 1534 2338 Sabinae.

1167 2355 1235 2401 Ego
1258 2354 1423 2389 Conradus
1445 2353 1629 2388 Sabinensis
1647 2352 1825 2399 episcopus.

1167 2404 1202 2438 Ε
1196 2416 1235 2450 go
1257 2403 1489 2439 'lbeodeuiuus
1505 2401 1639 2437 Sanctae
1655 2401 1790 2436 Rufinae
1804 2400 1866 2447 epi·

1119 2466 1243 2498 scopus.

1167 2503 1234 2545 Eoo
1263 2502 1428 2537 Alberieus
1454 2500 1610 2536 Ostiensis
1636 2499 1814 2548 episcopus.

1167 2552 1235 2599 Ego
1280 2551 1453 2598 Gregorius
1496 2550 1649 2585 diaconus
1698 2548 1865 2584 cardinalis

1117 2601 1306 2637 Sanctorum
1328 2601 1431 2648 Sergii
1452 2607 1483 2635 et
1509 2599 1635 2649 Bacchi.

1906 224 1954 252 An.
1973 226 2001 253 C.
2021 227 2087 254 ¹¹5⁴)

1901 1280 2021 1303 Innocenttt
2035 1281 2073 1302 Pk

1905 1378 1927 1397 et
1933 1374 1954 1396 S.
1970 1374 1994 1396 rt.
2004 1375 2060 1396 Eccl.

1913 1407 2050 1428 cardinalium

1891 1437 2066 1464 subscriptiones.
