2180 3205
169 251 218 279 An.
235 250 264 278 C.
279 250 346 278 ¹136

191 1496 309 1518 Exordium

411 240 480 272 414

650 302 828 337 XXXVIII.

362 381 565 425 Priuileqium
587 380 770 413 monasterio
793 379 921 423 Georqie'
945 380 978 411 in
1007 381 1115 423 Pruse-

409 431 532 473 m‘nyen.
550 425 667 462 ordinis
685 429 719 461 S.
736 429 894 462 Benedicti
913 429 1110 462 Ratt'sbonen.

409 479 551 512 dioecesis
573 480 627 522 (l).

629 551 843 582 SUMMARIUM

359 619 526 651 Exordium.
548 623 588 641 4-
611 617 689 648 Bona
719 617 815 647 omnia
843 617 878 646 ad
900 615 1111 646 monasterium

398 663 573 704 pertinentia
603 663 823 698 confirmantur,
850 677 889 682 —
910 660 1039 699 Dataque
1065 660 1110 689 ei-

400 709 466 738 dem
484 707 519 737 ab
538 706 641 736 Ottone
662 705 871 744 Humbergensi
890 706 1024 735 eiusdem
1047 714 1112 734 coe-

399 752 479 782 nobii
502 751 664 780 fundatore.
687 768 726 773 —
756 750 865 780 Cellam
889 750 1005 788 Aspacli
1035 750 1110 779 alie-

398 797 473 833 nari,
499 796 543 825 vel
566 796 664 835 aliquo
688 796 772 824 modo
796 795 904 824 auferri
929 794 1109 834 prohibetur.

397 858 437 863 —
454 841 596 870 Abbatem
623 840 669 869 ab-
688 840 747 869 ullo
766 840 837 877 alio,
858 844 1062 879 praeterquam
1095 847 1109 866 a

398 885 560 921 monachis,
583 884 651 922 eligi
675 883 781 913 debere
801 884 978 913 decernitur.
997 899 1037 904 —
1057 882 1111 911 De-

398 931 491 960 cimas
524 930 560 959 ab
599 929 641 958 eis
678 928 772 966 exigi,
808 928 850 957 vel
891 927 1109 965 aliamcumque

399 975 598 1009 exactionem,
630 973 674 1002 rel
706 973 795 1001 ullam
820 972 907 1001 aliam
942 971 1109 1000 molestiam

397 1017 539 1048 coenobio
566 1017 667 1047 inferri
693 1017 812 1046 omnino
841 1016 1028 1045 interdicitur
1053 1014 1108 1044 sub

397 1062 592 1092 anathematis
621 1070 722 1100 poena.
744 1077 784 1082 —-
811 1059 973 1089 innocentii
1002 1058 1055 1088 PP.
1082 1063 1109 1088 et

399 1106 426 1136 S.
445 1106 478 1136 R.
496 1105 573 1135 Eccl.
596 1104 790 1135 cardinalium
810 1104 1057 1143 subscriptiones.

357 1174 526 1202 Innocentius
550 1172 689 1208 episcopus
717 1179 811 1200 servus
831 1177 969 1199 servorum
988 1170 1043 1202 Dei,
1069 1169 1107 1198 di-

401 1223 472 1251 lecto
490 1222 546 1250 filio
571 1221 683 1250 Herboni
707 1221 799 1249 abbati
827 1220 987 1249 monasterii
1018 1219 1108 1248 Sancti

401 1272 506 1308 Georgii
522 1272 554 1300 de
569 1271 767 1306 Pruseningen..
793 1271 860 1307 quod
884 1270 956 1298 inter
985 1269 1107 1297 natisbo·

401 1328 464 1350 nam
483 1322 511 1350 et
529 1320 675 1348 Danubium
694 1320 777 1348 situm
796 1321 848 1352 est.
873 1319 983 1354 eiusque
1003 1324 1106 1345 succes-

402 1371 508 1400 soribus
527 1370 692 1406 regulariter
720 1369 927 1401 substituendis,
957 1368 985 1396 in
1013 1374 1106 1404 perpe-

401 1422 488 1449 tuum.

406 1487 509 1522 Officii
538 1487 635 1521 ιιο5ιιί
662 1498 719 1521 ιιο5
752 1486 892 1520 hortatur
919 1483 1105 1537 auctoritas,

357 1537 518 1582 religiosas
541 1548 707 1591 ριζι,5ουιι5
734 1547 770 1569 ac
795 1535 863 1569 loca
885 1545 994 1568 eorum
1023 1545 1076 1578 reg
1081 1533 1106 1565 i-

357 1587 433 1621 mini
461 1586 628 1621 commissa
651 1585 798 1631 diligere,
833 1592 928 1630 atque
964 1583 1103 1628 ipsorum

357 1635 455 1682 quieti
477 1644 506 1670 et
528 1635 662 1679 utilitati,
685 1634 852 1668 auxiliante
878 1632 1031 1671 Domino,
1054 1643 1085 1664 sa
1089 1651 1106 1656 -

357 1684 487 1726 lubriter
518 1684 699 1732 providere,
735 1683 867 1729 dignum
909 1693 1044 1727 namque
1076 1689 1105 1714 ct

357 1734 512 1769 honestati
535 1746 727 1768 conveniens
749 1744 818 1767 csse
840 1732 1053 1777 cognoscitur,
1072 1737 1105 1762 ut

357 1784 409 1830 qui
431 1783 469 1817 ad
497 1783 614 1818 Ecclesi
620 1795 706 1817 arum
730 1783 868 1828 regimen
887 1780 1038 1826 assumpti
1057 1791 1106 1812 su-

358 1845 444 1874 mus,
472 1845 524 1868 eas
545 1845 560 1866 a
587 1844 751 1879 pratorum
764 1809 943 1865 Dhominum
966 1828 1104 1875 nequitia

359 1889 511 1924 tueamur,
533 1890 563 1917 et
585 1882 621 1916 B.
641 1882 723 1915 Petri
747 1893 782 1915 ac
804 1888 929 1914 sanctae
945 1878 1105 1913 Romanae

357 1930 517 1967 Ecclesiae
540 1931 711 1978 patrocinio
739 1931 927 1964 muniamus.
955 1928 1104 1981 Ideoque,

359 1979 471 2015 dilecte
483 1980 528 2015 in
551 1981 687 2016 Domino
714 1980 756 2014 lili
778 1978 885 2014 Herbo
907 1977 1021 2017 abbas,
1045 1985 1086 2010 tu:
1090 1988 1105 2010 5

358 2034 448 2070 iustis
461 2034 726 2082 postulationibus
741 2034 912 2068 clementer
921 2032 1105 2076 annuimus,

359 2097 391 2124 et
415 2088 451 2123 B.
475 2088 602 2136 Georgii
627 2087 869 2127 monasterium,
906 2087 957 2122 cui
980 2094 1105 2121 auctore

358 2142 494 2178 Domino
521 2156 653 2190 praeesse
671 2142 877 2189 dignosceris,
905 2140 1105 2188 Apostolicae

359 2196 451 2232 Sedis
493 2198 656 2245 privilegio
690 2196 887 2231 decor-mimus
928 2194 1106 2229 Statuimus

177 2259 231 2279 3⁰⁰³
223 2266 309 2279 ⁰¹¹¹⁴¹¹¹
320 2260 344 2279 “d
359 2251 454 2292 enlm,
478 2260 509 2286 Ul
531 2264 580 2298 qu*
575 2263 745 2298 dSCtlmque
761 2261 987 2297 [ιΟδὲί-ΞΞΞΙΟΠΘΒ,
1009 2260 1106 2296 quae·-

176 2293 325 2310 monasterium

164 2322 284 2346 pertinenti
287 2327 347 2341 icon-

165 2353 253 2371 firmanti
248 2358 279 2372 ιιι·

185 2494 212 2515 tta
215 2498 233 2514 ι.ι
229 2500 276 2521 ique
293 2495 326 2515 ci—

360 2317 496 2352 cumque
530 2305 632 2346 bona,
660 2305 742 2339 idem
776 2304 1002 2338 monasterium
1043 2303 1105 2337 im—

361 2359 605 2404 praesentiarum
629 2359 708 2393 iuste
729 2365 759 2392 et
784 2357 924 2404 legitime
947 2356 1104 2404 possidet,

361 2412 414 2445 tibi
438 2413 562 2459 tuisque
583 2411 830 2454 successoribus,
843 2419 873 2446 et
892 2423 948 2458 per
970 2423 1023 2444 vos
1045 2411 1104 2444 iam

361 2465 443 2499 dicto
465 2466 618 2500 coenobio
637 2465 732 2500 liuius
758 2465 864 2512 scripti
889 2464 1001 2512 pagina
1028 2476 1106 2498 cou-

165 2523 188 2541 1¹
193 2527 210 2541 ¹¹¹
226 2521 250 2541 1’
268 2519 531 2569 0¹10330s11mamus.
565 2519 663 2554 Porio
690 2519 856 2560 decimam,
891 2531 906 2553 a
934 2518 1103 2552 venerabili

183 2548 209 2567 Ba
212 2548 282 2567 ιι”ιιΙει
285 2554 308 2567 cu

172 2575 265 2594 eiusdem
282 2579 333 2594 coe-

164 2600 345 2622 nobittundutore.

362 2572 452 2607 fratre
479 2580 585 2607 nostro
612 2573 730 2608 Ottone
756 2572 1012 2618 Babenbergensi
1036 2573 1106 2619 epi-

396 2634 434 2669 (ι)
451 2634 488 2660 Ex
505 2634 601 2661 Hundii
620 2634 687 2661 Hist.
705 2634 861 2669 Salisburg„
878 2638 942 2661 tom.
961 2641 1000 2660 ιιι.

946 248 1082 271 BULLAR!
1089 249 1134 271 ml
1161 249 1324 272 ROMANUM

1923 252 1974 278 An.
1991 250 2019 278 C.
2035 250 2102 278 tt5o

1156 315 1252 349 scopo
1275 303 1363 337 vobis
1384 315 1584 344 concessam,
1607 317 1700 352 quam
1724 305 1763 340 ab
1787 306 1905 340 Hertu-

1157 353 1223 387 rico
1256 352 1475 387 Ratisbonensi
1504 354 1652 400 episcopo
1689 367 1744 400 per
1772 357 1903 400 gratiam

1155 402 1373 436 concambium
1396 401 1570 436 obtinuisse
1585 404 1798 446 cognoscitur,
1816 404 1903 438 vobis

1157 452 1309 496 praesenti
1329 451 1445 497 scripto
1464 451 1636 485 firmamus.
1660 451 1778 486 Cellam
1795 454 1901 494 etiam,

1155 501 1280 546 Aspach
1315 500 1448 540 dietam,
1475 513 1569 547 quam
1601 501 1683 535 idem
1711 502 1900 549 episcopus,

1154 550 1219 583 suis
1246 549 1403 584 laboribus
1429 561 1465 584 ac
1486 549 1592 584 studio
1618 550 1816 596 acquisitam,
1851 551 1901 585 di-

1154 598 1215 632 vini
1238 599 1354 633 amoris
1385 599 1498 633 intuitu
1526 598 1629 634 eidem
1660 599 1728 633 loco
1755 600 1900 639 contulit

1153 659 1168 681 a
1190 648 1277 682 nullo
1310 643 1447 695 unquam
1485 648 1650 682 hominum
1682 649 1824 690 alienari,
1853 644 1900 684 vel

1152 696 1256 743 aliquo
1279 697 1372 731 modo
1400 696 1514 731 auferri
1547 697 1717 731 sancimus
1746 692 1900 732 Decerni-

1153 758 1222 780 mus
1248 747 1353 787 etiam,
1388 754 1420 781 ut
1441 745 1519 781 ordo
1543 747 1750 790 monasticus,
1786 748 1840 794 qui
1868 748 1899 782 in

1151 795 1262 830 eodem
1285 795 1439 830 coenobio
1465 808 1481 830 a
1496 796 1606 842 priscis
1629 774 1824 842 temporibus
1847 809 1900 831 no-

1151 844 1248 878 scitur
1269 844 1441 886 institutus,
1465 845 1626 892 perpetuis
1646 845 1839 891 temporibus
1856 846 1897 880 ibi

1152 893 1272 940 integer
1309 902 1521 929 conservetur.
1567 893 1714 928 Obeunte
1750 906 1822 929 vero
1856 903 1898 935 te,

1150 955 1235 977 nunc
1268 943 1410 978 eiusdem
1438 943 1498 978 loci
1530 942 1662 982 abbate,
1691 943 1738 977 vel
1773 951 1896 978 tuorum

1149 992 1290 1038 quolibet
1316 1004 1546 1035 successorum,
1570 992 1673 1026 nullus
1695 992 1735 1026 ibi
1759 993 1898 1040 qualibet

1149 1041 1363 1088 subreptionis
1399 1042 1512 1076 astutia
1545 1053 1602 1075 seu
1629 1041 1774 1076 violentia
1808 1054 1898 1089 prae-

1150 1099 1296 1136 ponatur,
1318 1091 1378 1125 nisi
1394 1103 1489 1138 quem
1511 1090 1620 1125 fratres
1641 1091 1802 1124 communi
1819 1103 1897 1125 con-

1149 1152 1255 1181 sensu,
1283 1140 1330 1175 vel
1352 1140 1482 1174 fratrum
1506 1151 1576 1187 pars
1601 1140 1724 1174 consilii
1747 1140 1896 1182 sanioris,

1148 1189 1321 1224 secundum
1343 1189 1402 1224 Dei
1418 1189 1563 1224 timorem
1583 1197 1613 1223 et
1627 1188 1707 1222 beati
1731 1168 1896 1224 Benedicti

1149 1240 1287 1285 regulam
1313 1238 1475 1285 elegerint.
1503 1237 1550 1273 De
1580 1237 1739 1272 laboribus
1768 1250 1896 1285 quoque

1148 1290 1259 1323 restris
1283 1297 1343 1322 tam
1367 1287 1445 1322 infra
1473 1299 1567 1342 quam
1590 1295 1674 1321 extra
1703 1286 1797 1333 Septa
1825 1300 1896 1322 mo-

1149 1338 1285 1378 nastetii,
1303 1350 1383 1385 quos
1402 1337 1536 1383 propriis
1549 1335 1727 1391 sumptibus
1742 1337 1894 1382 excolitis,

1148 1387 1286 1422 decimas
1300 1400 1315 1420 a
1339 1386 1426 1421 iobis
1442 1398 1535 1420 nemo
1558 1387 1684 1431 exigere
1703 1394 1893 1432 praesumat.

1146 1436 1366 1471 Interdicimus
1388 1436 1495 1476 etiarn,
1523 1442 1556 1470 ut
1588 1435 1693 1469 ιιιιΙΙιι5
1714 1435 1893 1481 episcopus,

1147 1486 1198 1532 qui
1223 1486 1253 1520 in
1281 1484 1520 1531 Babenbergen.
1556 1483 1696 1518 Ecclesia
1725 1496 1780 1531 pro
1813 1492 1894 1518 tem-

1148 1547 1221 1580 pore
1248 1535 1359 1574 suerit,
1393 1534 1440 1568 vel
1467 1533 1580 1580 aliquis
1601 1533 1691 1573 alius,
1727 1533 1893 1568 occasione

1146 1584 1276 1618 alicuius
1304 1584 1347 1618 rei
1376 1583 1422 1617 iel
1457 1582 1636 1617 ιιᾶιοοιιιίιιρ
1664 1582 1745 1616 idem
1775 1594 1892 1617 coeno-
1926 1611 2062 1634 ummah

1146 1632 1232 1667 bium
1256 1633 1410 1687 aliquibus
1435 1631 1649 1667 exactionibus
1671 1643 1815 1677 gratare
1844 1631 1891 1666 iel
1919 1644 1950 1664 eis
1966 1645 2028 1670 exigi,
2042 1645 2076 1665 vei

1146 1682 1213 1716 eius
1247 1682 1474 1729 possessiones,
1509 1693 1525 1715 a
1558 1680 1716 1727 praedicto
1742 1680 1892 1735 episcopo
1919 1674 2073 1702 ⁰¹¹³¹³¹⁰¹¹¹¹¹q¹¹⁰

1147 1731 1232 1766 iobis
1260 1732 1387 1765 collatas
1415 1730 1461 1765 iel
1490 1729 1702 1777 undecunque
1724 1731 1891 1776 acquisitas
1905 1706 2090 1758 ffifflssffiffiffl

1145 1793 1199 1815 seu
1235 1780 1368 1824 oblatas,
1395 1779 1486 1814 alicui
1521 1780 1550 1813 in
1578 1778 1765 1820 beneficium
1798 1766 2091 1820 dare‚i,‘i{²¹i¹n¹i¹01?1⁰2¹ssi'-

1147 1831 1191 1864 iel
1208 1830 1336 1864 fratrum
1355 1829 1464 1864 usibus
1485 1827 1679 1868 subtrahere,
1702 1836 1911 1879 praesumat.
1914 1865 1938 1880 ur
1977 1859 1989 1880 b
2042 1860 2064 1881 m

1145 1879 1362 1926 Quaecunque
1391 1886 1548 1925 praeterea
1566 1877 1646 1912 bona
1674 1877 1756 1911 idem
1779 1889 1890 1911 mona·
1904 1862 2054 1917 imussupoz'iss
2066 1866 2090 1881 ⁹

1145 1930 1285 1969 sterium
1307 1927 1511 1963 concessione
1533 1926 1732 1967 Pontificum,
1752 1926 1890 1960 liberali-

1146 1987 1205 2013 tate
1227 1990 1336 2024 regum
1359 1977 1406 2011 vel
1426 1976 1618 2031 principum,
1640 1954 1892 2010 oblatione-fide-

1145 2027 1234 2069 lium,
1266 2039 1321 2062 seu
1348 2027 1417 2061 aliis
1443 2026 1532 2061 iustis
1563 2024 1680 2065 modis,
1716 2032 1890 2071 praestante

1144 2077 1223 2122 Deo,
1254 2077 1285 2111 in
1310 2077 1449 2111 futurum
1483 2075 1596 2122 poterit
1621 2074 1768 2121 adipisci,
1803 2073 1891 2108 firma

1146 2127 1234 2161 vobis
1255 2134 1285 2161 et
1313 2125 1429 2160 illibata
1463 2132 1675 2171 permaneant.
1702 2121 1793 2157 Nulli
1816 2135 1890 2169 ergo

1145 2176 1275 2211 omnino
1290 2176 1454 2210 hominum
1471 2174 1515 2209 fas
1529 2174 1580 2218 sit,
1603 2173 1684 2208 idem
1700 2171 1889 2207 coenobium

1145 2233 1262 2260 temere
1290 2224 1488 2272 pertuibare,
1514 2227 1572 2258 aut
1586 2223 1654 2257 eius
1676 2221 1890 2269 possessiones

1145 2275 1278 2315 auferre,
1305 2274 1353 2309 vel
1387 2273 1506 2308 ablatas
1540 2272 1693 2312 retinere,
1727 2271 1888 2311 minuere,

1145 2332 1198 2359 aut
1223 2324 1383 2379 aliquibus
1417 2321 1632 2357 rexationibus
1660 2320 1807 2366 fatigare3
1833 2298 1888 2354 sed

1145 2375 1249 2408 omnia
1270 2374 1390 2418 integra
1417 2378 1650 2410 conserientur,
1678 2378 1739 2404 tam
1762 2368 1887 2409 vestris,

1145 2435 1238 2469 quam
1273 2422 1401 2457 fratrum
1439 2428 1612 2455 vestrorum
1645 2431 1681 2453 ac
1712 2428 1887 2473 pauperum

1146 2472 1257 2506 usibus
1280 2471 1448 2516 protutura.
1475 2469 1508 2504 Si
1535 2480 1594 2515 qua
1622 2468 1714 2514 igitur
1736 2468 1888 2511 imposte-

1147 2534 1213 2555 ιιιιιι
1250 2519 1458 2555 ecclesiastica
1492 2518 1696 2553 saecularisxe
1737 2526 1886 2562 persona,

1147 2571 1226 2605 lianc
1236 2578 1358 2604 nostrae
1369 2567 1602 2603 constitutionis
1614 2566 1756 2612 paginam
1772 2575 1886 2605 sciens,

1146 2629 1250 2655 contra
1273 2631 1340 2653 eam
1368 2625 1485 2652 temere
1505 2615 1610 2650 venire
1633 2614 1807 2658 tentaverit,
1834 2626 1887 2649 se-

1930 468 2008 489 Cellam
2017 469 2100 497 Aspaeh

1930 500 2034 525 alienari,
2052 500 2087 521 vel

1930 531 2000 559 atiquo
2018 533 2079 553 modo

1968 593 2038 615 betur.

1935 904 2036 926 Abbatem
2051 905 2076 926 ab

1913 936 1955 957 ιιιιιι
1968 935 2017 960 alio,
2033 942 2098 963 prae-

1912 969 2008 994 terquam
2023 972 2035 987 a
2049 972 2097 988 mo-

1925 997 2006 1021 nachis,
2024 997 2074 1024 eligi

1920 1027 1998 1048 debere
2014 1028 2093 1049 decer·-

1968 1059 2032 1078 nitur.

1925 562 2002 583 auferri
2026 562 2101 589 prohi-
2115 577 2118 580 ι
2130 569 2138 573 -

1904 1829 1954 1849 nino
1974 1829 2087 1850 interdici-
2131 1836 2135 1838 ⁷
