2180 3205
428 201 492 236 160

369 267 525 303 Ecclesias
567 270 732 300 censuerat
777 262 836 297 sub
881 274 945 296 uno
994 273 1119 308 semper

368 318 519 364 episcopo
542 325 735 361 permanere.
764 312 841 346 Post
864 312 923 345 boc
941 310 1120 345 Aurisicen-

368 378 413 400 sis
435 366 603 411 episcopus
624 374 694 396 cum
714 361 874 396 Ecclesiae
896 372 971 395 snae
997 360 1120 394 clericis

369 415 510 452 veniens,
537 424 600 454 eus,
622 423 700 458 quas
727 410 1008 457 praesignavimus,
1032 408 1121 444 Gre—

154 469 338 518 cgffigffiffitagg
368 464 446 509 gorii
469 462 575 508 Papae
596 460 653 494 Vll
677 460 782 494 literas
808 459 937 500 detulit;
964 458 1021 492 alia
1045 469 1122 505 quo-

154 524 338 560 episcpposraus.
371 524 433 559 que
477 511 655 545 chartarum
701 509 892 544 monimenta
916 507 1120 547 monstravit,

155 551 234 572 ‘lem'
368 560 484 608 quibus
506 567 535 594 et
571 571 674 593 rerum
699 559 812 605 veritas
846 558 962 592 certius
988 557 1120 595 claruit,

369 618 399 644 et
420 608 669 644 Tricastinorum
695 608 805 642 relatio
826 607 908 641 vires
929 606 1058 652 accepit.
1084 605 1122 640 Et

369 671 427 694 nos
454 671 528 704 ergo
562 657 784 692 instrumentis
817 656 932 690 talibus
967 655 1122 694 roborati,

369 707 546 743 secundum
577 708 704 742 fratrum
733 714 910 740 nostrorum
949 705 1121 747 iudicium,

371 757 526 803 praesenti
555 757 681 791 decreto
702 756 880 795 sancimus,
915 762 947 788 ut
974 753 1124 788 defuncto

157 829 230 849 ,jean-d
246 826 342 847 ficem-1„
371 806 465 841 fratre
488 814 596 841 nostro
619 804 787 839 venerabili
815 804 985 850 episcopo,
1008 803 1060 849 qui
1085 801 1123 836 ad

156 853 342 908 pofffssgjffgifflc„
370 867 520 903 praesens
547 854 740 889 Aurisicensi
769 853 930 887 Ecclesiae
958 851 1124 899 praesidet,

157 909 236 929 ”fflffls-
372 914 504 951 utraque
532 916 604 940 mox
626 903 767 945 Ecclesia
792 902 821 935 in
840 901 1003 947 pristinam
1021 901 1125 934 redeat

372 954 540 993 unitatem·,
565 953 623 987 nisi
647 952 724 986 forte
739 960 806 998 post
824 951 1007 997 proximam,
1030 962 1123 996 quam

372 1011 576 1050 praeparante
594 1001 729 1035 Domino
751 1009 953 1046 expectamus
969 999 1126 1033 Penteco-

372 1062 453 1092 sten,
478 1052 554 1085 infra
571 1051 663 1085 unius
678 1049 750 1083 anni
766 1049 903 1094 spatium
910 1075 965 1082 .....
981 1048 1127 1082 constite-

373 1103 423 1144 rit,
439 1113 491 1135 eas
508 1108 593 1134 certo
613 1099 747 1132 Romani
767 1098 929 1132 pontilicis
961 1104 1126 1143 praecepto

373 1158 403 1184 et
430 1150 556 1184 decreto
579 1148 673 1182 fnisse
701 1147 827 1181 divisas.
851 1147 999 1192 Alioquin
1024 1146 1128 1180 omnis

374 1199 577 1245 sopiatur
607 1205 639 1231 ut
666 1196 814 1230 defuncto
836 1195 993 1231 confratre
1021 1203 1128 1229 nostro

152 221 201 249 An.
222 220 251 247 C.
266 219 337 247 1095

175 275 204 295 Ab
220 272 336 294 Alexandro

152 301 170 322 11
192 301 336 321 contii-matur.

172 800 264 822 Tandem
276 801 342 820 Arau-

378 1249 527 1294 superius
555 1247 715 1280 nominato
738 1247 904 1292 episcopo,
930 1245 1039 1279 eadem
1064 1244 1138 1278 Ec-·

379 1297 473 1331 clrsia
496 1296 534 1331 ad
557 1297 648 1330 aliam
678 1303 823 1329 transeat.
852 1294 905 1328 Illa
933 1306 1021 1337 vero,
1049 1305 1129 1340 qnae

379 1347 531 1380 hactenus
554 1346 652 1392 prima
689 1345 792 1378 habita
826 1352 892 1384 est,
921 1351 951 1377 et
977 1343 1129 1389 deinceps

379 1395 588 1442 principatum
613 1394 767 1428 obtineat:
796 1394 834 1426 ita
864 1402 979 1432 tamen,
1003 1401 1036 1426 nt
1060 1393 1129 1438 epi-

377 1457 505 1491 scopus,
531 1445 584 1490 qui
622 1444 745 1489 utrique
776 1442 956 1489 praefuerit,
985 1442 1061 1475 nihil
1090 1441 1129 1475 de

379 1492 638 1541 proventionibus
654 1493 851 1531 cleric-irunt,
875 1491 991 1535 reditu,
1007 1499 1129 1534 ornatu,

381 1543 577 1579 ministeriis,
605 1554 684 1588 qnae
713 1542 758 1575 rel
782 1540 1080 1587 quoinodocuinque
1099 1540 1128 1573 in

379 1592 507 1627 alterins
531 1590 729 1638 patrimoniis
752 1590 915 1624 hibentur.
941 1590 1034 1623 modo
1055 1601 1132 1636 quo-

379 1652 526 1687 cumque,
557 1640 601 1673 wi
633 1640 797 1673 occasione
825 1639 1049 1685 qualicumque
1078 1650 1131 1683 pa-

379 1691 474 1723 tiatur
497 1689 652 1722 imminui.
676 1688 709 1721 Si
732 1689 803 1734 quis
819 1700 890 1722 vero
906 1687 988 1722 hanc
1006 1696 1131 1721 nostrae

380 1738 614 1772 constitutionis
657 1738 802 1784 paginam
818 1764 827 1780 e
874 1745 971 1772 cte...
1016 1737 1130 1770 Actum

381 1788 558 1822 Cremonae
592 1798 662 1821 xvii
691 1786 750 1820 kal.
779 1786 900 1820 maii....
929 1799 1010 1820 auno
1045 1785 1130 1820 dom.

381 1837 609 1871 incarnationis
635 1847 737 1869 mxcv.

436 1892 497 1922 Dat.
520 1892 567 1922 die
586 1892 623 1922 15
641 1893 742 1931 aprilis
762 1902 838 1922 anno
857 1892 971 1921 Domini
995 1892 1077 1928 1095,

619 1932 721 1972 pontif.
741 1942 816 1962 anno
835 1940 895 1961 vul.

702 2041 820 2076 XXVI.

387 2106 577 2140 caturcensis
611 2106 760 2138 Ecclesiae
782 2105 923 2138 canonici
947 2106 1137 2143 confirman-

436 2163 485 2189 ιἰιν
508 2159 538 2188 in
558 2156 743 2200 professione
766 2155 844 2187 vilae
865 2155 1029 2198 reyztt'ut·1.5,
1045 2165 1137 2197 quum

436 2217 536 2239 recens
555 2205 686 2249 professi
705 2210 793 2237 erunt
816 2204 879 2247 (l).

652 2271 868 2303 SUMMARIUM

387 2331 553 2361 Exordium.
571 2347 611 2352 —-
628 2329 816 2359 Confirmatio
833 2330 908 2359 vitae
923 2329 1078 2367 regularis,
1100 2329 1140 2358 ita

429 2375 460 2400 nt
486 2371 596 2400 nemini
619 2370 706 2399 liceat
736 2371 800 2399 siue
820 2370 936 2399 licentia
969 2378 983 2397 e
1012 2369 1141 2398 claustro

430 2411 538 2447 egredi.
556 2426 596 2432 —
620 2409 837 2439 Confirmantur
858 2409 933 2438 bona
952 2408 1104 2438 canonicis
1127 2417 1141 2437 a

429 2450 548 2480 Gir-aldo
579 2450 733 2479 Caturcen.
765 2449 880 2478 conlata
919 2465 959 2471 —
987 2447 1142 2477 Decretum

427 2507 467 2541 (¹)
487 2507 525 2532 Ex
556 2506 676 2540 original.
704 2505 836 2532 Ecclesiae
861 2505 1032 2531 Caturcensis
1062 2503 1145 2530 edidit

393 2546 586 2573 Sammarthan.
605 2546 672 2573 Gall.
690 2546 788 2572 Christ.
817 2550 880 2572 tom.
906 2553 927 2578 1,
953 2545 1021 2571 inter
1038 2545 1144 2570 Instru-

394 2591 480 2614 menta
497 2586 566 2613 Eccl.
585 2587 703 2618 Catum,
721 2593 794 2612 num.
812 2593 871 2612 vni.

951 207 1139 231 BULLUUUH
1169 205 1257 227 noan
1265 205 1328 227 vcra

1204 268 1255 296 pro
1284 257 1454 287 eorumdem
1482 256 1625 286 bonorum
1657 252 1851 286 immunitate.
1877 270 1916 279 —-

1201 298 1401 328 Ecclesiastiei
1422 298 1546 327 honores
1570 298 1657 326 huius
1679 298 1843 325 tlanonicae
1863 304 1915 323 ca-

1201 339 1375 406 nopicorum
1390 341 1453 366 voto
1469 334 1819 366 conserendi.—Solitae
1836 334 1917 364 clau-

1203 387 1236 408 su
1253 387 1297 407 ae.

1430 444 1647 476 SUMMARIUM

1163 511 1267 543 [rhamis
1289 512 1409 550 episeopus
1433 519 1510 540 servus
1540 518 1656 539 servorum
1687 508 1744 547 net,
1776 509 1868 540 dilectis
1895 510 1918 539 in

1202 556 1291 586 Christo
1310 556 1362 585 tiliis
1391 554 1503 584 Gosberto
1526 555 1614 593 priori,
1645 554 1740 591 eiusque
1763 552 1870 583 iratribus
1895 555 1919 584 iu

1203 600 1336 630 Caturcensi
1352 599 1453 629 Ecclesia
1470 598 1605 628 canonicam
1621 597 1690 626 vitam
1705 595 1821 636 professis,
1838 601 1861 627 et
1881 606 1920 627 eo·

1204 653 1254 674 runi
1267 643 1438 673 successoribus
1454 644 1476 672 ia
1488 643 1570 672 eadem
1587 641 1704 680 religione
1721 642 1885 680 permansuris,
1897 642 1921 671 in

1205 692 1352 728 perpetuum.

1214 754 1277 788 Piae
1306 752 1473 801 postulatio
1501 752 1672 787 voluntatis
1691 751 1805 786 effectu
1828 751 1922 786 debet

1168 810 1378 850 prosequente
1401 801 1566 849 compleri,
1594 802 1746 849 quatinus
1768 808 1797 836 et
1824 801 1922 835 devo-

1167 853 1258 887 tionis
1285 852 1448 886 sinceritas
1476 850 1674 885 laudabiliter
1699 851 1864 894 enitescat,
1887 858 1918 884 et

1167 901 1284 936 utiliter
1312 901 1465 947 postulata
1490 901 1569 934 vires
1598 899 1813 934 indubitanter
1834 911 1922 933 assu-

1169 959 1241 984 mat.
1270 950 1352 991 Quia
1382 949 1477 995 igitur
1504 961 1576 989 vos,
1609 961 1628 983 o
1656 948 1709 983 filii
1740 949 1771 982 iu
1794 948 1922 983 Christo

1168 999 1344 1038 carissimi,
1378 1011 1433 1045 per
1460 998 1599 1032 diiiuam
1626 998 1757 1044 gratiam
1780 998 1921 1044 aspirati,

1169 1061 1272 1083 mores
1306 1056 1424 1082 vestros
1451 1046 1511 1081 sub
1536 1047 1687 1092 regularis
1717 1047 1798 1081 vitae
1819 1047 1923 1081 disci-

1170 1098 1252 1143 plina
1275 1108 1432 1136 coercere,
1460 1105 1490 1130 et
1511 1096 1722 1130 communiter
1743 1095 1920 1130 secundum

1168 1147 1219 1180 ὃς.
1260 1146 1387 1180 Patrnm
1433 1145 1661 1179 institutionem
1708 1144 1919 1191 omnipotenti

1169 1195 1306 1230 Domino
1328 1195 1485 1229 deservire
1508 1194 1734 1240 proposuistis;
1763 1205 1820 1227 nos
1843 1193 1922 1228 votis

1171 1245 1281 1279 vestris
1313 1252 1406 1290 atque
1439 1242 1644 1290 petitionibus
1677 1250 1803 1289 paterna
1828 1241 1924 1276 beni-

1171 1295 1287 1339 gnitate
1299 1293 1498 1339 impertimur
1511 1304 1687 1326 assensum.
1705 1291 1793 1325 Vitae
1803 1291 1922 1338 quippe

1171 1343 1340 1377 canonicae
1367 1341 1526 1384 ordinem,
1552 1353 1646 1388 quem
1671 1340 1802 1387 professi
1835 1341 1924 1384 estis,

1172 1393 1345 1438 praesentis
1365 1391 1514 1438 privilegii
1531 1390 1719 1424 auctoritate
1742 1389 1923 1430 firmamus;

1171 1449 1212 1485 et,
1241 1454 1279 1475 ne
1313 1442 1364 1474 cui
1402 1449 1469 1487 post
1498 1440 1727 1487 professionem
1751 1437 1923 1473 exhibitam

1171 1491 1240 1524 sine
1276 1491 1388 1537 prioris
1420 1501 1475 1523 seu
1511 1488 1768 1534 congregationis
1798 1487 1923 1522 licentia

1172 1539 1210 1573 de
1233 1540 1368 1573 claustro
1387 1539 1549 1573 discedere
1567 1539 1667 1582 liceat,
1684 1536 1922 1571 interdicimus:

1172 1596 1203 1622 et
1234 1596 1294 1622 tam
1332 1600 1386 1623 vos
1424 1600 1518 1634 quam
1554 1595 1655 1621 vestra
1693 1586 1800 1620 omnia
1829 1585 1925 1620 Sedis

1173 1637 1372 1684 Apostolicae
1399 1637 1590 1684 protectione
1627 1636 1798 1670 munimus.
1826 1634 1925 1669 Vobis

1174 1687 1288 1733 itaque,
1309 1687 1482 1733 vestrisque
1500 1684 1738 1720 successoribus
1760 1685 1791 1718 in
1813 1684 1923 1718 eadem

1175 1736 1325 1782 religione
1341 1735 1564 1782 permansuris,
1587 1746 1622 1769 ea
1645 1734 1748 1769 omnia
1773 1741 1925 1780 perpetuo

1175 1785 1362 1831 possidenda
1397 1787 1581 1827 sancimus,
1617 1795 1698 1830 quae
1734 1782 1921 1817 venerabilis

1175 1834 1268 1868 frater
1286 1841 1392 1868 noster
1413 1833 1562 1868 Gir-aldus
1577 1832 1778 1867 Caturcensis
1799 1831 1925 1878 episco-

1177 1896 1235 1930 pus
1261 1883 1297 1917 ad
1320 1883 1558 1929 gubernationis
1580 1890 1700 1916 vestrae
1725 1881 1835 1915 solatia
1864 1892 1925 1914 no-

1176 1933 1274 1966 scitur
1312 1932 1501 1966 contulisse:
1535 1930 1700 1965 ecclesiam
1735 1930 1853 1964 scilicet
1888 1929 1923 1964 S.

1176 1981 1288 2015 iuliani
1312 1981 1351 2015 de
1373 1977 1511 2024 But-ena,
1533 1980 1696 2014 ecclesiam
1722 1978 1757 2013 S.
1781 1978 1862 2013 Petri
1884 1978 1924 2013 de

1178 2029 1358 2073 MortradO,
1393 2029 1512 2064 reditus
1546 2029 1659 2072 villae,
1695 2040 1775 2075 quae
1809 2027 1925 2062 dicitur

1178 2080 1341 2117 Pardinas,
1365 2079 1562 2113 medietatem
1589 2077 1783 2112 oblationum
1811 2089 1849 2111 ex
1875 2077 1925 2111 al-

1180 2129 1235 2163 tari
1263 2128 1344 2163 beati
1371 2127 1546 2174 Stephani,
1578 2127 1777 2161 medietatem
1811 2138 1926 2161 census

1180 2185 1324 2212 monetae
1350 2176 1564 2217 Caturcensis,
1591 2172 1645 2223 qui
1668 2176 1817 2222 episcopo
1838 2187 1927 2210 com-

1183 2235 1287 2274 petere
1310 2226 1441 2266 videtur,
1456 2227 1576 2260 tertiam
1597 2233 1715 2272 partem
1739 2232 1928 2271 paratarum,

1182 2288 1263 2323 quae
1290 2275 1471 2322 porochiani
1500 2275 1602 2309 solent
1628 2274 1778 2321 episcopo
1805 2285 1931 2321 compa-

1183 2326 1255 2369 rari,
1276 2333 1397 2360 caetera
1419 2325 1537 2366 omnia,
1553 2335 1634 2370 quae
1656 2324 1738 2357 idem
1761 2323 1932 2370 episcopus

1185 2374 1314 2409 veliam
1348 2374 1435 2408 vobis
1466 2373 1615 2413 contulit,
1642 2372 1688 2407 rel
1724 2372 1755 2405 in
1792 2371 1933 2406 futurum

1185 2431 1232 2458 est
1253 2423 1403 2469 largiente
1419 2422 1556 2457 Domino
1575 2421 1755 2456 coilaturus.
1768 2421 1814 2455 Ea
1829 2421 1934 2461 etiam,

1186 2485 1266 2519 qnae
1288 2473 1362 2507 olim
1385 2472 1423 2506 ad
1441 2470 1695 2506 Caturciensium
1711 2470 1936 2505 canonicorum

1187 2534 1279 2556 usum
1303 2522 1425 2562 collata,
1442 2520 1497 2556 sed
1515 2528 1586 2568 post
1603 2532 1712 2554 eorum
1733 2519 1938 2564 negligentiis

1189 2570 1313 2615 detrita,
1335 2571 1413 2605 etin
1438 2582 1549 2604 manus
1566 2570 1701 2603 militnm
1723 2578 1940 2609 caeterorum-

1931 202 1980 228 An.
2000 196 2029 229 C.
2047 201 2115 231 1095

1967 749 2088 772 Exordium.

1997 1305 2131 1328 Confirmatio

1947 1335 2004 1356 vitae
2022 1333 2132 1359 regutaris.

1973 1402 2004 1423 lta
2018 1403 2041 1422 ut
2054 1398 2134 1421 nemin!

1948 1429 2012 1449 liceat
2037 1427 2081 1448 sine
2109 1426 2134 1446 ti-

1949 1455 2019 1476 centia
2042 1459 2054 1474 e
2072 1452 2134 1482 plau-

1948 1484 1991 1502 stro
2005 1479 2086 1506 egredi.

1983 1630 2136 1652 Confirmantur

1950 1659 2006 1679 bona
2028 1656 2137 1677 canonicis

1951 1691 1963 1706 a
1988 1683 2073 1705 Gir-aldo
2097 1682 2137 1703 Ca-

1951 1714 2032 1733 tureen.
2051 1710 2136 1731 conata.

1977 2429 2089 2450 Decretum
2119 2433 2143 2448 ro

1959 2455 2080 2477 corumdem
2120 2460 2142 2474 o-

1958 2488 2032 2503 nerum
2047 2481 2144 2502 immuni-

1959 2512 2009 2530 tate.
