2180 3205
425 223 489 258 860
975 238 1158 264 nuntiatum
1183 239 1337 265 ROMANUM

380 296 495 330 Mariae
530 297 577 334 S.)
599 298 637 330 de
658 297 822 330 Gordiano
844 298 924 331 cella
942 299 1102 332 Ananensi
1117 300 1313 335 monasterio
1327 302 1532 336 adiudicatur
1545 303 1698 337 adversus
1718 305 1935 339 Arelatensem

470 352 522 374 arc
540 341 750 385 iiepiscopum
773 347 799 375 et
824 343 1001 376 monachos
1021 344 1116 377 Casae
1134 345 1200 382 Dei,
1224 345 1288 378 ⁹296
1307 347 1324 377 b
1345 353 1372 379 et
1395 357 1458 391 seq.

382 394 477 428 Maria
495 395 555 437 (S.)
577 396 615 427 ‹le
637 395 778 428 Lnss'ctde
812 396 951 430 Ecclesia
983 398 1042 430 suli
1063 399 1263 442 protectione
1300 401 1408 444 Apost.
1447 400 1536 435 Sedis
1568 401 1752 446 suscipitur,
1785 402 1937 448 bonaque

471 439 580 472 onmia
601 439 627 472 ci
651 439 887 473 confirmantur
907 453 979 474 cum
1002 443 1132 476 decreto
1155 444 1375 481 immunitatis,
1401 444 1462 477 767
1481 457 1501 478 (t
1522 452 1550 479 et
1572 457 1649 489 seq.

383 492 498 526 ‚itai-iac
531 493 590 535 <ss›
614 494 653 526 de
679 493 816 527 Moliano
844 495 1002 529 moniales
1033 497 1091 529 sub
1123 498 1322 541 protectione
1348 501 1456 543 Apost.
1486 499 1575 533 Sedis
1596 500 1808 544 recipiuntur,
1833 500 1942 546 eisque

471 537 554 570 bona
575 539 684 570 onmia
706 538 953 580 confirmantur,
977 540 1042 574 802
1060 542 1087 574 b.
1742 548 1760 551 “

383 590 497 624 Mariae
518 591 578 633 (S.)
597 592 636 625 de
657 591 796 626 llieralle
828 594 952 627 ordinis
982 595 1202 629 Cistercicncis
1231 597 1426 631 monasterio
1456 598 1540 631 bona
1566 599 1675 631 onmia
1705 610 1741 632 ac
1772 599 1939 643 privilegia

472 635 718 673 confirmantur,
740 637 804 670 ΗΜ
824 638 840 669 h
862 644 890 672 ct
911 650 975 683 seq.

383 689 498 722 Mariae
519 689 579 733 (S.)
601 690 640 724 de
658 691 922 740 anningtmayte
945 693 1133 727 monialium
1158 696 1388 729 monasterium
1403 697 1675 741 suliprotcctioue
1693 697 1783 732 Sedis
1804 699 1938 742 Aposto-

472 734 552 767 licae
573 735 757 779 suscipitur,
782 737 876 781 eique
897 737 983 771 bona
1003 739 1112 772 omnia
1133 751 1168 772 ac
1190 740 1357 784 privilegia
1376 742 1623 779 confirmantur,
1647 742 1710 775 756
1730 753 1749 775 a
1771 748 1799 776 et
1817 753 1881 787 seq.

383 787 498 820 Mariae
528 788 588 831 (S.)
620 789 824 823 Florentinae
860 790 1017 825 dioecesis
1039 793 1235 827 monasterio
1261 794 1346 827 bona
1359 795 1469 828 omnia
1489 796 1725 829 confirmantur
1742 807 1815 830 :um
1836 795 1940 830 omni-

473 833 569 866 moda
588 833 787 867 subiectione
809 835 848 868 ab
870 836 1023 881 episcopo
1043 837 1241 879 Florentino,
1266 838 1330 872 254
1350 839 1367 871 b
1393 845 1423 873 et
1442 851 1505 885 seq.

383 886 500 920 Mariae
521 887 581 931 (S.)
603 888 711 921 Fontis
731 889 860 922 Ebraldi
883 890 913 922 in
935 891 1076 924 Ecclesia
1096 892 1230 935 professi
1252 893 1350 937 recipi
1364 900 1526 938 nequeant
1546 895 1585 928 ali
1606 895 1776 928 abbatibus
1788 893 1940 939 autprio-

472 931 560 965 ribus
585 932 723 966 aliorum
747 935 1030 973 monasteriorum,
1055 935 1119 969 290
1144 937 1161 969 b
1182 943 1210 970 et
1230 948 1293 981 seq.

382 994 498 1028 Mariae
516 995 576 1037 (S.)
596 995 795 1030 Glastonien.
820 998 975 1032 dioecesis
994 1000 1226 1033 monasterium
1245 1001 1304 1033 sub
1325 1001 1424 1035 tutela
1447 1001 1537 1035 Sedis
1556 1003 1758 1046 Apostolicae
1771 1002 1936 1048 recipitur,

471 1039 536 1073 339
567 1052 598 1073 ιι.
636 1041 877 1075 Confirmantur
906 1043 934 1076 ei
964 1043 1155 1077 donationes
1186 1055 1299 1079 omnes
1325 1052 1391 1079 tuin
1424 1048 1545 1086 factae,
1570 1046 1935 1085 lunisaciendae.1'bid.

472 1084 731 1130 Omnimodaque
752 1087 941 1121 conceditur
959 1088 986 1121 ei
1008 1089 1169 1134 exemptio
1191 1090 1230 1123 ab
1249 1091 1337 1123 omni
1360 1091 1517 1132 molestia,
1541 1091 1621 1125 ibid.

383 1138 498 1172 Mariae
519 1139 580 1182 (S.)
610 1140 641 1173 in
661 1140 785 1174 Cairate
808 1142 1040 1176 monasterium
1060 1143 1208 1188 Papiensi
1228 1145 1381 1189 episcopo
1400 1145 1580 1185 subiicitur,
1604 1145 1668 1179 02:38
1691 1146 1718 1178 b.

383 1201 500 1235 Mariae
520 1202 584 1245 (B.)
605 1202 636 1236 in
657 1203 854 1237 Raitenbach
877 1205 1054 1248 Frisingen.
1089 1206 1245 1241 dioecesis
1276 1208 1417 1241 Ecclesia
1436 1208 1669 1242 canonicorum
1691 1208 1750 1242 sub
1775 1208 1887 1251 regula
1906 1208 1936 1242 S.

474 1247 640 1289 Augustini
677 1250 858 1291 regularem
892 1250 988 1284 vitam
1010 1252 1230 1295 profitentium
1253 1253 1311 1285 sub
1332 1253 1535 1297 Apostolicae
1553 1253 1642 1287 Sedis
1660 1253 1861 1298 protectione
1881 1264 1936 1286 su-

471 1289 617 1336 scipitur,
638 1293 733 1337 eique
753 1294 838 1328 bona
859 1295 969 1328 onmia
987 1296 1233 1335 confirmantur,
1265 1297 1330 1330 562
1350 1308 1369 1330 a
1389 1304 1418 1331 et
1439 1309 1503 1342 seq.

384 1354 501 1388 Mariae
519 1355 579 1397 (S.)
599 1355 630 1388 in
652 1356 849 1390 Rettenbach
871 1358 1046 1392 canonicae
1065 1360 1184 1393 erectio
1217 1360 1440 1397 confirmatur,
1470 1360 1529 1394 130
1546 1372 1565 1394 α
1579 1367 1609 1394 et
1628 1361 1662 1394 b:
1687 1361 1740 1394 illa
1761 1361 1819 1394 sub
1842 1360 1940 1394 tutela

472 1400 674 1444 Apostolicae
694 1401 785 1435 Sedis
805 1403 989 1447 suscipitur,
1015 1404 1092 1437 ibid.
1110 1416 1119 1444 ,·
1141 1405 1407 1449 confirmatisque
1427 1406 1521 1439 bonis
1550 1406 1701 1439 omnihus
1721 1405 1760 1439 ad
1781 1416 1852 1438 eam
1870 1415 1941 1449 spe-

472 1445 643 1484 ctantibus,
668 1448 825 1480 nonnulla
846 1449 1070 1482 conceduntur
1091 1449 1269 1493 privilegia,
1293 1451 1373 1484 ibid.
1398 1457 1427 1484 et
1448 1462 1512 1495 seq.

384 1507 499 1541 Mariae
518 1508 578 1547 (S.)
597 1508 627 1542 in
649 1509 835 1543 Undesdort'
851 1511 1011 1545 Ecclesiae
1032 1512 1115 1545 bona
1137 1513 1247 1546 onmia
1267 1513 1515 1551 confirmantur,
1540 1513 1604 1547 473
1623 1524 1644 1546 a
1661 1519 1689 1547 et
1708 1524 1772 1557 seq.

383 1570 499 1604 Mariae
520 1571 580 1613 (S.)
602 1571 743 1605 Narbon.
769 1574 1002 1607 monasterium
1025 1575 1102 1608 iuris
1120 1575 1321 1620 Apostolicac
1342 1576 1432 1610 Sedis
1453 1577 1645 1614 declaratur,
1672 1576 1734 1609 ‘1114
1763 1576 1790 1610 b.
1827 1575 1940 1610 Abbati

473 1615 659 1650 Massiliensi
677 1617 745 1650 vice
766 1618 856 1652 Sedis
881 1619 1025 1652 eiusdem
1043 1621 1222 1662 regendum
1241 1621 1463 1659 committitur,
1488 1620 1567 1654 ibid.

384 1669 543 1704 Marianus
567 1670 661 1704 iudex
690 1671 889 1706 Calaritanus
921 1673 1004 1706 hona
1039 1674 1195 1708 nonnulla
1226 1675 1280 1708 dat
1318 1674 1478 1709 Ecclesiae
1504 1674 1681 1708 cathedrali
1712 1674 1742 1708 S.
1777 1673 1939 1708 Laurentii

472 1714 619 1755 Ianuen.‚
641 1714 705 1748 :3112
725 1727 755 1749 a.

380 1767 594 1811 Marsanensis
611 1779 751 1813 Ecclesia
771 1790 872 1824 propa:
889 1781 1069 1815 Traiectum
1093 1782 1197 1816 Mosae
1215 1782 1411 1816 monasterio
1425 1783 1458 1816 B.
1473 1782 1608 1824 Remigii
1627 1783 1850 1827 contii-matur,
1867 1792 1939 1815 cum

472 1823 603 1856 decreto
623 1829 657 1856 ut
678 1824 802 1858 clericis
822 1826 1042 1860 saecularibus
1061 1827 1298 1861 substituantur
1319 1827 1481 1867 monachi,
1504 1826 1568 1860 415
1590 1828 1617 1860 b.

384 1876 742 1954 Ma1sorumr173'cclesiae
765 1879 849 1912 bona
871 1886 899 1912 et
921 1881 1141 1924 possessiones
1162 1881 1407 1917 confirmantur.
1432 1881 1566 1925 eiusque
1589 1880 1731 1914 confinia
1749 1880 1939 1914 describun-

474 1927 536 1961 tur,
557 1931 576 1954 ἴ.
602 1933 622 1954 4
641 1933 660 1955 α
683 1928 710 1955 et
732 1934 796 1967 seq.

385 1984 511 2017 Martini
533 1985 594 2027 (S.)
622 1987 797 2026 Aug-susten.
822 1987 979 2021 dioecesis
1003 1988 1143 2022 Ecclesia
1164 1995 1192 2022 et
1220 1989 1367 2022 canonici
1405 1989 1630 2022 Berricdenscs
1660 1989 1719 2021 sub
1740 1987 1940 2032 protectione

472 2028 562 2063 Sedis
582 2031 784 2074 Apostolicac
802 2033 1034 2076 suscipiuntur,
1058 2033 1122 2066 :328
1142 2045 1172 2066 a.
1198 2035 1284 2067 Bona
1302 2034 1412 2068 omnia
1429 2035 1468 2067 ad
1482 2045 1537 2067 eos
1548 2033 1725 2078 spectantia
1745 2033 1940 2069 confirman-

475 2079 536 2111 tur,
560 2086 632 2108 cum
652 2075 782 2111 decreto
796 2077 1005 2111 omnimodae
1025 2078 1238 2122 exemptionis
1259 2090 1276 2112 a
1297 2090 1502 2123 quacumque
1517 2078 1674 2114 molestia.
1696 2077 1775 2111 ibid.

385 2136 508 2170 Martini
529 2138 590 2180 (S.)
611 2139 770 2172 Ecclesiae
791 2140 822 2172 in
845 2141 1144 2183 Bau-ligetesga‹]en
1166 2141 1341 2184 Satistmrg.
1366 2141 1521 2175 dioecesis
1539 2141 1738 2185 approbatur
1758 2140 1937 2173 institutum

475 2183 623 2224 regulare
643 2184 886 2221 canonicorum,
907 2184 972 2218 :3222
990 2187 1008 2219 b
1028 2192 1056 2219 et
1071 2197 1134 2230 seq.

385 2235 508 2268 Martini
530 2237 591 2277 (S.)
619 2238 768 2271 Lucensis
788 2239 948 2273 Ecclesiae
969 2240 1115 2274 canonici
1139 2241 1375 2274 interdicuntur
1396 2241 1435 2273 al»
1456 2241 1602 2283 ingressu
1633 2239 1763 2272 maioris
1786 2238 1938 2272 ccclesiae

474 2281 549 2324 quia
570 2283 778 2316 canonicatus
799 2290 827 2316 et
849 2285 1050 2328 praebendas
1071 2292 1229 2326 emerunt,
1253 2285 1295 2318 92>
1316 2286 1333 2318 b
1354 2292 1383 2319 et
1403 2296 1467 2330 seq.

386 2334 510 2367 Martini
532 2336 591 2379 (ὅ.)
614 2338 773 2370 [tunulum
795 2338 943 2371 Urbanus
964 2340 987 2372 ll
1011 2339 1067 2372 PP.
1093 2339 1209 2379 invisit,
1233 2339 1296 2372 too·
1314 2350 1344 2372 a.

386 2387 509 2421 Martini
540 2390 599 2432 (S.)
628 2391 789 2424 Turonen.
823 2392 982 2425 Ecclesiae
1003 2393 1088 2425 bona
1118 2393 1238 2430 omnia,
1260 2392 1426 2436 privilegia
1447 2403 1485 2426 ac
1506 2392 1668 2425 libertates
1689 2391 1936 2427 confirmantur.

476 2432 539 2466 ¹16ss
559 2445 578 2466 a
599 2440 627 2467 et
650 2446 713 2479 seq.
735 2436 883 2469 Urbanus
901 2438 925 2470 ΙΙ
948 2437 1005 2470 ΡΡ.
1031 2437 1136 2471 visitat
1156 2438 1257 2477 illam,
1284 2436 1347 2470 toli
1367 2448 1397 2469 a.

387 2495 578 2530 Massiliensi>¹
598 2498 627 2531 S.
654 2497 787 2531 t‘tctorts
809 2500 1052 2533 monasterium,
1082 2500 1114 2533 V.
1138 2500 1272 2533 Victoris
1294 2500 1354 2543 (S.)
1377 2499 1621 2533 monasterium.

386 2549 589 2583 Massiliensis
609 2552 749 2585 Ecclesia
770 2554 828 2586 sul·
851 2554 1049 2597 protectione
1070 2553 1159 2587 Sedis
1186 2553 1389 2598 Apostolicae
1410 2553 1594 2597 suscipitur,
1617 2553 1711 2597 eique
1728 2553 1813 2586 bona
1831 2552 1939 2586 omnia

477 2595 723 2632 confirmantur,
748 2596 812 2630 003
833 2598 850 2630 b
871 2604 900 2631 ct
920 2609 984 2643 seq.

388 2656 631 2691 Massiliensium
655 2659 886 2693 monachorum
909 2671 944 2694 ac
965 2661 1221 2695 Rutlienensium
1253 2661 1483 2695 canonicorum
1509 2659 1726 2694 controversia
1755 2670 1851 2707 super
1881 2659 1938 2692 Ec-
