2180 3205
281 296 287 321 t
294 295 345 321 063

165 296 212 321 An.
235 296 264 322 C.

197 950 314 971 Exin-diunt.

176 1599 280 1619 Bonorum
299 1605 346 1620 ron-

170 1628 173 1629 .
216 1629 251 1640 .v..

164 1628 206 1645 litu·
234 1633 236 1645 t

177 1999 288 2018 lt.›>r.«tn.n
314 2006 348 2016 iiii-

172 2024 280 2045 nnnnta‘is
303 2030 340 2049 pro

175 2052 185 2069 l·
203 2056 234 2070 nt<
254 2050 343 2071 ‹Linam-

205 2489 317 2509 tinto—ma

430 276 465 308 2⁹

456 278 475 308 ιυ

728 335 781 371 lV.

381 411 580 455 Fonfiimatio
602 409 768 442 canonicae
794 409 824 440 rin
850 408 967 441 Pisana
997 406 1130 453 Ecclesia

425 468 559 496 erectae,
588 466 613 492 ct
640 460 789 491 bonorum
818 459 861 491 ad
886 468 954 490 eam
976 457 1130 500 pertinen-

427 510 504 542 tium
527 510 587 551 (l).

647 575 861 606 SUMMARIUM

375 640 542 670 Exordium.
560 655 600 661 —-
620 637 770 668 Bonorum
789 638 982 667 confirmatio.
1004 654 1044 659 —-
1068 637 1126 666 De-

413 684 524 709 cretum
554 678 746 708 immunitatis
771 687 822 716 pro
844 677 928 706 bonis
958 677 1126 706 canonicae.

412 737 453 741 —
470 719 631 748 Anatlieina
650 721 751 747 contra
771 727 804 746 ea
823 717 879 746 sibi
900 719 1087 755 usurpantes.

375 785 526 813 Alexander
549 784 688 820 episcopus
709 789 804 811 servus
824 788 963 810 servorum
990 781 1048 814 Dei,
1081 781 1126 809 Ge·

417 830 498 858 tardo
518 836 610 858 vener.
632 828 758 856 canonico
769 827 886 855 salutem
902 827 930 855 et
949 826 1127 861 apostolicam

418 874 641 903 benedictionem.

425 937 473 971 Ad
504 936 704 983 Apostolicae
724 934 817 970 Sedis
837 933 998 981 speculam
1025 933 1126 967 subli-

373 988 446 1021 mati
463 986 545 1020 etad
560 985 793 1019 solicitudinem
810 991 839 1018 et
854 995 959 1018 curam
984 982 1125 1017 omnium

373 1035 586 1070 Ecclesiarum
606 1046 668 1068 non
695 1033 812 1068 nostris
840 1032 968 1075 meritis,
995 1031 1049 1066 sed
1077 1032 1126 1065 di-

372 1085 441 1118 vina
464 1083 663 1118 solummodo
679 1083 862 1128 dignatione
876 1081 1024 1127 promoti,
1046 1092 1125 1119 ocu—

373 1134 420 1168 los
441 1132 652 1171 discretionis,
682 1143 856 1177 manusque
878 1129 999 1163 consilii
1028 1129 1126 1162 ‹lebe-

374 1195 444 1217 mus
460 1182 584 1216 avidius
605 1180 786 1219 extendere,
804 1179 854 1213 ubi
872 1179 940 1224 piae
963 1178 1126 1223 religionis

372 1231 518 1265 exercitia
534 1258 542 1271 ,
578 1238 607 1264 ct
647 1228 857 1263 solicitudinis
897 1227 1126 1261 ecclesiasticae

373 1280 551 1314 instantiam
601 1278 816 1324 comperimus
863 1276 940 1310 sore.
990 1276 1126 1310 Proinde

373 1330 471 1364 iustae
497 1327 638 1376 petitioni
660 1335 742 1370 tuae,
770 1338 862 1373 quam
892 1332 1034 1371 respectu
1071 1337 1126 1358 su-

373 1391 488 1425 pernae
511 1376 773 1412 remunerationis
795 1387 889 1422 super
912 1374 1126 1408 incolumitate

372 1427 523 1462 ecclesiae
549 1426 684 1461 Sanctae
718 1424 834 1458 Mariae
850 1451 859 1468 ,
886 1435 967 1470 qnae
993 1423 1126 1457 Pisanae

372 1477 507 1512 civitatis
529 1475 726 1521 dignoscitur
742 1473 936 1520 principalis,
949 1472 1126 1506 audientiae

374 1534 498 1560 nostrae
520 1523 765 1571 approbavimus
792 1522 912 1562 allatae,
935 1521 1126 1556 auctoritatis

374 1582 499 1609 nostrae
526 1573 734 1620 patrocinium
767 1571 968 1606 consulentes
995 1570 1126 1604 exhibe-

372 1636 455 1664 mus,
482 1632 512 1657 et
534 1630 567 1657 ut
590 1621 688 1667 magis
706 1621 868 1667 magisque
893 1619 1058 1666 pristinum
1075 1619 1127 1653 de-

374 1673 507 1707 votionis
528 1679 600 1706 tuae
623 1677 775 1716 augeatur
796 1669 950 1709 studium,
966 1668 1126 1714 benignis-

374 1723 452 1756 sime
479 1721 697 1756 exhortamur.
733 1719 832 1763 lgitur
863 1718 946 1752 iuxta
986 1718 1126 1752 sincerae

374 1771 532 1817 petitionis
551 1779 621 1804 tuae
636 1768 781 1803 affectum
804 1767 988 1802 canonicam
1012 1779 1127 1813 snpra-

374 1820 474 1854 dictae
511 1818 691 1859 Ecclesiae,
726 1829 819 1863 quam
859 1824 960 1856 teneS‚
1003 1816 1127 1862 sibique

375 1870 453 1904 iuste
481 1867 667 1914 pertinentia
693 1866 811 1909 omnia,
833 1873 864 1900 et
887 1865 1036 1912 quicquid
1059 1877 1075 1898 a
1097 1873 1126 1898 te

375 1919 455 1952 iuste
490 1917 694 1963 acquisitum,
730 1914 776 1949 vel
810 1914 877 1948 Deo
912 1914 1127 1948 consentiente

375 1967 602 2014 acquirendum
630 1972 689 2009 est,
710 1963 915 2010 Apostolatus
942 1963 1040 1997 nostri
1066 1975 1128 1997 au—

373 2016 527 2056 ctoritate,
561 2022 592 2049 et
625 2026 681 2060 per
707 2013 802 2047 huius
837 2012 934 2047 nostri
971 2011 1127 2058 privilegii

375 2065 519 2112 paginam
546 2063 784 2098 confirmamus:
805 2073 860 2108 per
878 2061 983 2095 omnia
999 2061 1127 2103 quidem

375 2113 610 2154 interdicentes,
634 2120 666 2146 ut
693 2123 795 2158 neque
821 2111 1001 2157 imperator,
1027 2122 1128 2155 neque

375 2162 525 2203 marchio,
547 2173 651 2208 neque
673 2160 853 2206 episcopus,
882 2171 983 2206 neque
1012 2159 1129 2192 cuius—

376 2212 450 2246 libet
472 2211 590 2246 ordinis
611 2210 706 2244 homo
727 2209 880 2256 praefatas
902 2220 951 2242 res
969 2219 1062 2254 agere
1081 2207 1128 2241 vel

375 2273 515 2300 causare,
545 2271 602 2294 seu
624 2271 680 2306 per
700 2257 827 2305 aliquod
851 2257 1014 2304 ingenium
1037 2268 1130 2303 prae-

375 2318 479 2345 sumat
510 2309 698 2344 diminuere.
726 2307 819 2349 Quod
850 2307 874 2340 si
909 2306 982 2341 huic
1005 2313 1129 2340 nostrae

375 2358 606 2395 confirmationi
629 2357 741 2404 aliquis
762 2368 800 2390 ex
827 2356 887 2396 his,
915 2367 996 2402 quos
1024 2366 1132 2401 supra-

375 2408 637 2448 memoravimus,
677 2405 801 2440 debitae
839 2404 1035 2439 obedientiae
1067 2415 1128 2438 non

377 2457 584 2500 inclinaverit,
605 2463 636 2490 et
661 2454 851 2501 supradictis
870 2453 977 2497 rebus,
988 2460 1131 2487 contem-

166 2520 292 2561 }'''3‘¹ff'-1i'?<
311 2515 351 2536 S11³1
378 2505 661 2554 ptorApostolicae
674 2504 779 2544 Sedis,
798 2502 902 2550 aliquo
917 2502 1010 2537 modo
1019 2513 1130 2536 nocere

380 2554 637 2603 praesumpserit,
668 2553 845 2599 condignae
872 2550 1130 2586 excommunica-

376 2604 472 2640 tionis
486 2603 590 2650 gladio
605 2601 798 2642 feriendum,
820 2609 850 2636 et
872 2612 888 2635 a
907 2600 1131 2635 communione

409 2665 450 2701 (t)
465 2664 553 2692 Edidit
568 2663 670 2700 Ughell.
687 2662 746 2690 Ital.
764 2662 824 2689 Sao.
846 2665 912 2689 tom.
931 2668 972 2688 ru.

959 282 1058 304 Rutu
1065 282 1145 304 tumn
1170 281 1257 303 ROMA
1263 281 1331 303 Nm!

1171 343 1297 369 sanctae
1332 333 1494 368 Ecclesiae
1521 346 1555 368 se
1584 335 1776 370 omnimodis
1802 336 1922 371 noverit

1170 396 1239 418 esse
1261 383 1485 430 separandum,
1500 391 1529 417 et
1549 383 1678 430 insuper
1699 385 1808 430 viginti
1826 386 1922 420 libras

1170 434 1248 477 auri,
1270 432 1471 467 medietatem
1485 431 1635 467 Gamerae
1657 442 1792 474 nostrae,
1809 444 1836 469 et
1854 448 1921 468 nu·-

1169 482 1318 517 dietatem
1335 482 1400 523 tibi,
1415 482 1491 516 sciat
1513 493 1546 515 se
1568 494 1637 515 esse
1653 485 1917 529 compositurum.

1268 531 1380 565 Datum
1408 531 1512 565 Lucae
1537 543 1591 576 per
1621 543 1733 565 manus
1766 533 1918 567 Mainardi

1169 589 1294 615 sanctae
1320 580 1480 615 Ecclesiae
1502 580 1612 625 Sylvae
1635 580 1797 616 Candidae
1816 582 1919 616 cardi-

1169 630 1258 670 nalis,
1269 630 1468 676 Apostolicae
1482 629 1575 663 Sedis
1591 628 1920 671 bibliothecarii,anno

1169 680 1346 713 dominicae
1393 678 1616 713 incarnationis
1662 691 1785 721 arcxm,
1831 680 1918 714 iudi-

1168 737 1271 764 ctione
1299 741 1320 763 1.

1343 785 1404 814 liat.
1424 794 1501 813 anno
1524 784 1639 814 Domini
1668 784 1749 819 1063,

1313 824 1414 864 pontis.
1447 824 1603 853 Alexandri
1635 834 1712 853 anno
1745 834 1773 854 ιι.

1525 942 1562 976 V.
1792 947 1805 954 “

1171 1015 1368 1059 Confirmatio
1395 1015 1598 1047 donationum
1625 1022 1650 1047 et
1675 1015 1918 1058 privi'leyi'ornim

1220 1064 1447 1096 Conventrz'enst'
1460 1065 1601 1097 coenobio
1616 1065 1654 1096 ab
1681 1064 1836 1096 Edwardo
1853 1076 1919 1107 wyte

1216 1124 1425 1145 concessorum
1448 1115 1509 1155 (l).

1435 1181 1648 1211 Stnnlamtnt

1168 1242 1322 1272 Leosridus
1339 1242 1396 1271 dux
1411 1241 1652 1271 Conventriensis
1672 1242 1841 1272 monasterii
1859 1243 1924 1271 sun-

1207 1283 1297 1311 dator.
1319 1299 1358 1304 —
1376 1281 1512 1311 Eiusdem
1532 1282 1700 1311 omnimoda
1720 1282 1864 1321 exemptio
1885 1282 1920 1311 ab

1207 1322 1284 1350 omni
1309 1322 1396 1350 etiam
1414 1322 1557 1351 ordinarii
1575 1321 1791 1350 iurisdictione.
1809 1339 1849 1343 —
1864 1322 1922 1351 Ab·

1207 1361 1283 1390 batis
1307 1360 1411 1390 electio
1439 1371 1529 1399 penes
1559 1362 1729 1390 monachos.
1748 1377 1788 1382 —
1805 1360 1921 1391 Confir-

1207 1405 1324 1430 mantnr
1343 1400 1494 1439 privilegia
1514 1401 1611 1429 omnia
1641 1401 1736 1429 eidem
1769 1409 1919 1430 concessa.

1166 1468 1316 1496 Alexander
1332 1467 1472 1502 episcopus
1491 1473 1587 1494 servus
1604 1472 1743 1494 servorum
1753 1465 1807 1497 Dei,
1823 1466 1922 1495 dilecto

1210 1513 1266 1540 filio
1286 1512 1414 1540 Edwardo
1434 1511 1493 1546 regi
1512 1511 1658 1546 Anglorum
1677 1511 1793 1538 salutem
1809 1512 1837 1539 et
1857 1518 1919 1547 apo·

1211 1557 1336 1586 stolicam
1355 1556 1577 1584 benedictionem.

1215 1620 1412 1666 Scriptorum
1436 1626 1612 1653 vestrorum
1640 1618 1778 1664 eloquia,
1795 1618 1920 1652 incolu-

1168 1670 1306 1704 mitatem
1333 1677 1467 1703 vestram
1490 1667 1711 1714 significantia,
1727 1667 1797 1702 laeti
1814 1669 1918 1701 susci-

1168 1719 1283 1765 pimus.
1317 1717 1441 1752 Gratias
1469 1717 1573 1764 itaque
1610 1716 1821 1763 omnipotenti
1852 1716 1920 1751 Deo

1169 1767 1345 1808 retulimus,
1372 1767 1425 1813 qui
1453 1767 1558 1801 cordis
1585 1766 1678 1800 vestri
1707 1765 1920 1800 sinceritatem

1168 1817 1205 1851 ad
1228 1817 1333 1851 omnia
1361 1815 1447 1850 utilia
1475 1823 1599 1850 sanctae
1626 1815 1734 1849 Matris
1761 1814 1923 1849 Ecclesiae

1169 1866 1366 1913 compungit.
1398 1865 1535 1899 Proinde
1569 1865 1651 1898 iuxta
1680 1864 1795 1910 scripta
1824 1872 1923 1898 vestra

1169 1915 1359 1950 monasterio
1381 1914 1515 1948 Sanctae
1529 1913 1644 1948 Mariae
1660 1913 1699 1948 de
1718 1912 1923 1954 Conventria,

1170 1964 1222 1999 ubi
1244 1976 1405 1999 servorum
1422 1963 1480 1997 Dei
1497 1963 1665 1997 constituta
1681 1971 1728 1996 est
1746 1974 1923 2008 congrega-

1171 2014 1223 2054 tio,
1245 2025 1260 2047 a
1278 2013 1465 2047 reverendae
1485 2012 1653 2046 memoriae
1672 2011 1819 2046 Leofrido
1842 2011 1924 2045 duce

1170 2074 1271 2108 nuper
1287 2069 1440 2102 extructo,
1457 2060 1638 2095 huiusmodi
1655 2060 1816 2106 privilegia
1833 2071 1924 2105 prae-

1170 2112 1268 2145 sentis
1310 2111 1502 2145 auctoritatis
1538 2117 1661 2144 nostrae
1700 2109 1922 2155 indulgemus,

1170 2159 1386 2198 concedimus,
1411 2168 1504 2206 atque
1523 2160 1765 2199 confirmamus;
1789 2166 1927 2192 statuen-

1172 2218 1228 2250 tes,
1257 2217 1289 2242 ut
1316 2209 1381 2255 ipse
1409 2209 1498 2243 locus
1533 2208 1628 2254 regiis
1663 2207 1857 2254 praeceptis,
1892 2214 1923 2241 et

1172 2258 1342 2305 privilegiis
1377 2257 1558 2304 apostolicis
1584 2257 1693 2301 fultus,
1727 2268 1784 2303 per
1818 2257 1922 2290 omnia

1173 2316 1313 2354 tempora
1328 2308 1395 2341 sine
1411 2307 1574 2341 vexatione
1596 2306 1826 2352 cuiuscumque
1837 2304 1926 2339 dioe-

1171 2357 1276 2391 cesani
1304 2356 1461 2404 episcopi,
1494 2363 1547 2390 ant
1581 2355 1714 2390 alicuius
1745 2354 1924 2388 iudiciariae

1172 2406 1345 2452 potestatis,
1369 2406 1597 2451 cuiuscumque
1620 2403 1740 2438 ordinis
1752 2403 1799 2437 vel
1818 2402 1926 2448 <ligui-

1173 2455 1242 2488 tatis
1271 2455 1321 2491 sit,
1359 2463 1388 2490 et
1421 2466 1558 2500 semper,
1593 2453 1674 2487 sicut
1704 2459 1867 2498 praeoptat
1893 2459 1924 2485 et

1171 2504 1287 2550 expetit
1301 2503 1516 2538 benevolentia
1529 2510 1580 2543 tua
1590 2501 1714 2547 regalis,
1730 2500 1835 2535 futuro
1850 2509 1927 2534 tem-

1173 2565 1247 2599 pore
1283 2560 1475 2599 permaneat.
1505 2551 1631 2586 Fratres
1657 2550 1753 2596 igitur
1779 2549 1925 2584 eiusdem

1173 2603 1229 2636 loci
1258 2602 1388 2635 idoneos
1410 2613 1447 2635 ex
1470 2612 1514 2640 se,
1538 2600 1584 2634 vel
1611 2611 1648 2633 ex
1675 2611 1735 2645 qua
1765 2599 1922 2633 voluerint

1207 2659 1246 2693 (t)
1263 2659 1302 2685 Ex
1318 2658 1431 2685 monast.
1449 2657 1550 2692 Anglic.
1573 2660 1637 2684 tom.
1654 2664 1674 2689 ι,
1694 2663 1754 2691 pag.
1772 2656 1816 2683 78.

1940 290 1988 316 An.
2008 289 2037 316 C.
2054 290 2123 317 1063

1961 2052 2070 2072 henfridus
2091 2052 2131 2071 dux

1947 2078 2118 2099 Convenit-tensis

1947 2105 2068 2125 monasterii
2088 2104 2131 2124 sun-

1948 2132 2014 2152 [lator.

1961 2387 2059 2408 Eiusdem
2067 2387 2132 2408 omni-

1947 2414 2009 2434 moda
2027 2414 2131 2439 exemptio

1947 2440 1974 2460 ab
1989 2441 2044 2461 omni
2068 2441 2132 2460 etiam

1948 2467 2049 2487 ordinarii
2071 2466 2132 2487 inris-

1948 2493 2048 2513 dictione.

1974 2555 2062 2575 ,abbatis
2090 2554 2132 2574 ete-

1948 2582 1990 2602 ctio
2009 2586 2074 2607 panes
2089 2586 2132 2600 mo·

1944 2608 2030 2628 navhos.
