<?xml version="1.0" encoding="UTF-8"?>
<!DOCTYPE html PUBLIC "-//W3C//DTD XHTML 1.0 Transitional//EN"
    "http://www.w3.org/TR/xhtml1/DTD/xhtml1-transitional.dtd">
<html xmlns="http://www.w3.org/1999/xhtml" xml:lang="en" lang="en">
 <head>
  <title>
</title>
<meta http-equiv="Content-Type" content="text/html;charset=utf-8" />
  <meta name='ocr-system' content='tesseract 3.04.00' />
  <meta name='ocr-capabilities' content='ocr_page ocr_carea ocr_par ocr_line ocrx_word'/>
</head>
<body>
  <div class='ocr_page' id='page_1' title='image "./bullarumdiplomat02cath_0517.png"; bbox 0 0 2180 3205; ppageno 0'>
   <div class='ocr_carea' id='block_1_1' title="bbox 27 1687 214 1716">
    <p class='ocr_par' dir='ltr' id='par_1_1' title="bbox 27 1687 214 1716">
     <span class='ocr_line' id='line_1_1' title="bbox 27 1687 214 1716; baseline -0.011 -6"><span class='ocrx_word' id='word_1_1' title='bbox 27 1689 33 1693; x_wconf 88' lang='grc'><strong>“</strong></span> <span class='ocrx_word' id='word_1_2' title='bbox 80 1687 214 1716; x_wconf 59' lang='lat' dir='ltr'>»spostolicae</span> 
     </span>
    </p>
   </div>
   <div class='ocr_carea' id='block_1_2' title="bbox 56 226 1022 266">
    <p class='ocr_par' dir='ltr' id='par_1_2' title="bbox 56 226 1022 266">
     <span class='ocr_line' id='line_1_2' title="bbox 56 226 1022 266; baseline -0.018 -1"><span class='ocrx_word' id='word_1_3' title='bbox 56 236 110 266; x_wconf 67' lang='lat' dir='ltr'>Aa.</span> <span class='ocrx_word' id='word_1_4' title='bbox 125 234 155 264; x_wconf 84' lang='lat' dir='ltr'>C.</span> <span class='ocrx_word' id='word_1_5' title='bbox 170 234 236 262; x_wconf 62' lang='lat' dir='ltr'>titia</span> <span class='ocrx_word' id='word_1_6' title='bbox 910 226 1022 250; x_wconf 73' lang='lat' dir='ltr'>Lucus</span> 
     </span>
    </p>
   </div>
   <div class='ocr_carea' id='block_1_3' title="bbox 289 279 1004 1383">
    <p class='ocr_par' dir='ltr' id='par_1_3' title="bbox 289 279 1004 1383">
     <span class='ocr_line' id='line_1_3' title="bbox 290 279 1001 324; baseline -0.014 -7"><span class='ocrx_word' id='word_1_7' title='bbox 290 285 460 318; x_wconf 66' lang='lat' dir='ltr'>risdictionc</span> <span class='ocrx_word' id='word_1_8' title='bbox 480 284 612 324; x_wconf 74' lang='lat' dir='ltr'><strong>episcopi</strong></span> <span class='ocrx_word' id='word_1_9' title='bbox 625 280 803 313; x_wconf 76' lang='lat' dir='ltr'>dioecesani.</span> <span class='ocrx_word' id='word_1_10' title='bbox 816 297 855 303; x_wconf 98' lang='lat'><strong>—</strong></span> <span class='ocrx_word' id='word_1_11' title='bbox 868 279 1001 315; x_wconf 78' lang='lat' dir='ltr'>Limites3</span> 
     </span>
     <span class='ocr_line' id='line_1_4' title="bbox 289 324 1001 372; baseline -0.017 -10"><span class='ocrx_word' id='word_1_12' title='bbox 289 331 400 372; x_wconf 90' lang='lat' dir='ltr'>quibus</span> <span class='ocrx_word' id='word_1_13' title='bbox 426 328 683 360; x_wconf 77' lang='lat' dir='ltr'>circumscribitur</span> <span class='ocrx_word' id='word_1_14' title='bbox 707 324 876 357; x_wconf 87' lang='lat' dir='ltr'>huiusmodi</span> <span class='ocrx_word' id='word_1_15' title='bbox 905 332 1001 352; x_wconf 78' lang='lat' dir='ltr'>exem-</span> 
     </span>
     <span class='ocr_line' id='line_1_5' title="bbox 290 369 1000 415; baseline -0.015 -9"><span class='ocrx_word' id='word_1_16' title='bbox 290 374 360 415; x_wconf 79' lang='lat' dir='ltr'>pti’o.</span> <span class='ocrx_word' id='word_1_17' title='bbox 382 390 421 397; x_wconf 93' lang='lat'>—</span> <span class='ocrx_word' id='word_1_18' title='bbox 448 373 479 403; x_wconf 90' lang='lat' dir='ltr'>lu</span> <span class='ocrx_word' id='word_1_19' title='bbox 503 372 629 403; x_wconf 85' lang='lat' dir='ltr'>abbatiis</span> <span class='ocrx_word' id='word_1_20' title='bbox 661 369 847 401; x_wconf 84' lang='lat' dir='ltr'>Cluniacensi</span> <span class='ocrx_word' id='word_1_21' title='bbox 878 371 1000 398; x_wconf 85' lang='lat' dir='ltr'>monast.</span> 
     </span>
     <span class='ocr_line' id='line_1_6' title="bbox 291 411 1000 456; baseline -0.014 -7"><span class='ocrx_word' id='word_1_22' title='bbox 291 419 434 450; x_wconf 87' lang='lat' dir='ltr'>subiectis</span> <span class='ocrx_word' id='word_1_23' title='bbox 453 427 510 447; x_wconf 92' lang='lat' dir='ltr'>non</span> <span class='ocrx_word' id='word_1_24' title='bbox 529 417 655 456; x_wconf 71' lang='lat' dir='ltr'>eligendi</span> <span class='ocrx_word' id='word_1_25' title='bbox 675 415 805 449; x_wconf 66' lang='lat' dir='ltr'>abbates,</span> <span class='ocrx_word' id='word_1_26' title='bbox 825 413 881 442; x_wconf 89' lang='lat' dir='ltr'>nisi</span> <span class='ocrx_word' id='word_1_27' title='bbox 901 411 1000 441; x_wconf 87' lang='lat' dir='ltr'>habito</span> 
     </span>
     <span class='ocr_line' id='line_1_7' title="bbox 291 454 1000 503; baseline -0.014 -10"><span class='ocrx_word' id='word_1_28' title='bbox 291 463 375 503; x_wconf 84' lang='lat' dir='ltr'>prius</span> <span class='ocrx_word' id='word_1_29' title='bbox 408 471 557 492; x_wconf 85' lang='lat' dir='ltr'>consensu</span> <span class='ocrx_word' id='word_1_30' title='bbox 588 459 703 490; x_wconf 82' lang='lat' dir='ltr'>abbatis</span> <span class='ocrx_word' id='word_1_31' title='bbox 734 457 864 487; x_wconf 85' lang='lat' dir='ltr'>Cluniae.</span> <span class='ocrx_word' id='word_1_32' title='bbox 896 472 936 478; x_wconf 92' lang='lat'>--</span> <span class='ocrx_word' id='word_1_33' title='bbox 970 454 1000 484; x_wconf 92' lang='lat' dir='ltr'>ln</span> 
     </span>
     <span class='ocr_line' id='line_1_8' title="bbox 292 500 1000 547; baseline -0.014 -10"><span class='ocrx_word' id='word_1_34' title='bbox 292 506 472 547; x_wconf 76' lang='lat' dir='ltr'>prioratibus</span> <span class='ocrx_word' id='word_1_35' title='bbox 486 507 514 535; x_wconf 93' lang='lat' dir='ltr'>in</span> <span class='ocrx_word' id='word_1_36' title='bbox 537 504 646 544; x_wconf 85' lang='lat' dir='ltr'>quibus</span> <span class='ocrx_word' id='word_1_37' title='bbox 665 503 786 532; x_wconf 79' lang='lat' dir='ltr'>abbates</span> <span class='ocrx_word' id='word_1_38' title='bbox 806 510 862 530; x_wconf 85' lang='lat' dir='ltr'>non</span> <span class='ocrx_word' id='word_1_39' title='bbox 883 500 1000 535; x_wconf 75' lang='lat' dir='ltr'>suerint,</span> 
     </span>
     <span class='ocr_line' id='line_1_9' title="bbox 291 544 1001 590; baseline -0.014 -9"><span class='ocrx_word' id='word_1_40' title='bbox 291 551 483 590; x_wconf 78' lang='lat' dir='ltr'>imposterum</span> <span class='ocrx_word' id='word_1_41' title='bbox 513 559 570 579; x_wconf 89' lang='lat' dir='ltr'>non</span> <span class='ocrx_word' id='word_1_42' title='bbox 593 546 731 586; x_wconf 79' lang='lat' dir='ltr'>eligendi.</span> <span class='ocrx_word' id='word_1_43' title='bbox 762 562 801 567; x_wconf 99' lang='lat'>—</span> <span class='ocrx_word' id='word_1_44' title='bbox 825 545 877 573; x_wconf 72' lang='lat' dir='ltr'>l&#39;ro</span> <span class='ocrx_word' id='word_1_45' title='bbox 901 544 1001 573; x_wconf 78' lang='lat' dir='ltr'>alturi-</span> 
     </span>
     <span class='ocr_line' id='line_1_10' title="bbox 291 589 1000 625; baseline -0.013 0"><span class='ocrx_word' id='word_1_46' title='bbox 291 594 348 625; x_wconf 86' lang='lat' dir='ltr'>bus</span> <span class='ocrx_word' id='word_1_47' title='bbox 384 598 412 624; x_wconf 87' lang='lat' dir='ltr'>et</span> <span class='ocrx_word' id='word_1_48' title='bbox 438 593 574 623; x_wconf 79' lang='lat' dir='ltr'>ecclesiis</span> <span class='ocrx_word' id='word_1_49' title='bbox 598 592 730 621; x_wconf 79' lang='lat' dir='ltr'>decimae</span> <span class='ocrx_word' id='word_1_50' title='bbox 754 599 810 619; x_wconf 91' lang='lat' dir='ltr'>non</span> <span class='ocrx_word' id='word_1_51' title='bbox 834 589 1000 617; x_wconf 72' lang='lat' dir='ltr'>solvendae.</span> 
     </span>
     <span class='ocr_line' id='line_1_11' title="bbox 290 633 1000 674; baseline -0.01 -6"><span class='ocrx_word' id='word_1_52' title='bbox 290 655 330 661; x_wconf 92' lang='lat'>—</span> <span class='ocrx_word' id='word_1_53' title='bbox 349 637 404 668; x_wconf 84' lang='lat' dir='ltr'>Sed</span> <span class='ocrx_word' id='word_1_54' title='bbox 424 637 633 666; x_wconf 85' lang='lat' dir='ltr'>monachorum</span> <span class='ocrx_word' id='word_1_55' title='bbox 657 639 685 664; x_wconf 80' lang='lat' dir='ltr'>et</span> <span class='ocrx_word' id='word_1_56' title='bbox 713 643 874 674; x_wconf 79' lang='lat' dir='ltr'>pauperum</span> <span class='ocrx_word' id='word_1_57' title='bbox 896 633 1000 662; x_wconf 85' lang='lat' dir='ltr'>usibus</span> 
     </span>
     <span class='ocr_line' id='line_1_12' title="bbox 291 678 1002 722; baseline -0.01 -10"><span class='ocrx_word' id='word_1_58' title='bbox 291 681 497 722; x_wconf 81' lang='lat' dir='ltr'>applicandae:</span> <span class='ocrx_word' id='word_1_59' title='bbox 519 697 558 703; x_wconf 90' lang='lat'>-—</span> <span class='ocrx_word' id='word_1_60' title='bbox 584 679 641 709; x_wconf 87' lang='lat' dir='ltr'>Nec</span> <span class='ocrx_word' id='word_1_61' title='bbox 665 678 821 708; x_wconf 78' lang='lat' dir='ltr'>solvendae</span> <span class='ocrx_word' id='word_1_62' title='bbox 846 687 918 716; x_wconf 77' lang='lat' dir='ltr'>quas</span> <span class='ocrx_word' id='word_1_63' title='bbox 956 687 1002 705; x_wconf 77' lang='lat' dir='ltr'>vo-</span> 
     </span>
     <span class='ocr_line' id='line_1_13' title="bbox 291 721 1002 761; baseline -0.01 -4"><span class='ocrx_word' id='word_1_64' title='bbox 291 730 359 757; x_wconf 86' lang='lat' dir='ltr'>cant</span> <span class='ocrx_word' id='word_1_65' title='bbox 389 725 593 756; x_wconf 86' lang='lat' dir='ltr'>dominicatas.</span> <span class='ocrx_word' id='word_1_66' title='bbox 625 740 664 746; x_wconf 91' lang='lat'><strong>—</strong></span> <span class='ocrx_word' id='word_1_67' title='bbox 691 722 834 761; x_wconf 74' lang='lat' dir='ltr'>Episcopo</span> <span class='ocrx_word' id='word_1_68' title='bbox 869 722 928 751; x_wconf 76' lang='lat' dir='ltr'>sota</span> <span class='ocrx_word' id='word_1_69' title='bbox 959 721 1002 750; x_wconf 77' lang='lat' dir='ltr'>fa-</span> 
     </span>
     <span class='ocr_line' id='line_1_14' title="bbox 290 766 1001 807; baseline -0.008 -7"><span class='ocrx_word' id='word_1_70' title='bbox 290 770 385 800; x_wconf 89' lang='lat' dir='ltr'>cultas</span> <span class='ocrx_word' id='word_1_71' title='bbox 414 770 454 798; x_wconf 91' lang='lat' dir='ltr'>sit</span> <span class='ocrx_word' id='word_1_72' title='bbox 485 768 660 807; x_wconf 88' lang='lat' dir='ltr'>procedendi</span> <span class='ocrx_word' id='word_1_73' title='bbox 689 771 788 796; x_wconf 89' lang='lat' dir='ltr'>contra</span> <span class='ocrx_word' id='word_1_74' title='bbox 816 766 1001 805; x_wconf 71' lang='lat' dir='ltr'>presbyteros</span> 
     </span>
     <span class='ocr_line' id='line_1_15' title="bbox 291 811 1003 844; baseline -0.007 0"><span class='ocrx_word' id='word_1_75' title='bbox 291 814 497 844; x_wconf 73' lang='lat' dir='ltr'>refractarios:</span> <span class='ocrx_word' id='word_1_76' title='bbox 518 830 558 836; x_wconf 90' lang='lat'>-—-</span> <span class='ocrx_word' id='word_1_77' title='bbox 575 812 679 842; x_wconf 82' lang='lat' dir='ltr'>Curam</span> <span class='ocrx_word' id='word_1_78' title='bbox 700 812 864 841; x_wconf 77' lang='lat' dir='ltr'>animarum</span> <span class='ocrx_word' id='word_1_79' title='bbox 885 811 928 839; x_wconf 82' lang='lat' dir='ltr'>eis</span> <span class='ocrx_word' id='word_1_80' title='bbox 947 811 1003 840; x_wconf 88' lang='lat' dir='ltr'>im-</span> 
     </span>
     <span class='ocr_line' id='line_1_16' title="bbox 292 856 1000 899; baseline -0.007 -11"><span class='ocrx_word' id='word_1_81' title='bbox 292 858 458 899; x_wconf 78' lang='lat' dir='ltr'>pertiendi,</span> <span class='ocrx_word' id='word_1_82' title='bbox 488 862 515 887; x_wconf 86' lang='lat' dir='ltr'>et</span> <span class='ocrx_word' id='word_1_83' title='bbox 543 857 684 887; x_wconf 84' lang='lat' dir='ltr'>ecclesias</span> <span class='ocrx_word' id='word_1_84' title='bbox 713 856 924 890; x_wconf 72' lang='lat' dir='ltr'>consecrandi3</span> <span class='ocrx_word' id='word_1_85' title='bbox 951 856 1000 884; x_wconf 79' lang='lat' dir='ltr'>scd</span> 
     </span>
     <span class='ocr_line' id='line_1_17' title="bbox 293 900 1003 942; baseline -0.007 -9"><span class='ocrx_word' id='word_1_86' title='bbox 293 903 356 933; x_wconf 85' lang='lat' dir='ltr'>sine</span> <span class='ocrx_word' id='word_1_87' title='bbox 378 903 483 942; x_wconf 82' lang='lat' dir='ltr'>pretio:</span> <span class='ocrx_word' id='word_1_88' title='bbox 498 919 537 924; x_wconf 96' lang='lat'><strong>—</strong></span> <span class='ocrx_word' id='word_1_89' title='bbox 555 901 632 931; x_wconf 80' lang='lat' dir='ltr'>Bona</span> <span class='ocrx_word' id='word_1_90' title='bbox 652 901 760 936; x_wconf 82' lang='lat' dir='ltr'>omnia,</span> <span class='ocrx_word' id='word_1_91' title='bbox 776 900 819 929; x_wconf 85' lang='lat' dir='ltr'>vel</span> <span class='ocrx_word' id='word_1_92' title='bbox 842 909 917 938; x_wconf 82' lang='lat' dir='ltr'>quac</span> <span class='ocrx_word' id='word_1_93' title='bbox 935 908 1003 938; x_wconf 90' lang='lat' dir='ltr'>pos-</span> 
     </span>
     <span class='ocr_line' id='line_1_18' title="bbox 292 944 1001 983; baseline -0.006 -6"><span class='ocrx_word' id='word_1_94' title='bbox 292 947 369 977; x_wconf 84' lang='lat' dir='ltr'>sidet</span> <span class='ocrx_word' id='word_1_95' title='bbox 398 947 611 976; x_wconf 79' lang='lat' dir='ltr'>monasterium</span> <span class='ocrx_word' id='word_1_96' title='bbox 634 944 780 981; x_wconf 60' lang='lat' dir='ltr'>Cluniae„</span> <span class='ocrx_word' id='word_1_97' title='bbox 809 944 850 973; x_wconf 80' lang='lat' dir='ltr'>vel</span> <span class='ocrx_word' id='word_1_98' title='bbox 875 954 949 983; x_wconf 71' lang='lat' dir='ltr'>quae</span> <span class='ocrx_word' id='word_1_99' title='bbox 973 944 1001 973; x_wconf 89' lang='lat' dir='ltr'>in</span> 
     </span>
     <span class='ocr_line' id='line_1_19' title="bbox 292 988 1002 1030; baseline -0.007 -9"><span class='ocrx_word' id='word_1_100' title='bbox 292 991 423 1021; x_wconf 80' lang='lat' dir='ltr'>futurum</span> <span class='ocrx_word' id='word_1_101' title='bbox 442 991 580 1030; x_wconf 86' lang='lat' dir='ltr'>adeptum</span> <span class='ocrx_word' id='word_1_102' title='bbox 596 989 693 1025; x_wconf 84' lang='lat' dir='ltr'>suerit,</span> <span class='ocrx_word' id='word_1_103' title='bbox 710 989 805 1018; x_wconf 81' lang='lat' dir='ltr'>cidem</span> <span class='ocrx_word' id='word_1_104' title='bbox 825 988 1002 1017; x_wconf 80' lang='lat' dir='ltr'>contii-man-</span> 
     </span>
     <span class='ocr_line' id='line_1_20' title="bbox 291 1032 1001 1074; baseline -0.007 -8"><span class='ocrx_word' id='word_1_105' title='bbox 291 1041 347 1067; x_wconf 87' lang='lat' dir='ltr'>tur.</span> <span class='ocrx_word' id='word_1_106' title='bbox 369 1052 409 1058; x_wconf 97' lang='lat'><strong>—</strong></span> <span class='ocrx_word' id='word_1_107' title='bbox 429 1034 460 1064; x_wconf 91' lang='lat' dir='ltr'>ln</span> <span class='ocrx_word' id='word_1_108' title='bbox 483 1034 643 1074; x_wconf 84' lang='lat' dir='ltr'>parochiis,</span> <span class='ocrx_word' id='word_1_109' title='bbox 661 1034 697 1063; x_wconf 91' lang='lat' dir='ltr'>ad</span> <span class='ocrx_word' id='word_1_110' title='bbox 721 1034 766 1062; x_wconf 89' lang='lat' dir='ltr'>ius</span> <span class='ocrx_word' id='word_1_111' title='bbox 783 1032 912 1062; x_wconf 72' lang='lat' dir='ltr'>Cluniae.</span> <span class='ocrx_word' id='word_1_112' title='bbox 936 1042 1001 1062; x_wconf 92' lang='lat' dir='ltr'>mo-</span> 
     </span>
     <span class='ocr_line' id='line_1_21' title="bbox 291 1077 1003 1118; baseline -0.007 -8"><span class='ocrx_word' id='word_1_113' title='bbox 291 1080 412 1111; x_wconf 87' lang='lat' dir='ltr'>nasterii</span> <span class='ocrx_word' id='word_1_114' title='bbox 435 1079 654 1118; x_wconf 79' lang='lat' dir='ltr'>spectantibus,</span> <span class='ocrx_word' id='word_1_115' title='bbox 686 1087 740 1107; x_wconf 83' lang='lat' dir='ltr'>nec</span> <span class='ocrx_word' id='word_1_116' title='bbox 768 1077 917 1107; x_wconf 72' lang='lat' dir='ltr'>Ecclesiae</span> <span class='ocrx_word' id='word_1_117' title='bbox 950 1086 1003 1105; x_wconf 85' lang='lat' dir='ltr'>nec</span> 
     </span>
     <span class='ocr_line' id='line_1_22' title="bbox 293 1121 1004 1164; baseline -0.008 -9"><span class='ocrx_word' id='word_1_118' title='bbox 293 1124 423 1164; x_wconf 80' lang='lat' dir='ltr'>capellae</span> <span class='ocrx_word' id='word_1_119' title='bbox 464 1123 576 1163; x_wconf 86' lang='lat' dir='ltr'>absque</span> <span class='ocrx_word' id='word_1_120' title='bbox 607 1122 722 1152; x_wconf 87' lang='lat' dir='ltr'>abbatis</span> <span class='ocrx_word' id='word_1_121' title='bbox 755 1122 872 1151; x_wconf 85' lang='lat' dir='ltr'>licentia</span> <span class='ocrx_word' id='word_1_122' title='bbox 901 1121 1004 1150; x_wconf 81' lang='lat' dir='ltr'>aediti-</span> 
     </span>
     <span class='ocr_line' id='line_1_23' title="bbox 292 1166 1001 1204; baseline -0.01 -3"><span class='ocrx_word' id='word_1_123' title='bbox 292 1171 412 1201; x_wconf 80' lang='lat' dir='ltr'>candae.</span> <span class='ocrx_word' id='word_1_124' title='bbox 432 1186 473 1192; x_wconf 92' lang='lat'>—</span> <span class='ocrx_word' id='word_1_125' title='bbox 493 1169 646 1199; x_wconf 85' lang='lat' dir='ltr'>Decretum</span> <span class='ocrx_word' id='word_1_126' title='bbox 670 1166 865 1197; x_wconf 87' lang='lat' dir='ltr'>immunitatis</span> <span class='ocrx_word' id='word_1_127' title='bbox 888 1175 902 1195; x_wconf 84' lang='lat' dir='ltr'>a</span> <span class='ocrx_word' id='word_1_128' title='bbox 926 1174 1001 1204; x_wconf 89' lang='lat' dir='ltr'>qua-</span> 
     </span>
     <span class='ocr_line' id='line_1_24' title="bbox 293 1212 1004 1254; baseline -0.01 -9"><span class='ocrx_word' id='word_1_129' title='bbox 293 1224 420 1254; x_wconf 89' lang='lat' dir='ltr'>cumque</span> <span class='ocrx_word' id='word_1_130' title='bbox 438 1213 581 1249; x_wconf 86' lang='lat' dir='ltr'>molestia‚</span> <span class='ocrx_word' id='word_1_131' title='bbox 599 1213 635 1249; x_wconf 85' lang='lat' dir='ltr'>vi,</span> <span class='ocrx_word' id='word_1_132' title='bbox 656 1212 861 1247; x_wconf 83' lang='lat' dir='ltr'>diminutione,</span> <span class='ocrx_word' id='word_1_133' title='bbox 881 1214 935 1239; x_wconf 83' lang='lat' dir='ltr'>etc.</span> <span class='ocrx_word' id='word_1_134' title='bbox 965 1227 1004 1232; x_wconf 97' lang='lat'><strong>—</strong></span> 
     </span>
     <span class='ocr_line' id='line_1_25' title="bbox 292 1254 1002 1296; baseline -0.008 -7"><span class='ocrx_word' id='word_1_135' title='bbox 292 1258 481 1290; x_wconf 86' lang='lat' dir='ltr'>Confirmatio</span> <span class='ocrx_word' id='word_1_136' title='bbox 517 1258 641 1296; x_wconf 75' lang='lat' dir='ltr'>paginae</span> <span class='ocrx_word' id='word_1_137' title='bbox 678 1256 766 1285; x_wconf 85' lang='lat' dir='ltr'>liuius</span> <span class='ocrx_word' id='word_1_138' title='bbox 801 1264 868 1285; x_wconf 84' lang='lat' dir='ltr'>cum</span> <span class='ocrx_word' id='word_1_139' title='bbox 909 1254 1002 1284; x_wconf 85' lang='lat' dir='ltr'>solitis</span> 
     </span>
     <span class='ocr_line' id='line_1_26' title="bbox 292 1298 1004 1334; baseline -0.006 -1"><span class='ocrx_word' id='word_1_140' title='bbox 292 1303 445 1334; x_wconf 81' lang='lat' dir='ltr'>clausulis.</span> <span class='ocrx_word' id='word_1_141' title='bbox 461 1318 501 1324; x_wconf 93' lang='lat'>—</span> <span class='ocrx_word' id='word_1_142' title='bbox 519 1301 600 1331; x_wconf 87' lang='lat' dir='ltr'>Lucii</span> <span class='ocrx_word' id='word_1_143' title='bbox 622 1300 676 1329; x_wconf 84' lang='lat' dir='ltr'>I&#39;P.</span> <span class='ocrx_word' id='word_1_144' title='bbox 695 1304 723 1329; x_wconf 93' lang='lat' dir='ltr'>et</span> <span class='ocrx_word' id='word_1_145' title='bbox 745 1299 773 1329; x_wconf 87' lang='lat' dir='ltr'>S.</span> <span class='ocrx_word' id='word_1_146' title='bbox 797 1298 829 1328; x_wconf 77' lang='lat' dir='ltr'>t‘..</span> <span class='ocrx_word' id='word_1_147' title='bbox 853 1298 1004 1329; x_wconf 79' lang='lat' dir='ltr'>Ecclesiae</span> 
     </span>
     <span class='ocr_line' id='line_1_27' title="bbox 292 1344 754 1383; baseline -0.011 -5"><span class='ocrx_word' id='word_1_148' title='bbox 292 1347 486 1378; x_wconf 82' lang='lat' dir='ltr'>cardinalium</span> <span class='ocrx_word' id='word_1_149' title='bbox 510 1344 754 1383; x_wconf 74' lang='lat' dir='ltr'>subscriptiones.</span> 
     </span>
    </p>
   </div>
   <div class='ocr_carea' id='block_1_4' title="bbox 1020 279 1026 1475">
    <p class='ocr_par' dir='ltr' id='par_1_4' title="bbox 1020 279 1026 1475">
     <span class='ocr_line' id='line_1_28' title="bbox 1020 279 1026 1475; baseline 0 0"><span class='ocrx_word' id='word_1_150' title='bbox 1020 279 1026 1475; x_wconf 95' lang='lat' dir='ltr'> </span> 
     </span>
    </p>
   </div>
   <div class='ocr_carea' id='block_1_5' title="bbox 252 1401 1003 1532">
    <p class='ocr_par' dir='ltr' id='par_1_5' title="bbox 252 1401 1003 1532">
     <span class='ocr_line' id='line_1_29' title="bbox 252 1401 1003 1444; baseline -0.009 -8"><span class='ocrx_word' id='word_1_151' title='bbox 252 1405 336 1436; x_wconf 78' lang='lat' dir='ltr'>Lucius</span> <span class='ocrx_word' id='word_1_152' title='bbox 358 1405 478 1444; x_wconf 82' lang='lat' dir='ltr'>episcopus</span> <span class='ocrx_word' id='word_1_153' title='bbox 512 1411 588 1433; x_wconf 85' lang='lat' dir='ltr'>servus</span> <span class='ocrx_word' id='word_1_154' title='bbox 619 1411 735 1431; x_wconf 84' lang='lat' dir='ltr'>servorum</span> <span class='ocrx_word' id='word_1_155' title='bbox 767 1401 818 1439; x_wconf 76' lang='lat' dir='ltr'>Dei,</span> <span class='ocrx_word' id='word_1_156' title='bbox 841 1401 957 1430; x_wconf 79' lang='lat' dir='ltr'>rarissimo</span> <span class='ocrx_word' id='word_1_157' title='bbox 981 1401 1003 1430; x_wconf 90' lang='lat' dir='ltr'>in</span> 
     </span>
     <span class='ocr_line' id='line_1_30' title="bbox 291 1445 1002 1484; baseline -0.007 -4"><span class='ocrx_word' id='word_1_158' title='bbox 291 1449 381 1480; x_wconf 84' lang='lat' dir='ltr'>Christo</span> <span class='ocrx_word' id='word_1_159' title='bbox 402 1448 452 1478; x_wconf 84' lang='lat' dir='ltr'>titio</span> <span class='ocrx_word' id='word_1_160' title='bbox 473 1447 541 1477; x_wconf 79' lang='lat' dir='ltr'>Petro</span> <span class='ocrx_word' id='word_1_161' title='bbox 563 1446 709 1476; x_wconf 83' lang='lat' dir='ltr'>Cluuiaccnsi</span> <span class='ocrx_word' id='word_1_162' title='bbox 725 1445 812 1483; x_wconf 65' lang='lat' dir='ltr'>abbati,</span> <span class='ocrx_word' id='word_1_163' title='bbox 836 1446 930 1484; x_wconf 74' lang='lat' dir='ltr'>eiusque</span> <span class='ocrx_word' id='word_1_164' title='bbox 952 1454 1002 1475; x_wconf 88' lang='lat' dir='ltr'>suc·</span> 
     </span>
     <span class='ocr_line' id='line_1_31' title="bbox 291 1491 1002 1532; baseline -0.008 -7"><span class='ocrx_word' id='word_1_165' title='bbox 291 1493 419 1532; x_wconf 64' lang='lat' dir='ltr'>oessoribus</span> <span class='ocrx_word' id='word_1_166' title='bbox 448 1493 587 1532; x_wconf 78' lang='lat' dir='ltr'>regulariter</span> <span class='ocrx_word' id='word_1_167' title='bbox 607 1491 782 1528; x_wconf 71' lang='lat' dir='ltr'>substituendis,</span> <span class='ocrx_word' id='word_1_168' title='bbox 807 1491 829 1520; x_wconf 93' lang='lat' dir='ltr'>in</span> <span class='ocrx_word' id='word_1_169' title='bbox 857 1495 1002 1530; x_wconf 73' lang='lat' dir='ltr'>perpetuum.</span> 
     </span>
    </p>
   </div>
   <div class='ocr_carea' id='block_1_6' title="bbox 21 1549 1014 2587">
    <p class='ocr_par' dir='ltr' id='par_1_6' title="bbox 21 1549 1006 1890">
     <span class='ocr_line' id='line_1_32' title="bbox 69 1549 1003 1601; baseline -0.004 -14"><span class='ocrx_word' id='word_1_170' title='bbox 69 1563 220 1601; x_wconf 38' lang='lat' dir='ltr'>iton-mertum</span> <span class='ocrx_word' id='word_1_171' title='bbox 303 1551 480 1598; x_wconf 84' lang='lat' dir='ltr'>Religionis</span> <span class='ocrx_word' id='word_1_172' title='bbox 506 1551 697 1586; x_wconf 85' lang='lat' dir='ltr'>monasticae</span> <span class='ocrx_word' id='word_1_173' title='bbox 723 1549 885 1585; x_wconf 85' lang='lat' dir='ltr'>modernis</span> <span class='ocrx_word' id='word_1_174' title='bbox 923 1558 1003 1584; x_wconf 92' lang='lat' dir='ltr'>tem-</span> 
     </span>
     <span class='ocr_line' id='line_1_33' title="bbox 57 1595 1004 1655; baseline -0.005 -18"><span class='ocrx_word' id='word_1_175' title='bbox 57 1595 241 1655; x_wconf 52' lang='lat' dir='ltr'>p‘ss&#39;ffl‘ssffssuss,</span> <span class='ocrx_word' id='word_1_176' title='bbox 256 1602 385 1650; x_wconf 88' lang='lat' dir='ltr'>poribus</span> <span class='ocrx_word' id='word_1_177' title='bbox 405 1600 584 1649; x_wconf 70' lang='lat' dir='ltr'>speculum,</span> <span class='ocrx_word' id='word_1_178' title='bbox 607 1608 636 1634; x_wconf 90' lang='lat' dir='ltr'>et</span> <span class='ocrx_word' id='word_1_179' title='bbox 659 1599 689 1633; x_wconf 93' lang='lat' dir='ltr'>in</span> <span class='ocrx_word' id='word_1_180' title='bbox 712 1598 886 1633; x_wconf 79' lang='lat' dir='ltr'>Galliarum</span> <span class='ocrx_word' id='word_1_181' title='bbox 912 1599 1004 1646; x_wconf 82' lang='lat' dir='ltr'>parti·</span> 
     </span>
     <span class='ocr_line' id='line_1_34' title="bbox 21 1647 1004 1690; baseline -0.006 -2"><span class='ocrx_word' id='word_1_182' title='bbox 21 1657 25 1662; x_wconf 81' lang='lat'>&#39;</span> <span class='ocrx_word' id='word_1_183' title='bbox 72 1658 156 1679; x_wconf 60' lang='lat' dir='ltr'>*tatione</span> <span class='ocrx_word' id='word_1_184' title='bbox 169 1655 220 1678; x_wconf 68' lang='lat'>⁵⁶⁶¹</span> <span class='ocrx_word' id='word_1_185' title='bbox 256 1652 316 1687; x_wconf 88' lang='lat' dir='ltr'>bus</span> <span class='ocrx_word' id='word_1_186' title='bbox 330 1651 570 1690; x_wconf 86' lang='lat' dir='ltr'>documentum,</span> <span class='ocrx_word' id='word_1_187' title='bbox 585 1649 674 1684; x_wconf 80' lang='lat' dir='ltr'>Beati</span> <span class='ocrx_word' id='word_1_188' title='bbox 694 1649 777 1683; x_wconf 87' lang='lat' dir='ltr'>Petri</span> <span class='ocrx_word' id='word_1_189' title='bbox 793 1647 1004 1683; x_wconf 84' lang='lat' dir='ltr'>Cluniacense</span> 
     </span>
     <span class='ocr_line' id='line_1_35' title="bbox 59 1698 1005 1746; baseline -0.01 -5"><span class='ocrx_word' id='word_1_190' title='bbox 59 1719 184 1741; x_wconf 71' lang='lat' dir='ltr'>subiectum:</span> <span class='ocrx_word' id='word_1_191' title='bbox 199 1721 243 1740; x_wconf 67' lang='lat' dir='ltr'>m</span> <span class='ocrx_word' id='word_1_192' title='bbox 256 1700 504 1740; x_wconf 81' lang='lat' dir='ltr'>monasterium,</span> <span class='ocrx_word' id='word_1_193' title='bbox 539 1699 579 1733; x_wconf 89' lang='lat' dir='ltr'>ab</span> <span class='ocrx_word' id='word_1_194' title='bbox 613 1699 681 1746; x_wconf 85' lang='lat' dir='ltr'>ipso</span> <span class='ocrx_word' id='word_1_195' title='bbox 708 1710 783 1733; x_wconf 84' lang='lat' dir='ltr'>suae</span> <span class='ocrx_word' id='word_1_196' title='bbox 812 1698 1005 1732; x_wconf 81' lang='lat' dir='ltr'>fundationis</span> 
     </span>
     <span class='ocr_line' id='line_1_36' title="bbox 59 1747 1002 1808; baseline -0.007 -21"><span class='ocrx_word' id='word_1_197' title='bbox 59 1749 242 1808; x_wconf 50' lang='lat' dir='ltr'>{ffiff&#39;pss&#39;i‘ffij</span> <span class='ocrx_word' id='word_1_198' title='bbox 255 1750 384 1787; x_wconf 85' lang='lat' dir='ltr'>exordio</span> <span class='ocrx_word' id='word_1_199' title='bbox 406 1749 480 1784; x_wconf 82' lang='lat' dir='ltr'>sedi</span> <span class='ocrx_word' id='word_1_200' title='bbox 508 1749 709 1795; x_wconf 85' lang='lat' dir='ltr'>Apostolicae</span> <span class='ocrx_word' id='word_1_201' title='bbox 725 1748 755 1782; x_wconf 93' lang='lat' dir='ltr'>in</span> <span class='ocrx_word' id='word_1_202' title='bbox 772 1747 820 1782; x_wconf 90' lang='lat' dir='ltr'>ius</span> <span class='ocrx_word' id='word_1_203' title='bbox 841 1748 1002 1794; x_wconf 80' lang='lat' dir='ltr'>proprium</span> 
     </span>
     <span class='ocr_line' id='line_1_37' title="bbox 61 1797 1005 1838; baseline -0.007 0"><span class='ocrx_word' id='word_1_204' title='bbox 61 1812 99 1838; x_wconf 74' lang='lat' dir='ltr'>tlt·</span> <span class='ocrx_word' id='word_1_205' title='bbox 117 1811 233 1833; x_wconf 71' lang='lat' dir='ltr'>donatum:</span> <span class='ocrx_word' id='word_1_206' title='bbox 256 1807 303 1836; x_wconf 90' lang='lat' dir='ltr'>est</span> <span class='ocrx_word' id='word_1_207' title='bbox 329 1799 480 1835; x_wconf 87' lang='lat' dir='ltr'>oblatum.</span> <span class='ocrx_word' id='word_1_208' title='bbox 508 1798 647 1833; x_wconf 86' lang='lat' dir='ltr'>Proinde</span> <span class='ocrx_word' id='word_1_209' title='bbox 675 1797 782 1831; x_wconf 86' lang='lat' dir='ltr'>Patres</span> <span class='ocrx_word' id='word_1_210' title='bbox 812 1798 908 1832; x_wconf 85' lang='lat' dir='ltr'>nostri</span> <span class='ocrx_word' id='word_1_211' title='bbox 932 1809 1005 1832; x_wconf 82' lang='lat' dir='ltr'>san-</span> 
     </span>
     <span class='ocr_line' id='line_1_38' title="bbox 256 1846 1006 1890; baseline -0.007 -5"><span class='ocrx_word' id='word_1_212' title='bbox 256 1857 324 1885; x_wconf 87' lang='lat' dir='ltr'>ctae</span> <span class='ocrx_word' id='word_1_213' title='bbox 347 1847 587 1887; x_wconf 76' lang='lat' dir='ltr'>recordatiouis,</span> <span class='ocrx_word' id='word_1_214' title='bbox 606 1847 739 1882; x_wconf 82' lang='lat' dir='ltr'>loannes</span> <span class='ocrx_word' id='word_1_215' title='bbox 752 1846 809 1890; x_wconf 76' lang='lat' dir='ltr'>xi,</span> <span class='ocrx_word' id='word_1_216' title='bbox 826 1847 898 1881; x_wconf 84' lang='lat' dir='ltr'>item</span> <span class='ocrx_word' id='word_1_217' title='bbox 919 1846 1006 1881; x_wconf 87' lang='lat' dir='ltr'>loan-</span> 
     </span>
    </p>

    <p class='ocr_par' dir='ltr' id='par_1_7' title="bbox 257 1896 1004 1944">
     <span class='ocr_line' id='line_1_39' title="bbox 257 1896 1004 1944; baseline -0.005 -10"><span class='ocrx_word' id='word_1_218' title='bbox 257 1911 314 1934; x_wconf 87' lang='lat' dir='ltr'>nes</span> <span class='ocrx_word' id='word_1_219' title='bbox 344 1897 441 1941; x_wconf 81' lang='lat' dir='ltr'>XIX,</span> <span class='ocrx_word' id='word_1_220' title='bbox 475 1897 631 1944; x_wconf 82' lang='lat' dir='ltr'>Agapitus</span> <span class='ocrx_word' id='word_1_221' title='bbox 658 1896 702 1935; x_wconf 78' lang='lat' dir='ltr'>ll,</span> <span class='ocrx_word' id='word_1_222' title='bbox 732 1896 922 1931; x_wconf 84' lang='lat' dir='ltr'>Benedictus</span> <span class='ocrx_word' id='word_1_223' title='bbox 952 1896 1004 1938; x_wconf 76' lang='lat' dir='ltr'>Vl,</span> 
     </span>
    </p>

    <p class='ocr_par' dir='ltr' id='par_1_8' title="bbox 258 1945 1003 1991">
     <span class='ocr_line' id='line_1_40' title="bbox 258 1945 1003 1991; baseline -0.005 -8"><span class='ocrx_word' id='word_1_224' title='bbox 258 1948 332 1983; x_wconf 91' lang='lat' dir='ltr'>item</span> <span class='ocrx_word' id='word_1_225' title='bbox 371 1946 563 1991; x_wconf 84' lang='lat' dir='ltr'>Benedictus</span> <span class='ocrx_word' id='word_1_226' title='bbox 601 1945 676 1986; x_wconf 85' lang='lat' dir='ltr'>Vll,</span> <span class='ocrx_word' id='word_1_227' title='bbox 715 1945 780 1980; x_wconf 86' lang='lat' dir='ltr'>Leo</span> <span class='ocrx_word' id='word_1_228' title='bbox 818 1945 890 1985; x_wconf 80' lang='lat' dir='ltr'>Vll,</span> <span class='ocrx_word' id='word_1_229' title='bbox 931 1946 1003 1980; x_wconf 86' lang='lat' dir='ltr'>item</span> 
     </span>
    </p>

    <p class='ocr_par' dir='ltr' id='par_1_9' title="bbox 218 1994 1007 2092">
     <span class='ocr_line' id='line_1_41' title="bbox 218 1994 1005 2041; baseline -0.005 -8"><span class='ocrx_word' id='word_1_230' title='bbox 218 2019 221 2021; x_wconf 92' lang='lat'>·</span> <span class='ocrx_word' id='word_1_231' title='bbox 257 1996 324 2032; x_wconf 90' lang='lat' dir='ltr'>Leo</span> <span class='ocrx_word' id='word_1_232' title='bbox 336 1996 393 2041; x_wconf 80' lang='lat' dir='ltr'>IX,</span> <span class='ocrx_word' id='word_1_233' title='bbox 405 1995 579 2041; x_wconf 84' lang='lat' dir='ltr'>Gregorius</span> <span class='ocrx_word' id='word_1_234' title='bbox 591 1995 645 2039; x_wconf 81' lang='lat' dir='ltr'>Vl,</span> <span class='ocrx_word' id='word_1_235' title='bbox 662 1995 733 2029; x_wconf 86' lang='lat' dir='ltr'>item</span> <span class='ocrx_word' id='word_1_236' title='bbox 749 1994 922 2041; x_wconf 72' lang='lat' dir='ltr'>Gregorius</span> <span class='ocrx_word' id='word_1_237' title='bbox 937 1994 1005 2040; x_wconf 80' lang='lat' dir='ltr'>Vll,</span> 
     </span>
     <span class='ocr_line' id='line_1_42' title="bbox 259 2044 1007 2092; baseline -0.003 -11"><span class='ocrx_word' id='word_1_238' title='bbox 259 2046 440 2081; x_wconf 85' lang='lat' dir='ltr'>Alexander</span> <span class='ocrx_word' id='word_1_239' title='bbox 461 2045 500 2090; x_wconf 79' lang='lat' dir='ltr'>ll,</span> <span class='ocrx_word' id='word_1_240' title='bbox 526 2044 720 2092; x_wconf 78' lang='lat' dir='ltr'>Stephanus,</span> <span class='ocrx_word' id='word_1_241' title='bbox 748 2044 853 2078; x_wconf 88' lang='lat' dir='ltr'>Victor</span> <span class='ocrx_word' id='word_1_242' title='bbox 873 2044 928 2086; x_wconf 86' lang='lat' dir='ltr'>Ill,</span> <span class='ocrx_word' id='word_1_243' title='bbox 949 2044 1007 2079; x_wconf 90' lang='lat' dir='ltr'>Ur-</span> 
     </span>
    </p>

    <p class='ocr_par' dir='ltr' id='par_1_10' title="bbox 259 2092 1007 2139">
     <span class='ocr_line' id='line_1_43' title="bbox 259 2092 1007 2139; baseline -0.005 -8"><span class='ocrx_word' id='word_1_244' title='bbox 259 2095 362 2131; x_wconf 88' lang='lat' dir='ltr'>banus</span> <span class='ocrx_word' id='word_1_245' title='bbox 389 2094 429 2139; x_wconf 81' lang='lat'>11,</span> <span class='ocrx_word' id='word_1_246' title='bbox 451 2094 612 2129; x_wconf 86' lang='lat' dir='ltr'>Pascbalis</span> <span class='ocrx_word' id='word_1_247' title='bbox 639 2093 677 2135; x_wconf 79' lang='grc' dir='ltr'>ΙΙ,</span> <span class='ocrx_word' id='word_1_248' title='bbox 705 2092 850 2128; x_wconf 84' lang='lat' dir='ltr'>Gelasius</span> <span class='ocrx_word' id='word_1_249' title='bbox 878 2094 916 2137; x_wconf 78' lang='grc' dir='ltr'>ΙΙ,</span> <span class='ocrx_word' id='word_1_250' title='bbox 945 2093 1007 2128; x_wconf 79' lang='lat' dir='ltr'>Ca-</span> 
     </span>
    </p>

    <p class='ocr_par' dir='ltr' id='par_1_11' title="bbox 260 2142 1008 2239">
     <span class='ocr_line' id='line_1_44' title="bbox 261 2142 1007 2185; baseline -0.001 -6"><span class='ocrx_word' id='word_1_251' title='bbox 261 2144 356 2180; x_wconf 86' lang='lat' dir='ltr'>lixtus</span> <span class='ocrx_word' id='word_1_252' title='bbox 375 2144 416 2185; x_wconf 81' lang='lat' dir='ltr'>ll,</span> <span class='ocrx_word' id='word_1_253' title='bbox 438 2143 598 2179; x_wconf 88' lang='lat' dir='ltr'>Honorius</span> <span class='ocrx_word' id='word_1_254' title='bbox 612 2142 650 2182; x_wconf 76' lang='lat' dir='ltr'>ll,</span> <span class='ocrx_word' id='word_1_255' title='bbox 669 2143 830 2178; x_wconf 84' lang='lat' dir='ltr'>Ecclesiae</span> <span class='ocrx_word' id='word_1_256' title='bbox 846 2143 1007 2178; x_wconf 82' lang='lat' dir='ltr'>Romanae</span> 
     </span>
     <span class='ocr_line' id='line_1_45' title="bbox 260 2192 1008 2239; baseline -0.004 -10"><span class='ocrx_word' id='word_1_257' title='bbox 260 2193 444 2235; x_wconf 81' lang='lat' dir='ltr'>Pontifices,</span> <span class='ocrx_word' id='word_1_258' title='bbox 466 2193 570 2228; x_wconf 91' lang='lat' dir='ltr'>locum</span> <span class='ocrx_word' id='word_1_259' title='bbox 598 2193 701 2239; x_wconf 88' lang='lat' dir='ltr'>ipsum</span> <span class='ocrx_word' id='word_1_260' title='bbox 729 2192 895 2239; x_wconf 84' lang='lat' dir='ltr'>singularis</span> <span class='ocrx_word' id='word_1_261' title='bbox 927 2192 1008 2227; x_wconf 88' lang='lat' dir='ltr'>dile-</span> 
     </span>
    </p>

    <p class='ocr_par' dir='ltr' id='par_1_12' title="bbox 262 2242 1008 2288">
     <span class='ocr_line' id='line_1_46' title="bbox 262 2242 1008 2288; baseline -0.001 -11"><span class='ocrx_word' id='word_1_262' title='bbox 262 2243 387 2284; x_wconf 90' lang='lat' dir='ltr'>ctionis,</span> <span class='ocrx_word' id='word_1_263' title='bbox 401 2254 437 2277; x_wconf 86' lang='lat' dir='ltr'>ac</span> <span class='ocrx_word' id='word_1_264' title='bbox 450 2242 600 2277; x_wconf 83' lang='lat' dir='ltr'>libertatis</span> <span class='ocrx_word' id='word_1_265' title='bbox 615 2244 826 2288; x_wconf 82' lang='lat' dir='ltr'>praerogativa</span> <span class='ocrx_word' id='word_1_266' title='bbox 840 2242 1008 2283; x_wconf 76' lang='lat' dir='ltr'>donarunt,</span> 
     </span>
    </p>

    <p class='ocr_par' dir='ltr' id='par_1_13' title="bbox 263 2291 1008 2338">
     <span class='ocr_line' id='line_1_47' title="bbox 263 2291 1008 2338; baseline -0.001 -11"><span class='ocrx_word' id='word_1_267' title='bbox 263 2299 295 2327; x_wconf 89' lang='lat' dir='ltr'>et</span> <span class='ocrx_word' id='word_1_268' title='bbox 320 2292 465 2327; x_wconf 89' lang='lat' dir='ltr'>universa</span> <span class='ocrx_word' id='word_1_269' title='bbox 499 2292 526 2326; x_wconf 89' lang='lat' dir='ltr'>ei</span> <span class='ocrx_word' id='word_1_270' title='bbox 559 2291 744 2338; x_wconf 87' lang='lat' dir='ltr'>pertinentia</span> <span class='ocrx_word' id='word_1_271' title='bbox 775 2291 1008 2338; x_wconf 80' lang='lat' dir='ltr'>privilegiorum</span> 
     </span>
    </p>

    <p class='ocr_par' dir='ltr' id='par_1_14' title="bbox 263 2341 1009 2381">
     <span class='ocr_line' id='line_1_48' title="bbox 263 2341 1009 2381; baseline -0.001 -4"><span class='ocrx_word' id='word_1_272' title='bbox 263 2353 391 2377; x_wconf 88' lang='lat' dir='ltr'>suorum</span> <span class='ocrx_word' id='word_1_273' title='bbox 408 2341 622 2376; x_wconf 89' lang='lat' dir='ltr'>sanctionibus</span> <span class='ocrx_word' id='word_1_274' title='bbox 638 2341 847 2381; x_wconf 78' lang='lat' dir='ltr'>muniverunt;</span> <span class='ocrx_word' id='word_1_275' title='bbox 860 2349 1009 2376; x_wconf 85' lang='lat' dir='ltr'>statutum</span> 
     </span>
    </p>

    <p class='ocr_par' dir='ltr' id='par_1_15' title="bbox 71 2390 1014 2587">
     <span class='ocr_line' id='line_1_49' title="bbox 71 2390 1010 2449; baseline -0.002 -22"><span class='ocrx_word' id='word_1_276' title='bbox 71 2396 174 2449; x_wconf 45' lang='lat'>3¹:332</span> <span class='ocrx_word' id='word_1_277' title='bbox 186 2395 253 2448; x_wconf 47' lang='lat' dir='ltr'>¹²3²ss</span> <span class='ocrx_word' id='word_1_278' title='bbox 265 2397 312 2426; x_wconf 86' lang='lat' dir='ltr'>est</span> <span class='ocrx_word' id='word_1_279' title='bbox 329 2390 425 2432; x_wconf 79' lang='lat' dir='ltr'>enim⁷</span> <span class='ocrx_word' id='word_1_280' title='bbox 449 2398 482 2425; x_wconf 92' lang='lat' dir='ltr'>ut</span> <span class='ocrx_word' id='word_1_281' title='bbox 503 2390 655 2425; x_wconf 88' lang='lat' dir='ltr'>ecclesiae</span> <span class='ocrx_word' id='word_1_282' title='bbox 673 2402 796 2434; x_wconf 83' lang='lat' dir='ltr'>omnes,</span> <span class='ocrx_word' id='word_1_283' title='bbox 818 2391 1010 2436; x_wconf 75' lang='lat' dir='ltr'>coemiteria,</span> 
     </span>
     <span class='ocr_line' id='line_1_50' title="bbox 72 2439 1011 2486; baseline -0.005 -6"><span class='ocrx_word' id='word_1_284' title='bbox 72 2440 432 2486; x_wconf 45' lang='lat' dir='ltr'>inmundaeotmonachi,</span> <span class='ocrx_word' id='word_1_285' title='bbox 467 2440 571 2474; x_wconf 87' lang='lat' dir='ltr'>clerici</span> <span class='ocrx_word' id='word_1_286' title='bbox 598 2448 629 2474; x_wconf 95' lang='lat' dir='ltr'>et</span> <span class='ocrx_word' id='word_1_287' title='bbox 661 2439 728 2474; x_wconf 85' lang='lat' dir='ltr'>laici</span> <span class='ocrx_word' id='word_1_288' title='bbox 758 2440 906 2481; x_wconf 80' lang='lat' dir='ltr'>universi,</span> <span class='ocrx_word' id='word_1_289' title='bbox 935 2440 1011 2475; x_wconf 78' lang='lat' dir='ltr'>infra</span> 
     </span>
     <span class='ocr_line' id='line_1_51' title="bbox 74 2487 1012 2542; baseline -0.001 -17"><span class='ocrx_word' id='word_1_290' title='bbox 74 2489 186 2542; x_wconf 42' lang='lat' dir='ltr'>&#39;³22²‘ngss</span> <span class='ocrx_word' id='word_1_291' title='bbox 198 2487 254 2541; x_wconf 48' lang='lat' dir='ltr'>{2³ss}</span> <span class='ocrx_word' id='word_1_292' title='bbox 268 2491 419 2525; x_wconf 88' lang='lat' dir='ltr'>terminos</span> <span class='ocrx_word' id='word_1_293' title='bbox 453 2489 639 2533; x_wconf 69' lang='lat' dir='ltr'>habitantes,</span> <span class='ocrx_word' id='word_1_294' title='bbox 666 2489 719 2536; x_wconf 88' lang='lat' dir='ltr'>qui</span> <span class='ocrx_word' id='word_1_295' title='bbox 748 2497 857 2524; x_wconf 88' lang='lat' dir='ltr'>sunta</span> <span class='ocrx_word' id='word_1_296' title='bbox 881 2491 947 2524; x_wconf 86' lang='lat' dir='ltr'>rivo</span> <span class='ocrx_word' id='word_1_297' title='bbox 974 2490 1012 2524; x_wconf 91' lang='lat' dir='ltr'>de</span> 
     </span>
     <span class='ocr_line' id='line_1_52' title="bbox 267 2538 1014 2587; baseline 0 -13"><span class='ocrx_word' id='word_1_298' title='bbox 267 2539 381 2587; x_wconf 81' lang='lat' dir='ltr'>Salnay</span> <span class='ocrx_word' id='word_1_299' title='bbox 410 2547 440 2573; x_wconf 90' lang='lat' dir='ltr'>et</span> <span class='ocrx_word' id='word_1_300' title='bbox 465 2538 505 2573; x_wconf 86' lang='lat' dir='ltr'>ab</span> <span class='ocrx_word' id='word_1_301' title='bbox 540 2538 671 2573; x_wconf 87' lang='lat' dir='ltr'>ecclesia</span> <span class='ocrx_word' id='word_1_302' title='bbox 699 2538 821 2574; x_wconf 84' lang='lat' dir='ltr'>Ruiiaci</span> <span class='ocrx_word' id='word_1_303' title='bbox 855 2547 885 2573; x_wconf 85' lang='lat' dir='ltr'>et</span> <span class='ocrx_word' id='word_1_304' title='bbox 911 2538 1014 2574; x_wconf 87' lang='lat' dir='ltr'>Cruce</span> 
     </span>
    </p>
   </div>
   <div class='ocr_carea' id='block_1_7' title="bbox 73 2550 1037 2637">
    <p class='ocr_par' dir='ltr' id='par_1_16' title="bbox 73 2550 1037 2637">
     <span class='ocr_line' id='line_1_53' title="bbox 73 2550 204 2578; baseline -0.015 -6"><span class='ocrx_word' id='word_1_305' title='bbox 73 2550 119 2572; x_wconf 75' lang='lat' dir='ltr'>dem</span> <span class='ocrx_word' id='word_1_306' title='bbox 134 2551 204 2578; x_wconf 74' lang='lat' dir='ltr'>postu.</span> 
     </span>
     <span class='ocr_line' id='line_1_54' title="bbox 268 2587 1037 2637; baseline -0.003 -13"><span class='ocrx_word' id='word_1_307' title='bbox 268 2588 308 2624; x_wconf 89' lang='lat' dir='ltr'>de</span> <span class='ocrx_word' id='word_1_308' title='bbox 325 2587 480 2623; x_wconf 85' lang='lat' dir='ltr'>Lornant:</span> <span class='ocrx_word' id='word_1_309' title='bbox 502 2600 517 2623; x_wconf 92' lang='lat' dir='ltr'>a</span> <span class='ocrx_word' id='word_1_310' title='bbox 533 2588 667 2623; x_wconf 87' lang='lat' dir='ltr'>termino</span> <span class='ocrx_word' id='word_1_311' title='bbox 693 2600 820 2635; x_wconf 84' lang='lat' dir='ltr'>quoque</span> <span class='ocrx_word' id='word_1_312' title='bbox 843 2588 1011 2623; x_wconf 73' lang='lat' dir='ltr'>molendini</span> <span class='ocrx_word' id='word_1_313' title='bbox 1032 2621 1037 2637; x_wconf 41' lang='grc' dir='ltr'><strong><em>Δ</em></strong></span> 
     </span>
    </p>
   </div>
   <div class='ocr_carea' id='block_1_8' title="bbox 1677 206 1746 239">
    <p class='ocr_par' dir='ltr' id='par_1_17' title="bbox 1677 206 1746 239">
     <span class='ocr_line' id='line_1_55' title="bbox 1677 206 1746 239; baseline 0.014 -1"><span class='ocrx_word' id='word_1_314' title='bbox 1677 207 1693 238; x_wconf 61' lang='lat' dir='ltr'><em>A</em></span> <span class='ocrx_word' id='word_1_315' title='bbox 1702 206 1746 239; x_wconf 79' lang='grc'>99</span> 
     </span>
    </p>
   </div>
   <div class='ocr_carea' id='block_1_9' title="bbox 1041 270 1992 2637">
    <p class='ocr_par' dir='ltr' id='par_1_18' title="bbox 1041 270 1992 1745">
     <span class='ocr_line' id='line_1_56' title="bbox 1041 270 1797 322; baseline -0.009 -12"><span class='ocrx_word' id='word_1_316' title='bbox 1041 278 1079 311; x_wconf 75' lang='lat' dir='ltr'>de</span> <span class='ocrx_word' id='word_1_317' title='bbox 1114 277 1286 315; x_wconf 53' lang='lat' dir='ltr'>&#39;Porrimam</span> <span class='ocrx_word' id='word_1_318' title='bbox 1315 287 1371 322; x_wconf 87' lang='lat' dir='ltr'>per</span> <span class='ocrx_word' id='word_1_319' title='bbox 1402 272 1527 315; x_wconf 62' lang='lat' dir='ltr'>villam,</span> <span class='ocrx_word' id='word_1_320' title='bbox 1562 282 1641 318; x_wconf 83' lang='lat' dir='ltr'>quac</span> <span class='ocrx_word' id='word_1_321' title='bbox 1680 270 1797 304; x_wconf 88' lang='lat' dir='ltr'>dicitur</span> 
     </span>
     <span class='ocr_line' id='line_1_57' title="bbox 1042 321 1797 365; baseline -0.011 -5"><span class='ocrx_word' id='word_1_322' title='bbox 1042 326 1213 365; x_wconf 75' lang='lat' dir='ltr'>Warennn,</span> <span class='ocrx_word' id='word_1_323' title='bbox 1244 337 1314 358; x_wconf 82' lang='lat' dir='ltr'>rum</span> <span class='ocrx_word' id='word_1_324' title='bbox 1340 335 1467 358; x_wconf 83' lang='lat' dir='ltr'>nemore</span> <span class='ocrx_word' id='word_1_325' title='bbox 1491 321 1660 355; x_wconf 78' lang='lat' dir='ltr'>Burserio:</span> <span class='ocrx_word' id='word_1_326' title='bbox 1689 332 1704 354; x_wconf 90' lang='lat' dir='ltr'>a</span> <span class='ocrx_word' id='word_1_327' title='bbox 1734 329 1797 353; x_wconf 83' lang='lat' dir='ltr'>ter-</span> 
     </span>
     <span class='ocr_line' id='line_1_58' title="bbox 1043 369 1793 420; baseline -0.009 -11"><span class='ocrx_word' id='word_1_328' title='bbox 1043 376 1129 409; x_wconf 87' lang='lat' dir='ltr'>mino</span> <span class='ocrx_word' id='word_1_329' title='bbox 1152 376 1257 409; x_wconf 73' lang='lat' dir='ltr'>etiam,</span> <span class='ocrx_word' id='word_1_330' title='bbox 1275 373 1327 420; x_wconf 75' lang='lat' dir='ltr'>qui</span> <span class='ocrx_word' id='word_1_331' title='bbox 1345 373 1460 407; x_wconf 90' lang='lat' dir='ltr'>dicitur</span> <span class='ocrx_word' id='word_1_332' title='bbox 1476 371 1615 410; x_wconf 64' lang='lat' dir='ltr'>Pet-roio,</span> <span class='ocrx_word' id='word_1_333' title='bbox 1639 369 1676 403; x_wconf 87' lang='lat' dir='ltr'>ad</span> <span class='ocrx_word' id='word_1_334' title='bbox 1695 370 1793 403; x_wconf 89' lang='lat' dir='ltr'>rivum</span> 
     </span>
     <span class='ocr_line' id='line_1_59' title="bbox 1044 420 1793 470; baseline -0.007 -13"><span class='ocrx_word' id='word_1_335' title='bbox 1044 437 1142 470; x_wconf 65' lang='lat' dir='ltr'>usque</span> <span class='ocrx_word' id='word_1_336' title='bbox 1171 427 1209 456; x_wconf 65' lang='lat' dir='ltr'>de</span> <span class='ocrx_word' id='word_1_337' title='bbox 1231 424 1360 470; x_wconf 65' lang='lat' dir='ltr'>Sattiay,</span> <span class='ocrx_word' id='word_1_338' title='bbox 1376 422 1436 456; x_wconf 77' lang='lat' dir='ltr'>sul)</span> <span class='ocrx_word' id='word_1_339' title='bbox 1453 420 1653 467; x_wconf 59' lang='lat' dir='ltr'>Apostolicao</span> <span class='ocrx_word' id='word_1_340' title='bbox 1674 427 1793 453; x_wconf 85' lang='lat' dir='ltr'>tamum</span> 
     </span>
     <span class='ocr_line' id='line_1_60' title="bbox 1041 467 1795 516; baseline -0.007 -9"><span class='ocrx_word' id='word_1_341' title='bbox 1041 473 1135 507; x_wconf 71' lang='lat' dir='ltr'>Sedis</span> <span class='ocrx_word' id='word_1_342' title='bbox 1172 474 1237 506; x_wconf 77' lang='lat' dir='ltr'>iurt·</span> <span class='ocrx_word' id='word_1_343' title='bbox 1272 484 1308 506; x_wconf 86' lang='lat' dir='ltr'>ac</span> <span class='ocrx_word' id='word_1_344' title='bbox 1337 471 1465 505; x_wconf 79' lang='lat' dir='ltr'>tuitione</span> <span class='ocrx_word' id='word_1_345' title='bbox 1495 476 1708 516; x_wconf 78' lang='lat' dir='ltr'>permaneant.</span> <span class='ocrx_word' id='word_1_346' title='bbox 1737 467 1795 502; x_wconf 81' lang='lat' dir='ltr'>Ne-</span> 
     </span>
     <span class='ocr_line' id='line_1_61' title="bbox 1042 517 1794 569; baseline -0.008 -14"><span class='ocrx_word' id='word_1_347' title='bbox 1042 535 1103 569; x_wconf 68' lang='lat' dir='ltr'>que.</span> <span class='ocrx_word' id='word_1_348' title='bbox 1139 523 1240 568; x_wconf 60' lang='lat' dir='ltr'>ipsius</span> <span class='ocrx_word' id='word_1_349' title='bbox 1272 520 1492 555; x_wconf 68' lang='lat' dir='ltr'>Cluuiaceusis</span> <span class='ocrx_word' id='word_1_350' title='bbox 1521 519 1578 552; x_wconf 84' lang='lat' dir='ltr'>loci</span> <span class='ocrx_word' id='word_1_351' title='bbox 1609 517 1794 564; x_wconf 69' lang='lat' dir='ltr'>presbytcri,</span> 
     </span>
     <span class='ocr_line' id='line_1_62' title="bbox 1042 567 1792 615; baseline -0.007 -11"><span class='ocrx_word' id='word_1_352' title='bbox 1042 580 1093 605; x_wconf 85' lang='lat' dir='ltr'>aut</span> <span class='ocrx_word' id='word_1_353' title='bbox 1123 573 1214 605; x_wconf 83' lang='lat' dir='ltr'>etiam</span> <span class='ocrx_word' id='word_1_354' title='bbox 1247 570 1439 615; x_wconf 82' lang='lat' dir='ltr'>parochiani.</span> <span class='ocrx_word' id='word_1_355' title='bbox 1463 568 1499 602; x_wconf 85' lang='lat' dir='ltr'>ad</span> <span class='ocrx_word' id='word_1_356' title='bbox 1524 567 1705 605; x_wconf 72' lang='lat' dir='ltr'>cuiuslibet,</span> <span class='ocrx_word' id='word_1_357' title='bbox 1734 567 1792 601; x_wconf 88' lang='lat' dir='ltr'>nisi</span> 
     </span>
     <span class='ocr_line' id='line_1_63' title="bbox 1045 616 1793 655; baseline -0.007 0"><span class='ocrx_word' id='word_1_358' title='bbox 1045 621 1176 655; x_wconf 78' lang='lat' dir='ltr'>Romani</span> <span class='ocrx_word' id='word_1_359' title='bbox 1202 619 1363 654; x_wconf 66' lang='lat' dir='ltr'>pontilicis</span> <span class='ocrx_word' id='word_1_360' title='bbox 1386 616 1793 655; x_wconf 64' lang='lat' dir='ltr'>ct(llunincvusisabbatis,</span> 
     </span>
     <span class='ocr_line' id='line_1_64' title="bbox 1042 667 1792 715; baseline -0.007 -11"><span class='ocrx_word' id='word_1_361' title='bbox 1042 679 1193 715; x_wconf 66' lang='lat' dir='ltr'>cogantur</span> <span class='ocrx_word' id='word_1_362' title='bbox 1235 669 1278 701; x_wconf 89' lang='lat' dir='ltr'>ire</span> <span class='ocrx_word' id='word_1_363' title='bbox 1314 667 1470 714; x_wconf 78' lang='lat' dir='ltr'>synodum</span> <span class='ocrx_word' id='word_1_364' title='bbox 1511 667 1555 699; x_wconf 78' lang='lat' dir='ltr'>vel</span> <span class='ocrx_word' id='word_1_365' title='bbox 1591 673 1792 699; x_wconf 85' lang='lat' dir='ltr'>conventum.</span> 
     </span>
     <span class='ocr_line' id='line_1_65' title="bbox 1043 714 1796 766; baseline -0.008 -13"><span class='ocrx_word' id='word_1_366' title='bbox 1043 718 1125 753; x_wconf 77' lang='lat' dir='ltr'>Sane</span> <span class='ocrx_word' id='word_1_367' title='bbox 1149 730 1204 766; x_wconf 89' lang='lat' dir='ltr'>pro</span> <span class='ocrx_word' id='word_1_368' title='bbox 1226 717 1358 760; x_wconf 73' lang='lat' dir='ltr'>abbans,</span> <span class='ocrx_word' id='word_1_369' title='bbox 1383 715 1622 755; x_wconf 68' lang='lat' dir='ltr'>monachorum,</span> <span class='ocrx_word' id='word_1_370' title='bbox 1647 727 1700 748; x_wconf 86' lang='lat' dir='ltr'>seu</span> <span class='ocrx_word' id='word_1_371' title='bbox 1730 714 1796 748; x_wconf 88' lang='lat' dir='ltr'>cle-</span> 
     </span>
     <span class='ocr_line' id='line_1_66' title="bbox 1044 764 1796 812; baseline -0.007 -10"><span class='ocrx_word' id='word_1_372' title='bbox 1044 768 1192 806; x_wconf 81' lang='lat' dir='ltr'>ricorum,</span> <span class='ocrx_word' id='word_1_373' title='bbox 1217 766 1294 801; x_wconf 82' lang='lat' dir='ltr'>infra</span> <span class='ocrx_word' id='word_1_374' title='bbox 1324 766 1500 812; x_wconf 79' lang='lat' dir='ltr'>praedictos</span> <span class='ocrx_word' id='word_1_375' title='bbox 1524 764 1675 798; x_wconf 83' lang='lat' dir='ltr'>terminos</span> <span class='ocrx_word' id='word_1_376' title='bbox 1704 764 1796 797; x_wconf 73' lang='lat' dir='ltr'>habi-</span> 
     </span>
     <span class='ocr_line' id='line_1_67' title="bbox 1043 813 1796 861; baseline -0.005 -10"><span class='ocrx_word' id='word_1_377' title='bbox 1043 818 1188 861; x_wconf 72' lang='lat' dir='ltr'>mutium,</span> <span class='ocrx_word' id='word_1_378' title='bbox 1215 815 1426 853; x_wconf 78' lang='lat' dir='ltr'>ordinatione,</span> <span class='ocrx_word' id='word_1_379' title='bbox 1444 827 1499 860; x_wconf 86' lang='lat' dir='ltr'>pro</span> <span class='ocrx_word' id='word_1_380' title='bbox 1515 813 1703 847; x_wconf 77' lang='lat' dir='ltr'>Chrismntis</span> <span class='ocrx_word' id='word_1_381' title='bbox 1717 825 1796 847; x_wconf 90' lang='lat' dir='ltr'>con-</span> 
     </span>
     <span class='ocr_line' id='line_1_68' title="bbox 1045 862 1794 912; baseline -0.007 -12"><span class='ocrx_word' id='word_1_382' title='bbox 1045 866 1201 903; x_wconf 75' lang='lat' dir='ltr'>fectione.</span> <span class='ocrx_word' id='word_1_383' title='bbox 1235 877 1289 912; x_wconf 82' lang='lat' dir='ltr'>pro</span> <span class='ocrx_word' id='word_1_384' title='bbox 1323 865 1401 898; x_wconf 80' lang='lat' dir='ltr'>sacri</span> <span class='ocrx_word' id='word_1_385' title='bbox 1437 864 1532 902; x_wconf 69' lang='lat' dir='ltr'>(livi,</span> <span class='ocrx_word' id='word_1_386' title='bbox 1565 862 1794 903; x_wconf 83' lang='lat' dir='ltr'>ecclesiarum,</span> 
     </span>
     <span class='ocr_line' id='line_1_69' title="bbox 1043 912 1794 952; baseline -0.007 -2"><span class='ocrx_word' id='word_1_387' title='bbox 1043 917 1185 950; x_wconf 81' lang='lat' dir='ltr'>altarium</span> <span class='ocrx_word' id='word_1_388' title='bbox 1222 923 1252 948; x_wconf 86' lang='lat' dir='ltr'>ct</span> <span class='ocrx_word' id='word_1_389' title='bbox 1287 913 1512 949; x_wconf 83' lang='lat' dir='ltr'>cimiteriorum</span> <span class='ocrx_word' id='word_1_390' title='bbox 1546 912 1794 952; x_wconf 78' lang='lat' dir='ltr'>consecratione,</span> 
     </span>
     <span class='ocr_line' id='line_1_70' title="bbox 1044 961 1794 1007; baseline -0.007 -8"><span class='ocrx_word' id='word_1_391' title='bbox 1044 964 1253 999; x_wconf 85' lang='lat' dir='ltr'>Cluniacense</span> <span class='ocrx_word' id='word_1_392' title='bbox 1272 963 1508 1001; x_wconf 76' lang='lat' dir='ltr'>monasterium,</span> <span class='ocrx_word' id='word_1_393' title='bbox 1524 973 1617 1007; x_wconf 83' lang='lat' dir='ltr'>quem</span> <span class='ocrx_word' id='word_1_394' title='bbox 1639 961 1794 1000; x_wconf 66' lang='lat' dir='ltr'>maluerit,</span> 
     </span>
     <span class='ocr_line' id='line_1_71' title="bbox 1043 1011 1795 1048; baseline -0.005 0"><span class='ocrx_word' id='word_1_395' title='bbox 1043 1014 1215 1048; x_wconf 85' lang='lat' dir='ltr'>antistitem</span> <span class='ocrx_word' id='word_1_396' title='bbox 1244 1020 1405 1047; x_wconf 84' lang='lat' dir='ltr'>convocet.</span> <span class='ocrx_word' id='word_1_397' title='bbox 1434 1011 1661 1045; x_wconf 77' lang='lat' dir='ltr'>Cluniaccnses</span> <span class='ocrx_word' id='word_1_398' title='bbox 1684 1022 1795 1044; x_wconf 88' lang='lat' dir='ltr'>mona-</span> 
     </span>
     <span class='ocr_line' id='line_1_72' title="bbox 1044 1059 1794 1098; baseline -0.005 0"><span class='ocrx_word' id='word_1_399' title='bbox 1044 1064 1121 1098; x_wconf 88' lang='lat' dir='ltr'>chos</span> <span class='ocrx_word' id='word_1_400' title='bbox 1155 1062 1286 1098; x_wconf 80' lang='lat' dir='ltr'>ubilibet</span> <span class='ocrx_word' id='word_1_401' title='bbox 1314 1062 1489 1095; x_wconf 69' lang='lat' dir='ltr'>habitantes</span> <span class='ocrx_word' id='word_1_402' title='bbox 1524 1060 1629 1093; x_wconf 82' lang='lat' dir='ltr'>nullus</span> <span class='ocrx_word' id='word_1_403' title='bbox 1663 1059 1794 1094; x_wconf 90' lang='lat' dir='ltr'>omnino</span> 
     </span>
     <span class='ocr_line' id='line_1_73' title="bbox 1047 1109 1794 1160; baseline -0.005 -14"><span class='ocrx_word' id='word_1_404' title='bbox 1047 1121 1168 1160; x_wconf 72' lang='lat' dir='ltr'>practer</span> <span class='ocrx_word' id='word_1_405' title='bbox 1191 1112 1369 1146; x_wconf 80' lang='lat' dir='ltr'>Romanum</span> <span class='ocrx_word' id='word_1_406' title='bbox 1393 1110 1576 1144; x_wconf 76' lang='lat' dir='ltr'>Pontificem</span> <span class='ocrx_word' id='word_1_407' title='bbox 1600 1117 1629 1143; x_wconf 91' lang='lat' dir='ltr'>et</span> <span class='ocrx_word' id='word_1_408' title='bbox 1645 1109 1794 1154; x_wconf 77' lang='lat' dir='ltr'>legatum,</span> 
     </span>
     <span class='ocr_line' id='line_1_74' title="bbox 1044 1158 1796 1209; baseline -0.004 -14"><span class='ocrx_word' id='word_1_409' title='bbox 1044 1163 1096 1209; x_wconf 84' lang='lat' dir='ltr'>qui</span> <span class='ocrx_word' id='word_1_410' title='bbox 1120 1162 1234 1196; x_wconf 81' lang='lat' dir='ltr'>missus</span> <span class='ocrx_word' id='word_1_411' title='bbox 1262 1161 1298 1194; x_wconf 87' lang='lat' dir='ltr'>nd</span> <span class='ocrx_word' id='word_1_412' title='bbox 1323 1160 1381 1194; x_wconf 81' lang='lat' dir='ltr'>hoc</span> <span class='ocrx_word' id='word_1_413' title='bbox 1410 1160 1514 1199; x_wconf 71' lang='lat' dir='ltr'>suerit,</span> <span class='ocrx_word' id='word_1_414' title='bbox 1542 1158 1796 1192; x_wconf 75' lang='lat' dir='ltr'>excommunicet</span> 
     </span>
     <span class='ocr_line' id='line_1_75' title="bbox 1045 1208 1795 1245; baseline -0.005 0"><span class='ocrx_word' id='word_1_415' title='bbox 1045 1219 1097 1245; x_wconf 88' lang='lat' dir='ltr'>ant</span> <span class='ocrx_word' id='word_1_416' title='bbox 1118 1210 1291 1245; x_wconf 76' lang='lat' dir='ltr'>interdicat.</span> <span class='ocrx_word' id='word_1_417' title='bbox 1316 1209 1400 1243; x_wconf 84' lang='lat' dir='ltr'>Sane</span> <span class='ocrx_word' id='word_1_418' title='bbox 1423 1210 1571 1242; x_wconf 74' lang='lat' dir='ltr'>terminos</span> <span class='ocrx_word' id='word_1_419' title='bbox 1588 1208 1795 1241; x_wconf 84' lang='lat' dir='ltr'>immunitatis</span> 
     </span>
     <span class='ocr_line' id='line_1_76' title="bbox 1047 1258 1794 1305; baseline -0.007 -10"><span class='ocrx_word' id='word_1_420' title='bbox 1047 1260 1104 1294; x_wconf 91' lang='lat' dir='ltr'>loci</span> <span class='ocrx_word' id='word_1_421' title='bbox 1140 1260 1248 1303; x_wconf 72' lang='lat' dir='ltr'>vestri,</span> <span class='ocrx_word' id='word_1_422' title='bbox 1281 1259 1332 1305; x_wconf 81' lang='lat' dir='ltr'>qui</span> <span class='ocrx_word' id='word_1_423' title='bbox 1368 1270 1384 1292; x_wconf 85' lang='lat' dir='ltr'>a</span> <span class='ocrx_word' id='word_1_424' title='bbox 1425 1258 1560 1304; x_wconf 76' lang='lat' dir='ltr'>praefato</span> <span class='ocrx_word' id='word_1_425' title='bbox 1595 1265 1794 1291; x_wconf 83' lang='lat' dir='ltr'>antecessore</span> 
     </span>
     <span class='ocr_line' id='line_1_77' title="bbox 1046 1307 1795 1354; baseline -0.007 -10"><span class='ocrx_word' id='word_1_426' title='bbox 1046 1317 1152 1344; x_wconf 79' lang='lat' dir='ltr'>nostro</span> <span class='ocrx_word' id='word_1_427' title='bbox 1168 1309 1295 1344; x_wconf 86' lang='lat' dir='ltr'>Urbano</span> <span class='ocrx_word' id='word_1_428' title='bbox 1322 1307 1404 1354; x_wconf 81' lang='lat' dir='ltr'>Papa</span> <span class='ocrx_word' id='word_1_429' title='bbox 1423 1307 1583 1341; x_wconf 75' lang='lat' dir='ltr'>constituti</span> <span class='ocrx_word' id='word_1_430' title='bbox 1607 1314 1691 1347; x_wconf 76' lang='lat' dir='ltr'>suut,</span> <span class='ocrx_word' id='word_1_431' title='bbox 1709 1318 1795 1352; x_wconf 84' lang='lat' dir='ltr'>prae-</span> 
     </span>
     <span class='ocr_line' id='line_1_78' title="bbox 1045 1357 1793 1402; baseline -0.004 -9"><span class='ocrx_word' id='word_1_432' title='bbox 1045 1359 1141 1393; x_wconf 85' lang='lat' dir='ltr'>sentis</span> <span class='ocrx_word' id='word_1_433' title='bbox 1162 1358 1278 1393; x_wconf 88' lang='lat' dir='ltr'>decreti</span> <span class='ocrx_word' id='word_1_434' title='bbox 1303 1357 1398 1391; x_wconf 88' lang='lat' dir='ltr'>nostri</span> <span class='ocrx_word' id='word_1_435' title='bbox 1428 1357 1536 1402; x_wconf 73' lang='lat' dir='ltr'>pagiua</span> <span class='ocrx_word' id='word_1_436' title='bbox 1552 1357 1793 1395; x_wconf 79' lang='lat' dir='ltr'>contii·tn.nnus;</span> 
     </span>
     <span class='ocr_line' id='line_1_79' title="bbox 1047 1406 1793 1451; baseline -0.005 -9"><span class='ocrx_word' id='word_1_437' title='bbox 1047 1420 1084 1442; x_wconf 89' lang='lat' dir='ltr'>ne</span> <span class='ocrx_word' id='word_1_438' title='bbox 1128 1407 1273 1442; x_wconf 82' lang='lat' dir='ltr'>videlicet</span> <span class='ocrx_word' id='word_1_439' title='bbox 1307 1406 1393 1440; x_wconf 88' lang='lat' dir='ltr'>ullus</span> <span class='ocrx_word' id='word_1_440' title='bbox 1431 1406 1525 1439; x_wconf 88' lang='lat' dir='ltr'>homo</span> <span class='ocrx_word' id='word_1_441' title='bbox 1564 1406 1793 1451; x_wconf 87' lang='lat' dir='ltr'>cuiuscumque</span> 
     </span>
     <span class='ocr_line' id='line_1_80' title="bbox 1045 1454 1795 1502; baseline -0.005 -11"><span class='ocrx_word' id='word_1_442' title='bbox 1045 1457 1236 1492; x_wconf 87' lang='lat' dir='ltr'>conditionis</span> <span class='ocrx_word' id='word_1_443' title='bbox 1247 1468 1282 1490; x_wconf 87' lang='lat' dir='ltr'>ac</span> <span class='ocrx_word' id='word_1_444' title='bbox 1297 1455 1468 1502; x_wconf 78' lang='lat' dir='ltr'>potestatis,</span> <span class='ocrx_word' id='word_1_445' title='bbox 1485 1454 1691 1493; x_wconf 78' lang='lat' dir='ltr'>invasionem,</span> <span class='ocrx_word' id='word_1_446' title='bbox 1708 1466 1795 1500; x_wconf 88' lang='lat' dir='ltr'>prae-</span> 
     </span>
     <span class='ocr_line' id='line_1_81' title="bbox 1045 1503 1792 1553; baseline -0.005 -13"><span class='ocrx_word' id='word_1_447' title='bbox 1045 1507 1129 1546; x_wconf 74' lang='lat' dir='ltr'>dam,</span> <span class='ocrx_word' id='word_1_448' title='bbox 1153 1515 1204 1540; x_wconf 89' lang='lat' dir='ltr'>aut</span> <span class='ocrx_word' id='word_1_449' title='bbox 1221 1505 1362 1553; x_wconf 88' lang='lat' dir='ltr'>rapinam</span> <span class='ocrx_word' id='word_1_450' title='bbox 1379 1504 1491 1544; x_wconf 71' lang='lat' dir='ltr'>facere,</span> <span class='ocrx_word' id='word_1_451' title='bbox 1507 1504 1570 1538; x_wconf 76' lang='lat' dir='ltr'>sive</span> <span class='ocrx_word' id='word_1_452' title='bbox 1586 1503 1792 1538; x_wconf 83' lang='lat' dir='ltr'>homicidium</span> 
     </span>
     <span class='ocr_line' id='line_1_82' title="bbox 1047 1552 1794 1603; baseline -0.005 -13"><span class='ocrx_word' id='word_1_453' title='bbox 1047 1564 1225 1603; x_wconf 82' lang='lat' dir='ltr'>perpetrare</span> <span class='ocrx_word' id='word_1_454' title='bbox 1242 1562 1419 1602; x_wconf 85' lang='lat' dir='ltr'>praesumat</span> <span class='ocrx_word' id='word_1_455' title='bbox 1434 1554 1509 1588; x_wconf 81' lang='lat' dir='ltr'>infra</span> <span class='ocrx_word' id='word_1_456' title='bbox 1523 1554 1662 1600; x_wconf 86' lang='lat' dir='ltr'>ipsorum</span> <span class='ocrx_word' id='word_1_457' title='bbox 1679 1552 1794 1587; x_wconf 89' lang='lat' dir='ltr'>limites</span> 
     </span>
     <span class='ocr_line' id='line_1_83' title="bbox 1047 1602 1992 1650; baseline -0.003 -11"><span class='ocrx_word' id='word_1_458' title='bbox 1047 1606 1262 1640; x_wconf 89' lang='lat' dir='ltr'>terminorum.</span> <span class='ocrx_word' id='word_1_459' title='bbox 1290 1604 1399 1650; x_wconf 87' lang='lat' dir='ltr'>Itaque</span> <span class='ocrx_word' id='word_1_460' title='bbox 1433 1603 1556 1638; x_wconf 89' lang='lat' dir='ltr'>termini</span> <span class='ocrx_word' id='word_1_461' title='bbox 1592 1602 1670 1637; x_wconf 79' lang='lat' dir='ltr'>sacri</span> <span class='ocrx_word' id='word_1_462' title='bbox 1700 1602 1792 1637; x_wconf 90' lang='lat' dir='ltr'>banni</span> <span class='ocrx_word' id='word_1_463' title='bbox 1822 1613 1920 1641; x_wconf 54' lang='lat' dir='ltr'>Limne„</span> <span class='ocrx_word' id='word_1_464' title='bbox 1943 1617 1992 1643; x_wconf 74' lang='lat' dir='ltr'>qut-</span> 
     </span>
     <span class='ocr_line' id='line_1_84' title="bbox 1045 1646 1992 1698; baseline -0.004 -10"><span class='ocrx_word' id='word_1_465' title='bbox 1045 1663 1117 1689; x_wconf 79' lang='lat' dir='ltr'>sunt</span> <span class='ocrx_word' id='word_1_466' title='bbox 1141 1655 1187 1688; x_wconf 85' lang='lat' dir='ltr'>lii:</span> <span class='ocrx_word' id='word_1_467' title='bbox 1216 1666 1325 1688; x_wconf 86' lang='lat' dir='ltr'>versus</span> <span class='ocrx_word' id='word_1_468' title='bbox 1352 1652 1535 1687; x_wconf 83' lang='lat' dir='ltr'>Berziacum</span> <span class='ocrx_word' id='word_1_469' title='bbox 1566 1651 1718 1686; x_wconf 80' lang='lat' dir='ltr'>terminus</span> <span class='ocrx_word' id='word_1_470' title='bbox 1747 1660 1793 1686; x_wconf 90' lang='lat' dir='ltr'>est</span> <span class='ocrx_word' id='word_1_471' title='bbox 1807 1646 1992 1698; x_wconf 49' lang='lat' dir='ltr'>ffifffffflffiffiggffi</span> 
     </span>
     <span class='ocr_line' id='line_1_85' title="bbox 1046 1702 1922 1745; baseline -0.003 -7"><span class='ocrx_word' id='word_1_472' title='bbox 1046 1705 1082 1738; x_wconf 83' lang='lat' dir='ltr'>ad</span> <span class='ocrx_word' id='word_1_473' title='bbox 1100 1704 1224 1738; x_wconf 75' lang='lat' dir='ltr'>Bivium</span> <span class='ocrx_word' id='word_1_474' title='bbox 1243 1703 1318 1737; x_wconf 87' lang='lat' dir='ltr'>citra</span> <span class='ocrx_word' id='word_1_475' title='bbox 1340 1702 1510 1745; x_wconf 67' lang='lat' dir='ltr'>Sarratam,</span> <span class='ocrx_word' id='word_1_476' title='bbox 1531 1702 1614 1736; x_wconf 85' lang='lat' dir='ltr'>unde</span> <span class='ocrx_word' id='word_1_477' title='bbox 1629 1713 1687 1735; x_wconf 87' lang='lat' dir='ltr'>una</span> <span class='ocrx_word' id='word_1_478' title='bbox 1711 1702 1792 1736; x_wconf 79' lang='lat' dir='ltr'>venit</span> <span class='ocrx_word' id='word_1_479' title='bbox 1807 1709 1922 1735; x_wconf 76' lang='lat' dir='ltr'>exemptio.</span> 
     </span>
    </p>

    <p class='ocr_par' dir='ltr' id='par_1_19' title="bbox 1046 1751 1796 1792">
     <span class='ocr_line' id='line_1_86' title="bbox 1046 1751 1796 1792; baseline -0.003 -5"><span class='ocrx_word' id='word_1_480' title='bbox 1046 1754 1082 1787; x_wconf 87' lang='lat' dir='ltr'>ad</span> <span class='ocrx_word' id='word_1_481' title='bbox 1099 1753 1299 1792; x_wconf 73' lang='lat' dir='ltr'>Cluniacum,</span> <span class='ocrx_word' id='word_1_482' title='bbox 1313 1751 1408 1786; x_wconf 87' lang='lat' dir='ltr'>altera</span> <span class='ocrx_word' id='word_1_483' title='bbox 1421 1751 1458 1786; x_wconf 91' lang='lat' dir='ltr'>ad</span> <span class='ocrx_word' id='word_1_484' title='bbox 1470 1751 1636 1786; x_wconf 82' lang='lat' dir='ltr'>Massilias:</span> <span class='ocrx_word' id='word_1_485' title='bbox 1655 1752 1684 1785; x_wconf 91' lang='lat' dir='ltr'>in</span> <span class='ocrx_word' id='word_1_486' title='bbox 1700 1759 1796 1785; x_wconf 85' lang='lat' dir='ltr'>strata</span> 
     </span>
    </p>

    <p class='ocr_par' dir='ltr' id='par_1_20' title="bbox 1046 1801 1796 1897">
     <span class='ocr_line' id='line_1_87' title="bbox 1046 1801 1795 1837; baseline -0.004 0"><span class='ocrx_word' id='word_1_487' title='bbox 1046 1815 1156 1837; x_wconf 74' lang='lat' dir='ltr'>versus</span> <span class='ocrx_word' id='word_1_488' title='bbox 1179 1802 1410 1836; x_wconf 86' lang='lat' dir='ltr'>Bellumiocum</span> <span class='ocrx_word' id='word_1_489' title='bbox 1436 1801 1590 1835; x_wconf 83' lang='lat' dir='ltr'>terminus</span> <span class='ocrx_word' id='word_1_490' title='bbox 1619 1809 1665 1835; x_wconf 90' lang='lat' dir='ltr'>est</span> <span class='ocrx_word' id='word_1_491' title='bbox 1687 1807 1795 1835; x_wconf 84' lang='lat' dir='ltr'>contra</span> 
     </span>
     <span class='ocr_line' id='line_1_88' title="bbox 1046 1849 1796 1897; baseline -0.004 -11"><span class='ocrx_word' id='word_1_492' title='bbox 1046 1852 1255 1894; x_wconf 64' lang='lat' dir='ltr'>Quarruium,</span> <span class='ocrx_word' id='word_1_493' title='bbox 1278 1850 1362 1897; x_wconf 81' lang='lat' dir='ltr'>quod</span> <span class='ocrx_word' id='word_1_494' title='bbox 1394 1857 1440 1884; x_wconf 87' lang='lat' dir='ltr'>est</span> <span class='ocrx_word' id='word_1_495' title='bbox 1467 1850 1604 1897; x_wconf 82' lang='lat' dir='ltr'>desuper</span> <span class='ocrx_word' id='word_1_496' title='bbox 1636 1849 1796 1884; x_wconf 88' lang='lat' dir='ltr'>molendi-</span> 
     </span>
    </p>

    <p class='ocr_par' dir='ltr' id='par_1_21' title="bbox 1047 1898 1797 1942">
     <span class='ocr_line' id='line_1_89' title="bbox 1047 1898 1797 1942; baseline -0.004 -6"><span class='ocrx_word' id='word_1_497' title='bbox 1047 1914 1121 1936; x_wconf 90' lang='lat' dir='ltr'>num</span> <span class='ocrx_word' id='word_1_498' title='bbox 1145 1900 1307 1936; x_wconf 87' lang='lat' dir='ltr'>Ccllararii</span> <span class='ocrx_word' id='word_1_499' title='bbox 1334 1898 1569 1942; x_wconf 69' lang='lat' dir='ltr'>Cluniaeensis,</span> <span class='ocrx_word' id='word_1_500' title='bbox 1596 1901 1671 1934; x_wconf 89' lang='lat' dir='ltr'>citra</span> <span class='ocrx_word' id='word_1_501' title='bbox 1700 1898 1797 1933; x_wconf 80' lang='lat' dir='ltr'>Vien-</span> 
     </span>
    </p>

    <p class='ocr_par' dir='ltr' id='par_1_22' title="bbox 1047 1947 1798 1997">
     <span class='ocr_line' id='line_1_90' title="bbox 1047 1947 1798 1997; baseline -0.003 -12"><span class='ocrx_word' id='word_1_502' title='bbox 1047 1951 1113 1997; x_wconf 78' lang='lat' dir='ltr'>gias</span> <span class='ocrx_word' id='word_1_503' title='bbox 1147 1950 1224 1985; x_wconf 87' lang='lat' dir='ltr'>ultra</span> <span class='ocrx_word' id='word_1_504' title='bbox 1259 1949 1465 1988; x_wconf 78' lang='lat' dir='ltr'>Cluniacum3</span> <span class='ocrx_word' id='word_1_505' title='bbox 1498 1960 1607 1984; x_wconf 80' lang='lat' dir='ltr'>versus</span> <span class='ocrx_word' id='word_1_506' title='bbox 1643 1947 1798 1983; x_wconf 82' lang='lat' dir='ltr'>Massilias</span> 
     </span>
    </p>

    <p class='ocr_par' dir='ltr' id='par_1_23' title="bbox 1047 1997 1796 2034">
     <span class='ocr_line' id='line_1_91' title="bbox 1047 1997 1796 2034; baseline -0.003 0"><span class='ocrx_word' id='word_1_507' title='bbox 1047 2000 1200 2034; x_wconf 81' lang='lat' dir='ltr'>terminus</span> <span class='ocrx_word' id='word_1_508' title='bbox 1222 2007 1268 2033; x_wconf 86' lang='lat' dir='ltr'>est</span> <span class='ocrx_word' id='word_1_509' title='bbox 1294 1998 1332 2032; x_wconf 89' lang='lat' dir='ltr'>ad</span> <span class='ocrx_word' id='word_1_510' title='bbox 1363 1998 1574 2032; x_wconf 81' lang='lat' dir='ltr'>summitatem</span> <span class='ocrx_word' id='word_1_511' title='bbox 1602 1997 1729 2032; x_wconf 82' lang='lat' dir='ltr'>Defensi</span> <span class='ocrx_word' id='word_1_512' title='bbox 1757 1997 1796 2032; x_wconf 88' lang='lat' dir='ltr'>ad</span> 
     </span>
    </p>

    <p class='ocr_par' dir='ltr' id='par_1_24' title="bbox 1047 2047 1797 2089">
     <span class='ocr_line' id='line_1_92' title="bbox 1047 2047 1797 2089; baseline -0.004 -6"><span class='ocrx_word' id='word_1_513' title='bbox 1047 2049 1186 2089; x_wconf 70' lang='lat' dir='ltr'>Bivium,</span> <span class='ocrx_word' id='word_1_514' title='bbox 1215 2047 1298 2082; x_wconf 89' lang='lat' dir='ltr'>unde</span> <span class='ocrx_word' id='word_1_515' title='bbox 1315 2059 1375 2081; x_wconf 88' lang='lat' dir='ltr'>una</span> <span class='ocrx_word' id='word_1_516' title='bbox 1395 2047 1441 2081; x_wconf 90' lang='lat' dir='ltr'>via</span> <span class='ocrx_word' id='word_1_517' title='bbox 1457 2047 1555 2081; x_wconf 90' lang='lat' dir='ltr'>tendit</span> <span class='ocrx_word' id='word_1_518' title='bbox 1575 2047 1613 2081; x_wconf 91' lang='lat' dir='ltr'>ad</span> <span class='ocrx_word' id='word_1_519' title='bbox 1627 2047 1797 2081; x_wconf 86' lang='lat' dir='ltr'>Bersonia-</span> 
     </span>
    </p>

    <p class='ocr_par' dir='ltr' id='par_1_25' title="bbox 1048 2095 1796 2142">
     <span class='ocr_line' id='line_1_93' title="bbox 1048 2095 1796 2142; baseline -0.004 -10"><span class='ocrx_word' id='word_1_520' title='bbox 1048 2111 1133 2138; x_wconf 75' lang='lat' dir='ltr'>cum,</span> <span class='ocrx_word' id='word_1_521' title='bbox 1147 2098 1241 2132; x_wconf 84' lang='lat' dir='ltr'>altera</span> <span class='ocrx_word' id='word_1_522' title='bbox 1252 2097 1289 2131; x_wconf 89' lang='lat' dir='ltr'>ad</span> <span class='ocrx_word' id='word_1_523' title='bbox 1301 2095 1473 2131; x_wconf 86' lang='lat' dir='ltr'>Carcllam:</span> <span class='ocrx_word' id='word_1_524' title='bbox 1489 2108 1598 2130; x_wconf 91' lang='lat' dir='ltr'>versus</span> <span class='ocrx_word' id='word_1_525' title='bbox 1612 2096 1796 2142; x_wconf 77' lang='lat' dir='ltr'>Sergiacum</span> 
     </span>
    </p>

    <p class='ocr_par' dir='ltr' id='par_1_26' title="bbox 1050 2145 1796 2186">
     <span class='ocr_line' id='line_1_94' title="bbox 1050 2145 1796 2186; baseline -0.004 -4"><span class='ocrx_word' id='word_1_526' title='bbox 1050 2147 1203 2182; x_wconf 88' lang='lat' dir='ltr'>terminus</span> <span class='ocrx_word' id='word_1_527' title='bbox 1230 2154 1277 2180; x_wconf 86' lang='lat' dir='ltr'>est</span> <span class='ocrx_word' id='word_1_528' title='bbox 1311 2146 1390 2180; x_wconf 90' lang='lat' dir='ltr'>intra</span> <span class='ocrx_word' id='word_1_529' title='bbox 1428 2145 1677 2186; x_wconf 78' lang='lat' dir='ltr'>Quarruicium,</span> <span class='ocrx_word' id='word_1_530' title='bbox 1719 2145 1796 2179; x_wconf 82' lang='lat' dir='ltr'>citra</span> 
     </span>
    </p>

    <p class='ocr_par' dir='ltr' id='par_1_27' title="bbox 1050 2194 1796 2241">
     <span class='ocr_line' id='line_1_95' title="bbox 1050 2194 1796 2241; baseline -0.003 -10"><span class='ocrx_word' id='word_1_531' title='bbox 1050 2197 1165 2240; x_wconf 74' lang='lat' dir='ltr'>locum,</span> <span class='ocrx_word' id='word_1_532' title='bbox 1190 2196 1241 2229; x_wconf 93' lang='lat' dir='ltr'>ubi</span> <span class='ocrx_word' id='word_1_533' title='bbox 1271 2195 1382 2229; x_wconf 86' lang='lat' dir='ltr'>dicunt</span> <span class='ocrx_word' id='word_1_534' title='bbox 1404 2194 1443 2228; x_wconf 88' lang='lat' dir='ltr'>ad</span> <span class='ocrx_word' id='word_1_535' title='bbox 1466 2194 1624 2241; x_wconf 79' lang='lat' dir='ltr'>Turgum:</span> <span class='ocrx_word' id='word_1_536' title='bbox 1649 2194 1679 2228; x_wconf 91' lang='lat' dir='ltr'>in</span> <span class='ocrx_word' id='word_1_537' title='bbox 1702 2202 1796 2229; x_wconf 84' lang='lat' dir='ltr'>strata</span> 
     </span>
    </p>

    <p class='ocr_par' dir='ltr' id='par_1_28' title="bbox 1051 2244 1798 2290">
     <span class='ocr_line' id='line_1_96' title="bbox 1051 2244 1798 2290; baseline -0.003 -11"><span class='ocrx_word' id='word_1_538' title='bbox 1051 2258 1159 2280; x_wconf 87' lang='lat' dir='ltr'>versus</span> <span class='ocrx_word' id='word_1_539' title='bbox 1180 2244 1425 2279; x_wconf 86' lang='lat' dir='ltr'>Cabilonensem</span> <span class='ocrx_word' id='word_1_540' title='bbox 1455 2255 1566 2290; x_wconf 76' lang='lat' dir='ltr'>pagum</span> <span class='ocrx_word' id='word_1_541' title='bbox 1584 2244 1734 2278; x_wconf 85' lang='lat' dir='ltr'>terminus</span> <span class='ocrx_word' id='word_1_542' title='bbox 1750 2251 1798 2278; x_wconf 90' lang='lat' dir='ltr'>est</span> 
     </span>
    </p>

    <p class='ocr_par' dir='ltr' id='par_1_29' title="bbox 1051 2292 1796 2339">
     <span class='ocr_line' id='line_1_97' title="bbox 1051 2292 1796 2339; baseline -0.004 -10"><span class='ocrx_word' id='word_1_543' title='bbox 1051 2295 1087 2329; x_wconf 89' lang='lat' dir='ltr'>ad</span> <span class='ocrx_word' id='word_1_544' title='bbox 1105 2294 1252 2329; x_wconf 83' lang='lat' dir='ltr'>Grossam</span> <span class='ocrx_word' id='word_1_545' title='bbox 1272 2292 1454 2328; x_wconf 81' lang='lat' dir='ltr'>Cassaniam</span> <span class='ocrx_word' id='word_1_546' title='bbox 1478 2305 1573 2339; x_wconf 89' lang='lat' dir='ltr'>super</span> <span class='ocrx_word' id='word_1_547' title='bbox 1591 2293 1796 2327; x_wconf 86' lang='lat' dir='ltr'>Marziacum:</span> 
     </span>
    </p>

    <p class='ocr_par' dir='ltr' id='par_1_30' title="bbox 1053 2342 1798 2379">
     <span class='ocr_line' id='line_1_98' title="bbox 1053 2342 1798 2379; baseline -0.003 -2"><span class='ocrx_word' id='word_1_548' title='bbox 1053 2356 1159 2379; x_wconf 88' lang='lat' dir='ltr'>versus</span> <span class='ocrx_word' id='word_1_549' title='bbox 1183 2342 1426 2377; x_wconf 79' lang='lat' dir='ltr'>Brancedunum</span> <span class='ocrx_word' id='word_1_550' title='bbox 1445 2342 1597 2376; x_wconf 84' lang='lat' dir='ltr'>terminus</span> <span class='ocrx_word' id='word_1_551' title='bbox 1623 2350 1669 2376; x_wconf 86' lang='lat' dir='ltr'>est</span> <span class='ocrx_word' id='word_1_552' title='bbox 1696 2342 1727 2376; x_wconf 92' lang='lat' dir='ltr'>in</span> <span class='ocrx_word' id='word_1_553' title='bbox 1750 2342 1798 2376; x_wconf 87' lang='lat' dir='ltr'>via</span> 
     </span>
    </p>

    <p class='ocr_par' dir='ltr' id='par_1_31' title="bbox 1052 2390 1800 2487">
     <span class='ocr_line' id='line_1_99' title="bbox 1052 2390 1800 2439; baseline -0.003 -12"><span class='ocrx_word' id='word_1_554' title='bbox 1052 2406 1147 2439; x_wconf 83' lang='lat' dir='ltr'>super</span> <span class='ocrx_word' id='word_1_555' title='bbox 1181 2392 1308 2427; x_wconf 88' lang='lat' dir='ltr'>boscum</span> <span class='ocrx_word' id='word_1_556' title='bbox 1340 2391 1543 2426; x_wconf 90' lang='lat' dir='ltr'>Bannedum:</span> <span class='ocrx_word' id='word_1_557' title='bbox 1578 2403 1686 2426; x_wconf 87' lang='lat' dir='ltr'>versus</span> <span class='ocrx_word' id='word_1_558' title='bbox 1720 2390 1800 2426; x_wconf 89' lang='lat' dir='ltr'>Tre-</span> 
     </span>
     <span class='ocr_line' id='line_1_100' title="bbox 1056 2441 1800 2487; baseline -0.001 -11"><span class='ocrx_word' id='word_1_559' title='bbox 1056 2442 1220 2477; x_wconf 84' lang='lat' dir='ltr'>norcbium</span> <span class='ocrx_word' id='word_1_560' title='bbox 1248 2441 1400 2475; x_wconf 87' lang='lat' dir='ltr'>terminus</span> <span class='ocrx_word' id='word_1_561' title='bbox 1431 2448 1478 2474; x_wconf 87' lang='lat' dir='ltr'>cst</span> <span class='ocrx_word' id='word_1_562' title='bbox 1513 2452 1609 2487; x_wconf 89' lang='lat' dir='ltr'>super</span> <span class='ocrx_word' id='word_1_563' title='bbox 1645 2441 1800 2485; x_wconf 81' lang='lat' dir='ltr'>rivulum,</span> 
     </span>
    </p>

    <p class='ocr_par' dir='ltr' id='par_1_32' title="bbox 1053 2489 1802 2538">
     <span class='ocr_line' id='line_1_101' title="bbox 1053 2489 1802 2538; baseline -0.001 -13"><span class='ocrx_word' id='word_1_564' title='bbox 1053 2504 1145 2538; x_wconf 83' lang='lat' dir='ltr'>quem</span> <span class='ocrx_word' id='word_1_565' title='bbox 1169 2490 1276 2525; x_wconf 88' lang='lat' dir='ltr'>dicunt</span> <span class='ocrx_word' id='word_1_566' title='bbox 1309 2490 1574 2537; x_wconf 81' lang='lat' dir='ltr'>Longamaquam,</span> <span class='ocrx_word' id='word_1_567' title='bbox 1607 2490 1685 2524; x_wconf 88' lang='lat' dir='ltr'>intra</span> <span class='ocrx_word' id='word_1_568' title='bbox 1708 2489 1802 2524; x_wconf 88' lang='lat' dir='ltr'>Ban-</span> 
     </span>
    </p>

    <p class='ocr_par' dir='ltr' id='par_1_33' title="bbox 1056 2539 1800 2575">
     <span class='ocr_line' id='line_1_102' title="bbox 1056 2539 1800 2575; baseline -0.001 -1"><span class='ocrx_word' id='word_1_569' title='bbox 1056 2553 1185 2575; x_wconf 85' lang='lat' dir='ltr'>noscum</span> <span class='ocrx_word' id='word_1_570' title='bbox 1209 2547 1239 2574; x_wconf 89' lang='lat' dir='ltr'>et</span> <span class='ocrx_word' id='word_1_571' title='bbox 1262 2539 1472 2573; x_wconf 86' lang='lat' dir='ltr'>Donziacum:</span> <span class='ocrx_word' id='word_1_572' title='bbox 1496 2551 1603 2573; x_wconf 85' lang='lat' dir='ltr'>versus</span> <span class='ocrx_word' id='word_1_573' title='bbox 1630 2539 1800 2573; x_wconf 72' lang='lat' dir='ltr'>Pei-ronam</span> 
     </span>
    </p>

    <p class='ocr_par' dir='ltr' id='par_1_34' title="bbox 1058 2587 1801 2637">
     <span class='ocr_line' id='line_1_103' title="bbox 1058 2587 1801 2637; baseline 0.003 -16"><span class='ocrx_word' id='word_1_574' title='bbox 1058 2590 1102 2625; x_wconf 70' lang='lat' dir='ltr'>vel</span> <span class='ocrx_word' id='word_1_575' title='bbox 1118 2590 1301 2637; x_wconf 82' lang='lat' dir='ltr'>Laysiacum</span> <span class='ocrx_word' id='word_1_576' title='bbox 1319 2589 1472 2624; x_wconf 86' lang='lat' dir='ltr'>terminus</span> <span class='ocrx_word' id='word_1_577' title='bbox 1486 2596 1531 2624; x_wconf 89' lang='lat' dir='ltr'>est</span> <span class='ocrx_word' id='word_1_578' title='bbox 1542 2588 1580 2623; x_wconf 84' lang='lat' dir='ltr'>ad</span> <span class='ocrx_word' id='word_1_579' title='bbox 1596 2587 1801 2634; x_wconf 70' lang='lat' dir='ltr'>Tres-Fagos,</span> 
     </span>
    </p>
   </div>
   <div class='ocr_carea' id='block_1_10' title="bbox 1044 214 1994 247">
    <p class='ocr_par' dir='ltr' id='par_1_35' title="bbox 1044 214 1994 247">
     <span class='ocr_line' id='line_1_104' title="bbox 1044 214 1994 247; baseline -0.007 0"><span class='ocrx_word' id='word_1_580' title='bbox 1044 225 1066 247; x_wconf 84' lang='grc' dir='ltr'>ιι</span> <span class='ocrx_word' id='word_1_581' title='bbox 1092 225 1139 246; x_wconf 77' lang='lat' dir='ltr'>rr.</span> <span class='ocrx_word' id='word_1_582' title='bbox 1815 216 1862 242; x_wconf 66' lang='lat' dir='ltr'>nn.</span> <span class='ocrx_word' id='word_1_583' title='bbox 1884 214 1912 241; x_wconf 86' lang='lat' dir='ltr'>C.</span> <span class='ocrx_word' id='word_1_584' title='bbox 1929 214 1994 240; x_wconf 67' lang='grc' dir='ltr'>ΗΜ</span> 
     </span>
    </p>
   </div>
   <div class='ocr_carea' id='block_1_11' title="bbox 1810 527 1995 701">
    <p class='ocr_par' dir='ltr' id='par_1_36' title="bbox 1810 527 1995 677">
     <span class='ocr_line' id='line_1_105' title="bbox 1838 527 1960 548; baseline 0.008 -1"><span class='ocrx_word' id='word_1_585' title='bbox 1838 527 1890 548; x_wconf 63' lang='lat' dir='ltr'>Data</span> <span class='ocrx_word' id='word_1_586' title='bbox 1905 533 1960 548; x_wconf 76' lang='lat' dir='ltr'>omn.</span> 
     </span>
     <span class='ocr_line' id='line_1_106' title="bbox 1810 559 1994 584; baseline 0.005 -7"><span class='ocrx_word' id='word_1_587' title='bbox 1810 559 1871 578; x_wconf 66' lang='lat' dir='ltr'>moda</span> <span class='ocrx_word' id='word_1_588' title='bbox 1889 562 1994 584; x_wconf 61' lang='lat' dir='ltr'>exemptio</span> 
     </span>
     <span class='ocr_line' id='line_1_107' title="bbox 1811 590 1995 609; baseline -0.005 0"><span class='ocrx_word' id='word_1_589' title='bbox 1811 590 1873 609; x_wconf 74' lang='lat' dir='ltr'>etium</span> <span class='ocrx_word' id='word_1_590' title='bbox 1896 596 1907 609; x_wconf 76' lang='lat' dir='ltr'>a</span> <span class='ocrx_word' id='word_1_591' title='bbox 1930 590 1995 609; x_wconf 76' lang='lat' dir='ltr'>turi--</span> 
     </span>
     <span class='ocr_line' id='line_1_108' title="bbox 1821 621 1979 646; baseline -0.013 -5"><span class='ocrx_word' id='word_1_592' title='bbox 1821 621 1914 641; x_wconf 78' lang='lat' dir='ltr'>dictione</span> <span class='ocrx_word' id='word_1_593' title='bbox 1931 621 1979 646; x_wconf 63' lang='lat' dir='ltr'>epi&lt;</span> 
     </span>
     <span class='ocr_line' id='line_1_109' title="bbox 1817 651 1981 677; baseline -0.006 -6"><span class='ocrx_word' id='word_1_594' title='bbox 1817 652 1875 677; x_wconf 71' lang='lat' dir='ltr'>scopi</span> <span class='ocrx_word' id='word_1_595' title='bbox 1896 651 1981 670; x_wconf 73' lang='lat' dir='ltr'>dioece-</span> 
     </span>
    </p>

    <p class='ocr_par' dir='ltr' id='par_1_37' title="bbox 1873 682 1926 701">
     <span class='ocr_line' id='line_1_110' title="bbox 1873 682 1926 701; baseline -0.019 0"><span class='ocrx_word' id='word_1_596' title='bbox 1873 682 1926 701; x_wconf 79' lang='lat' dir='ltr'>saui-</span> 
     </span>
    </p>
   </div>
  </div>
 </body>
</html>
