2180 3205
39 238 88 264 An.
109 237 137 264 C.
157 237 222 264 1070

53 537 151 568 ,Monate
160 538 189 559 ad
199 543 219 559 e-

52 570 135 590 uscnpos
156 567 177 585 ot
197 571 219 586 a·

43 591 82 615 ios,
90 593 113 612 ut
122 591 221 613 studeant
266 611 272 617 ,

36 622 87 638 eon»
92 619 170 638 ursioni
189 624 220 639 re·

37 644 68 670 gin
82 644 167 665 Heni-ici
174 652 179 669 ;

848 213 872 236 S.
897 213 1084 235 GREGOHH’S
1112 213 1156 235 vn
1188 214 1236 236 Pt‘.

1705 203 1751 233 87·

296 272 349 308 pls,
362 273 482 306 ducibus,
498 272 651 305 comitibus,
668 272 802 301 universis
814 278 915 308 quoque
926 271 1004 299 fidem
1046 266 1114 301 Non
1140 268 1264 302 inllatns
1290 267 1401 314 spiritu
1430 267 1574 301 elationis
1586 295 1594 305 ,
1622 275 1797 302 consuetu-

295 317 474 346 christianam
494 317 713 350 defendentibus.
734 317 761 344 in
781 323 864 352 regno
880 316 1004 345 videlicet

295 362 456 390 'theutonico
480 362 682 394 habitantibus.
703 362 820 390 salutem
839 362 867 389 et
886 360 1003 389 omnium

295 408 466 442 peccatorum
490 407 685 436 absolutionem
704 413 752 442 per
771 405 948 441 apostoticam
958 405 1000 433 be·

295 451 486 480 nedictinnem.

298 513 318 559 ἓ
343 516 373 548 l.
396 513 429 549 Si
453 514 569 558 literas,
591 513 707 561 quibus
725 513 881 548 chricus
898 512 1000 546 dictus

249 574 303 597 rex
326 563 357 597 in
379 571 486 598 sancta
509 564 628 611 synodo
651 562 769 597 iudicio
795 561 902 597 Sancti
930 561 1000 608 Spi-

248 620 326 646 ritus
353 604 643 647 excommunicatus
664 620 722 652 est,
744 611 912 656 diligenter
926 623 998 658 per-

249 660 401 707 penditis,
428 661 504 708 quid
533 661 572 696 de
595 673 632 696 eo
659 661 769 696 debeat
797 639 876 699 lieri
899 660 998 694 indu-

248 710 382 745 bitanter
406 710 614 757 cognoscetis.
644 710 689 744 Ex
715 709 774 744 illis
796 709 880 744 enim
905 709 997 743 intel-

246 758 362 805 ligitur,
392 771 449 794 cur
474 760 513 794 sit
544 759 750 794 anathematis
779 758 902 793 vinculo
929 758 996 792 alli-

245 815 348 853 gatus,
376 815 406 842 et
432 820 448 842 a
477 809 560 856 regia
583 808 736 855 dignitate
758 807 939 855 depositus,
967 815 996 842 et

243 856 328 903 quod
356 858 459 892 omnis
482 857 618 905 populus
645 857 804 904 quondam
827 856 887 891 sibi
916 857 996 891 sub-

210 912 213 916 '
244 905 344 941 iectus
365 918 381 941 a
399 906 526 941 vinculo
540 906 705 942 iuramenti
727 906 828 940 eidem
849 905 993 952 promissi

243 955 284 989 sit
304 955 476 990 absolutus.
511 955 575 991 Sed
602 956 674 1002 quia
708 967 766 990 nos
792 963 898 990 contra
921 966 993 989 eum

245 1015 309 1039 non
331 1004 428 1039 movit
448 1004 526 1048 (Deo
541 1009 629 1049 teste)
652 1004 821 1039 saecularis
835 1004 993 1049 superbia,

243 1064 302 1088 nec
324 1065 400 1088 vana
428 1053 539 1088 mundi
567 1053 740 1101 cupiditas,
774 1053 827 1088 sed
859 1053 993 1087 Sanctae

243 1101 337 1137 Sedis
362 1109 393 1137 et
418 1102 603 1137 universalis
629 1102 735 1137 Matris
757 1101 914 1137 Ecclesiae
940 1114 993 1136 so-

243 1150 375 1185 licitudo
406 1159 438 1186 et
477 1151 658 1198 disciplina:
688 1163 854 1186 monemus
880 1162 934 1185 vos
961 1151 991 1185 in

245 1199 382 1235 Domino
408 1199 491 1241 lesu,
513 1207 544 1235 et
566 1212 713 1246 rogamus
739 1200 818 1234 sicut
844 1199 992 1234 charissi-

244 1260 313 1283 mos
334 1248 455 1289 fratres,
484 1257 516 1283 ut
542 1261 615 1284 eum
642 1249 789 1295 henigne,
821 1249 845 1282 si
868 1260 905 1283 ex
927 1256 992 1283 toto

244 1296 339 1332 corde
360 1297 397 1332 ad
426 1298 527 1333 Deum
551 1310 722 1333 conversus
756 1298 860 1340 suerit,
888 1298 988 1332 susci-

243 1345 345 1392 piatis,
366 1354 396 1381 et
408 1347 490 1382 circa
508 1359 581 1382 eum
604 1359 666 1381 non
686 1355 805 1381 tantum
829 1347 990 1391 iustitiam,

242 1406 324 1441 quae
344 1395 432 1430 illum
461 1408 591 1442 regnare
618 1396 778 1443 prohibet,
811 1395 865 1429 sed
889 1395 990 1429 mise-

242 1443 421 1485 ricordiam,
437 1456 517 1491 quae
532 1444 630 1479 multa
644 1444 727 1479 delet
738 1444 868 1488 scelera,
882 1452 990 1478 osten-

241 1492 330 1527 datis.
364 1493 472 1528 Estote
500 1505 618 1541 quaeso
653 1505 810 1528 memores
831 1492 989 1527 humanae

241 1541 449 1583 conditionis,
475 1551 506 1577 et
527 1543 705 1577 eommunis
725 1541 908 1587 fragilitatis,
931 1553 988 1576 nec

240 1602 296 1625 vos
334 1599 507 1646 praetereat
542 1592 591 1646 pia
624 1599 656 1626 et
689 1591 801 1625 nobilis
838 1591 988 1625 memoiia

240 1640 337 1686 patris
356 1640 435 1679 eius
457 1649 487 1675 et
501 1641 621 1680 matris,
643 1640 759 1695 quibus
779 1652 839 1674 non
857 1648 988 1694 possunt

240 1696 346 1724 nostra
367 1697 467 1724 aetate
493 1689 561 1724 ad
555 1691 676 1737 imperii
705 1689 917 1735 gubernacula
940 1701 988 1722 in-

241 1738 336 1772 veniri
359 1738 516 1785 aequales
550 1738 604 1773 Sic
627 1747 729 1773 tamen
756 1737 896 1772 adhibite
918 1737 989 1772 vul-

239 1787 369 1822 neribus
391 1788 458 1822 cius
484 1788 586 1822 oleum
610 1788 751 1834 pietatis,
775 1799 814 1821 ne
832 1787 904 1821 vino
932 1787 989 1821 di-

238 1835 390 1882 sciplinae
413 1837 567 1882 neglectO,
589 1837 751 1871 cicatrices
765 1837 833 1870 eius
851 1837 882 1870 in
899 1836 988 1882 peius

239 1885 336 1931 (quod
355 1885 447 1928 absit)
471 1893 662 1932 putrescant,
684 1894 714 1919 et
737 1885 837 1919 honor
862 1893 987 1920 sanctae

238 1933 411 1978 Ecclesiae,
436 1935 617 1989 romanique
641 1934 775 1981 imperii,
803 1942 906 1968 nostra
932 1946 988 1969 ne-

239 1982 388 2029 gligentia
414 1995 544 2028 magnae
567 1983 674 2018 ruinae
697 1991 844 2030 patescat.
873 1983 986 2018 Procul

239 2031 279 2066 ab
307 2043 344 2066 eo
366 2031 452 2079 praxi
476 2040 694 2067 removeantur
715 2031 904 2076 consiliarii,
932 2033 985 2087 qni

240 2092 298 2127 pro
334 2080 506 2116 simoniaca
544 2081 665 2116 haeresi
701 2081 986 2126 excommunicati,

240 2141 304 2163 non
330 2129 523 2164 erubuerunt
553 2129 716 2164 dominum
746 2142 838 2164 suum
862 2131 986 2176 propria

239 2178 325 2225 lepra
346 2178 570 2219 contaminare,
593 2187 623 2213 et
647 2191 701 2225 per
723 2179 844 2213 diversa
856 2179 987 2213 crimina

239 2238 311 2261 eum
338 2226 537 2270 seducendo,
559 2227 597 2262 ad
621 2228 825 2262 scindendam
847 2236 986 2262 sanctam

239 2275 415 2311 Ecclesiam
443 2288 625 2322 provocare,
657 2285 687 2311 et
715 2277 744 2310 in
778 2277 855 2310 iram
877 2275 934 2310 Dei
957 2285 986 2311 et

239 2325 338 2359 sancti
369 2324 455 2359 Petri
490 2325 662 2372 impellere.
699 2325 916 2360 Adhibeantur
942 2326 985 2359 illi

239 2373 317 2408 tales
334 2373 517 2417 consiliarii,
539 2374 592 2420 qui
616 2386 678 2409 non
695 2386 751 2408 sua
774 2382 908 2415 tantum,
930 2374 986 2409 sed

239 2433 313 2457 eum
339 2422 482 2469 diligant,
506 2430 537 2457 et
558 2423 708 2457 saeculari
732 2422 823 2457 lucro
842 2435 897 2469 per
917 2435 987 2457 om-

240 2471 290 2505 nia
319 2470 422 2506 Deum
455 2479 660 2518 praeponant.
687 2471 755 2506 Non
788 2472 867 2506 ultra
900 2480 986 2519 putet

1044 315 1133 350 dines
1169 317 1334 364 superbiae
1368 325 1474 352 contra
1510 316 1683 352 libertatem
1721 328 1797 351 san-

1043 373 1110 399 ctae
1159 365 1316 400 Ecclesiae
1361 367 1502 401 inventas
1535 365 1698 406 delendam
1738 366 1795 400 sed

1043 413 1186 449 observet
1222 423 1401 450 sanctorum
1439 415 1564 450 Patrum
1605 414 1794 459 doctrinam,

1042 475 1134 509 quam
1161 476 1216 510 pro
1238 464 1337 498 salute
1360 472 1464 499 nostra
1486 476 1540 499 eos
1566 464 1674 499 docuit
1697 473 1794 512 potc-

1041 519 1105 546 stas
1126 512 1241 547 divina.
1265 512 1358 554 Quod
1381 513 1406 547 si
1430 513 1467 548 de
1491 513 1539 547 his
1560 521 1591 548 ct
1617 513 1698 554 aliis,
1722 514 1792 548 iure

1040 561 1078 595 ab
1100 573 1138 597 eo
1159 562 1334 608 exigendis,
1358 574 1411 596 vos
1433 574 1560 598 securos
1583 562 1697 607 modis,
1723 563 1793 610 qui-

1041 609 1099 645 hus
1121 619 1261 657 oportet,
1295 610 1482 651 reddiderit,
1516 611 1619 646 statim
1644 612 1792 647 volumus

1041 672 1095 705 per
1123 668 1242 695 vestros
1276 660 1409 695 idoneos
1436 661 1556 707 legatos
1577 660 1616 695 dc
1640 662 1790 696 omnibus

1040 708 1212 753 informari,
1236 718 1269 743 ut
1290 709 1368 756 quid
1387 709 1497 744 debeat
1521 709 1598 751 fieri,
1625 712 1789 746 communi

1037 758 1181 801 consilio,
1205 759 1270 793 Deo
1297 759 1473 805 aspirante,
1496 758 1595 794 valcat
1617 760 1761 794 inveniri.

1085 807 1105 854 g
1132 812 1163 841 ⁰2.
1188 807 1269 842 Illud
1289 816 1393 842 autem
1417 807 1500 843 inter
1520 808 1624 843 omnia
1648 821 1685 844 ex
1701 818 1788 856 parte

1037 856 1116 891 beati
1145 857 1230 892 Petri
1265 856 1499 896 interdicimus,
1532 865 1564 892 ut
1599 858 1704 893 nullus
1732 872 1789 895 ve-

1035 913 1134 940 strum
1157 918 1229 941 eum
1260 914 1438 953 praesumat
1459 906 1498 941 ab
1525 908 1786 944 excommunica-

1035 955 1119 990 tione
1143 955 1316 999 absolvere,
1339 967 1505 1002 quousque
1519 957 1577 1001 eis,
1599 969 1679 1004 quae
1700 970 1787 1004 prae-

1035 1003 1184 1045 diximus,
1212 1004 1303 1039 nobis
1320 1004 1478 1060 indicatis,
1506 1005 1707 1052 Apostolicae
1725 1006 1786 1042 Se-

1034 1052 1082 1087 dis
1109 1065 1320 1093 consensum,
1353 1062 1383 1088 et
1417 1054 1561 1089 iteratum
1597 1067 1785 1102 responsum

1035 1102 1202 1147 recipiatis.
1231 1103 1277 1137 De
1290 1082 1486 1138 diversorum
1509 1103 1636 1150 quidem
1653 1104 1785 1141 diversis

1033 1151 1173 1186 consiliis
1210 1151 1408 1186 dubitamus.
1446 1152 1616 1188 humanam
1651 1154 1783 1200 gratiam

1033 1200 1078 1234 vel
1108 1200 1253 1235 timorem
1280 1201 1454 1247 suspicioni
1483 1201 1646 1237 babemus.

1080 1249 1100 1295 S
1126 1252 1157 1283 3.
1185 1249 1278 1291 Quod
1314 1250 1340 1284 si
1374 1250 1575 1296 exigentibus
1609 1251 1782 1288 multorum

1033 1298 1169 1344 pcccatis
1204 1298 1308 1345 (quod
1338 1310 1399 1333 non
1426 1304 1591 1346 optamus)
1625 1312 1663 1335 ex
1686 1302 1782 1337 corde

1033 1358 1094 1381 non
1122 1347 1216 1381 suerit
1237 1347 1274 1381 ad
1311 1346 1410 1381 Deum
1438 1360 1621 1388 conversus,
1649 1350 1720 1385 talis
1741 1351 1781 1385 ad

1032 1395 1117 1441 regui
1143 1395 1355 1441 gubernacula
1377 1397 1455 1439 (Deo
1478 1396 1610 1442 favente)
1638 1398 1782 1434 invenia-

1032 1451 1090 1485 tur,
1107 1445 1159 1491 qui
1183 1456 1230 1487 ea,
1254 1457 1333 1491 quae
1352 1445 1578 1491 praediximus,
1597 1455 1628 1481 et
1645 1456 1780 1492 caetera,

1030 1505 1109 1539 quae
1145 1493 1292 1528 videntur
1327 1494 1515 1528 christianae
1543 1495 1707 1541 religioni,
1748 1505 1780 1532 et

1030 1542 1124 1576 totius
1151 1542 1273 1589 imperii
1301 1542 1393 1577 saluti
1417 1544 1611 1589 necessaria,
1633 1554 1715 1580 certa
1742 1558 1780 1581 ac

1030 1590 1230 1626 indubitabili
1252 1592 1461 1638 promissione
1483 1605 1516 1628 se
1538 1593 1778 1630 observaturum

1030 1648 1199 1687 promittat.

1077 1693 1092 1732 ξ
1120 1693 1152 1723 4.
1189 1689 1231 1724 Ut
1263 1698 1367 1725 autem
1405 1698 1539 1725 vestram
1572 1691 1777 1734 electionem,

1029 1738 1052 1772 si
1081 1739 1169 1773 valde
1204 1747 1328 1785 oportet
1355 1747 1388 1774 ut
1423 1739 1486 1780 fiat,
1513 1740 1686 1787 apostolica
1720 1754 1780 1777 au-,

1029 1787 1171 1822 ctoritate
1187 1787 1349 1823 firmemus
1364 1797 1395 1823 et
1409 1801 1520 1823 novam
1543 1789 1777 1825 ordinationem

1029 1837 1144 1870 nostris
1173 1837 1370 1883 temporibus
1404 1837 1660 1879 corroboremus;
1696 1840 1780 1874 sicut

1028 1897 1045 1920 a
1071 1886 1187 1919 sanctis
1222 1887 1338 1920 nostris
1371 1886 1517 1921 Patribus
1551 1887 1667 1921 factum
1707 1901 1777 1923 esse

1029 1935 1269 1979 cognoscimus,
1309 1935 1492 1981 negotium,
1530 1948 1717 1982 personam,
1745 1946 1778 1972 et

1029 1995 1132 2018 mores
1147 1983 1227 2023 eius,
1250 1984 1438 2031 quantocius
1458 1985 1599 2030 potestis,
1628 1986 1775 2027 indicate3

1030 2041 1061 2066 ut
1083 2040 1188 2067 sancta
1217 2041 1247 2066 et
1275 2033 1340 2067 utili
1376 2033 1549 2068 intentione
1579 2034 1776 2080 incedentes,

1028 2081 1232 2121 mereamini,
1271 2082 1354 2116 sicut
1390 2081 1481 2117 nobis
1516 2090 1607 2117 notae
1641 2095 1774 2123 causac,

1028 2130 1227 2177 Apostolicae
1261 2130 1355 2165 Sedis
1387 2131 1524 2166 favorem
1553 2143 1609 2177 per
1633 2131 1774 2166 divinam

1027 2179 1169 2224 gratiam,
1196 2187 1227 2213 et
1254 2179 1333 2214 beati
1357 2180 1439 2214 Petri
1461 2180 1675 2226 apostolorum
1695 2181 1776 2228 prin·

1027 2228 1106 2274 cipis
1133 2239 1188 2273 per
1208 2229 1313 2262 omnia
1336 2228 1599 2263 benedictionem.

1076 2277 1096 2323 g
1123 2279 1154 2310 5.
1178 2276 1225 2310 De
1247 2277 1423 2312 iuramento
1439 2285 1541 2312 autem
1557 2277 1642 2324 quod
1657 2277 1775 2313 sactum

1027 2334 1073 2360 est
1107 2325 1286 2360 carissimae
1314 2326 1394 2361 [iliae
1421 2334 1546 2361 nostrae
1575 2326 1720 2372 Agneti
1715 2340 1777 2362 im-

1028 2374 1171 2421 peratrici
1194 2375 1372 2420 Augustae,
1399 2375 1424 2409 si
1453 2374 1535 2409 filius
1556 2375 1624 2410 eius
1657 2388 1695 2410 ex
1718 2376 1777 2411 hac

1029 2423 1088 2457 iita
1121 2431 1192 2457 ante
1225 2423 1323 2469 ipsam
1348 2423 1511 2469 migraret,
1539 2436 1602 2458 non
1626 2433 1672 2458 est
1695 2437 1776 2471 opus

1027 2471 1301 2511 adhucdubitarffi
1323 2472 1396 2518 quia
1410 2472 1434 2506 si
1451 2472 1547 2507 nimia
1562 2473 1675 2519 pietate
1691 2474 1775 2508 cinca

239 2519 387 2554 Sanctam
433 2520 605 2554 Ecclesiam
644 2520 705 2554 sibi
745 2520 918 2554 subiectam
952 2529 986 2554 ut
1029 2520 1124 2555 lilium
1148 2520 1253 2556 ducta.
1277 2520 1412 2555 iustitiae
1435 2520 1560 2563 favens,
1584 2529 1615 2555 ut
1638 2523 1775 2556 abiicia-

240 2568 406 2614 ancillam,
441 2569 495 2604 sed
532 2570 700 2616 praelatam
743 2578 776 2603 ut
812 2569 984 2604 dominam.

1028 2577 1078 2604 tur
1099 2581 1115 2604 a
1132 2581 1242 2616 regno,
1264 2570 1470 2611 consenserit,
1494 2570 1571 2617 quid
1593 2579 1701 2615 restet,
1722 2583 1775 2605 ios

1816 239 1864 264 An.
1877 237 1904 263 C,
1929 239 1998 265 1071}

1839 816 1864 837 Et
1875 818 1957 839 interim
1970 820 1997 840 ab

1814 843 1997 867 eiusabsoluttone

1813 869 1946 898 abstineant;

1836 1259 1910 1286 quue
1918 1260 1945 1281 ad
1955 1260 1996 1281 Ec-

1810 1287 1841 1306 cle·
1845 1287 1896 1306 <iarn
1911 1293 1951 1307 non
1963 1293 1995 1305 ro-

1809 1313 1887 1334 deunte
1901 1329 1907 1338 ‚
1941 1313 1995 1334 alter

1809 1346 1845 1360 rex
1856 1341 1944 1360 idoneus
1956 1342 1995 1361 eh-

1810 1369 1878 1392 gatur.

1834 1711 1898 1734 Quem
1907 1716 1929 1730 se
1942 1715 1991 1730 cnu-

1807 1736 1935 1757 firmaturum
1955 1737 1991 1756 ha·

1814 1763 1860 1784 bita
1888 1763 1984 1783 informa-

1816 1793 1870 1810 none
1899 1792 1982 1810 asserit.

1829 2291 1858 2311 Dc
1869 2291 1987 2311 iuramento

1829 2319 1937 2343 impet-atri
1940 2323 1958 2337 ci

1802 2346 1920 2369 praestito.
1936 2349 1970 2369 qu!
1967 2342 1986 2363 id

1801 2372 1913 2398 agondum
