2180 3205
456 268 520 298 (ilii

401 331 532 367 aul'erre.
572 330 614 363 rel
648 329 764 362 ablatas
787 327 934 366 retinere,
959 325 1003 359 vel
1034 326 1146 359 iniuste

401 380 488 414 datas
520 379 584 413 snis
618 378 729 411 usibus
765 377 948 414 vendicare,
984 376 1146 411 minuere.

402 430 446 463 rel
474 427 647 463 temerariis
680 426 894 460 vexationibus
923 425 1064 471 fatigarm
1091 424 1145 458 sed

399 478 503 512 omnia
533 478 650 522 integra
681 484 922 517 conserventur,
948 487 1068 516 corum,
1092 486 1147 520 pro

398 540 532 574 quorum
570 526 797 571 gubernatione
831 533 861 559 ct
898 523 1146 559 substentatione

397 588 546 611 concessa
572 585 661 615 sunt.
697 575 806 609 usibus
831 573 1022 609 omnimodis
1045 572 1145 619 profu·

399 636 481 660 tura:
505 625 586 660 silva
612 626 641 658 iu
665 624 813 658 omnibns
834 623 928 658 Sedis
946 622 1145 669 Apostolicae

244 688 282 701 ιω·
312 676 589 717 convomit—tornare.
616 674 648 708 Si
673 687 732 721 qua
762 675 856 720 igitur
878 674 907 707 in
936 673 1145 707 lutnrnmec-

201 715 566 763 ‘¹¹·fli'llif...*{‘¹‘etesiasiica
607 725 814 758 saecularisve
861 735 1015 770 persona,
1065 721 1144 756 hanc

396 784 519 809 nostrae
563 774 793 808 constitutionis
838 773 981 819 paginam
1017 772 1142 815 sciens,

393 832 499 858 contra
544 836 611 858 eam
656 832 772 858 temere
813 824 917 857 venire
959 821 1141 860 tentaverit,

392 873 532 908 secundo
555 873 682 908 tertiove
707 872 909 915 commonita,
937 872 962 905 si
995 884 1055 904 non
1084 883 1142 904 sa—

392 923 567 958 tisfactione
603 935 740 969 congrua
783 920 1020 960 emendaverit,
1052 928 1141 967 pote-

391 973 479 1007 statis
512 972 703 1019 honorisque
741 973 789 1006 sui
833 971 983 1016 dignitate
1015 979 1139 1012 carcat,

391 1034 538 1069 reamque
564 1034 598 1057 se
634 1022 739 1056 divino
776 1020 891 1056 iudicio
928 1020 1060 1054 existere
1100 1019 1139 1053 de

390 1080 564 1119 perpetrata
593 1072 754 1118 iniquitate
787 1078 970 1115 cognoscat,
993 1076 1021 1103 et
1050 1081 1064 1102 a
1088 1081 1139 1103 sa-

389 1122 563 1156 cratissimo
590 1121 730 1168 Corpore
764 1134 799 1155 ac
833 1119 994 1166 Sanguine
1024 1117 1080 1152 Dei
1108 1126 1138 1152 et

389 1170 515 1205 Domini
538 1170 758 1217 Redemptoris
790 1170 886 1204 nostri
923 1169 992 1203 Iesu
1020 1167 1136 1202 Christi

387 1221 484 1255 aliena
509 1221 571 1261 fiat,
593 1230 686 1268 atque
707 1221 736 1254 in
760 1228 898 1255 extremo
919 1219 1062 1253 examine
1089 1217 1137 1251 di-

387 1271 513 1305 strictae
541 1271 651 1305 ultioni
684 1270 858 1310 subiaceat3
885 1269 1007 1304 cunctis
1031 1276 1134 1302 autem

192 1330 311 1352 miniano
353 1336 374 1353 ez
388 1319 489 1354 eidem
520 1320 588 1355 loco
619 1332 674 1354 sua
706 1321 770 1355 iura
800 1318 999 1354 servantibus
1016 1318 1055 1352 sit
1078 1330 1134 1364 pax

191 1364 374 1415 {ffiffjffi‘
388 1369 515 1404 Domini
540 1371 635 1404 nostri
673 1369 739 1404 lesu
763 1369 897 1408 Christi,
927 1376 1082 1415 quatenus
1105 1376 1134 1401 ct

389 1420 440 1453 hic.
463 1420 596 1454 fructum
619 1419 717 1453 bonae
739 1420 871 1453 actionis
894 1418 1076 1465 percipiant,
1105 1425 1134 1451 et

387 1469 469 1516 apud
493 1469 666 1504 districtum
682 1469 820 1503 Iudicem
837 1468 973 1516 praemia
988 1476 1133 1502 aeternae

387 1519 472 1566 pacis
494 1519 661 1553 inveniant.
684 1519 798 1562 Amen,
826 1530 929 1561 amen,
955 1530 1058 1551 amen.

210 277 257 302 An.
277 277 303 303 C.
320 259 387 304 *1¹:19

199 750 205 762 t
221 745 250 768 ¹²⁴2-

531 1590 565 1625 S.
595 1591 722 1625 PETnvs
749 1591 773 1637 ἦ·
801 1590 834 1625 S.
857 1590 988 1624 Pavrvs

562 1640 762 1675 Ari-:xamen
786 1639 875 1674 Para
902 1639 953 1673 ΙΙΙ.

433 1703 507 1725 vias
527 1703 609 1725 Tuis
631 1702 756 1724 nonixs
779 1702 972 1724 neiioxsrnx
995 1700 1082 1722 nini.

637 1752 719 1774 cess
746 1751 871 1774 variare

432 1811 504 1846 Euo
537 1812 738 1846 Acaxaxnfflt
771 1811 942 1846 catholicae
973 1811 1131 1845 Ecclesiae

382 1861 550 1908 episeopus
577 1862 681 1896 subsc.

431 1911 497 1957 Ego
520 1910 661 1945 Ubaldns
682 1911 838 1945 Ostiensis
864 1910 1031 1957 episcopus
1057 1923 1098 1944 ss.

430 1960 496 2006 Ego
532 1961 711 1995 Bernardns
734 1960 917 1994 Portuensis
949 1961 1129 2007 episcopus,

380 2017 410 2043 et
431 2010 465 2044 S.
495 2010 627 2045 Rulinae
654 2011 759 2045 subsc.

430 2059 497 2106 Ego
524 2059 704 2094 Gualterius
736 2059 927 2094 Albanensis
959 2058 1128 2106 episcopus

380 2113 562 2160 subscripsi.

430 2168 497 2214 Ego
518 2168 661 2203 Ubaldus
688 2168 789 2215 presb.
813 2168 898 2203 card.
927 2168 971 2202 tit.
995 2167 1129 2202 Sanctae

380 2222 492 2256 Crucis
520 2223 549 2256 in
573 2223 769 2258 Hierusalem
793 2222 898 2257 subsc.

432 2276 498 2321 Ego
526 2277 673 2311 Astaldus
708 2276 811 2323 presb.
848 2276 1016 2311 cardinalis
1047 2275 1126 2309 tituli

380 2330 413 2363 S.
438 2330 562 2365 Priscae
579 2330 684 2365 subsc.

430 2385 496 2430 Ego
526 2385 659 2419 Ioannes
682 2383 784 2431 presb.
817 2383 901 2418 card.
923 2383 974 2418 Ss.
1002 2383 1128 2418 Ioannis

380 2448 408 2472 et
436 2438 524 2473 Pauli
547 2439 593 2472 tit.
618 2438 809 2473 Paminachii
832 2438 938 2472 subsc.

430 2493 497 2538 Ego
519 2491 724 2527 tl‹t‹·brandus
743 2492 845 2538 presb.
874 2491 956 2526 card.
981 2490 1127 2525 basilicae

380 2546 552 2580 Duodecim
577 2547 800 2593 Apostolorum
824 2546 929 2580 subsc.

430 2600 497 2646 Ego
525 2600 656 2634 loannes
679 2600 782 2647 presb.
806 2599 891 2634 card.
915 2599 959 2633 tit.
983 2598 1016 2633 S.
1041 2598 1127 2632 Ana-

381 2654 490 2687 stasia‹·
512 2654 694 2701 subscripsi.

201 1816 250 1835 Alex
259 1816 311 1837 lnilri
329 1815 367 1837 PF.

186 1918 205 1931 ct
225 1913 244 1932 ἱ,
268 1912 289 1932 R.
310 1913 365 1933 Eccl.

206 1945 340 1964 cardinalium

185 1975 359 2000 suli-rriptinnes.

1001 272 1099 294 utrm
1106 271 1185 294 {Ul'M
1216 271 1304 293 ROMA
1311 272 1377 295 NUM

1240 325 1304 370 Ego
1326 325 1475 360 Athenas
1498 325 1598 372 presb.
1626 326 1793 361 cardinalis
1828 326 1872 362 tit.
1901 327 1936 362 S.

1189 375 1345 409 Laurentii
1369 375 1398 408 in
1424 374 1540 409 Lucina
1568 375 1672 410 subsc.

1238 423 1305 470 Ego
1332 423 1407 458 Otto
1431 424 1509 459 diac.
1546 425 1630 459 card.
1667 424 1701 459 S.
1737 425 1862 472 Georgii
1896 427 1934 462 ad

1187 472 1300 508 Velum
1329 473 1468 508 Aureum
1492 473 1596 509 subsc.

1237 522 1304 567 Ego
1326 522 1464 557 laciutus
1486 523 1563 558 diac.
1593 523 1678 559 card.
1708 523 1742 558 S.
1761 524 1881 560 ‘hilariae
1904 526 1933 561 in

1186 571 1357 606 Cosmedin
1381 572 1474 607 subsc

1234 621 1302 667 Ego
1325 621 1399 656 Otto
1422 622 1502 657 diae.
1526 622 1609 656 card.
1627 622 1659 657 S.
1676 622 1795 658 Nicolai
1816 625 1845 659 in
1861 624 1934 659 Car-

1185 683 1255 705 cere
1281 671 1426 706 Tulliano
1447 685 1489 706 ss

1233 721 1300 767 Ego
1323 720 1406 756 Boso
1427 721 1506 757 diac.
1536 722 1618 757 card.
1655 722 1705 757 Ss.
1741 722 1875 758 Cosmae
1903 733 1933 759 et

1184 769 1326 805 Damiani
1349 771 1454 806 subsc.

1232 819 1346 854 Datum
1365 821 1447 866 apud
1465 821 1620 869 Ninpham
1645 834 1700 869 per
1713 834 1839 857 manum
1858 823 1932 858 Her-

1183 871 1288 904 manni
1318 870 1350 905 S.
1387 870 1424 905 R.
1459 871 1496 905 E.
1531 871 1713 906 subdiaconi
1742 880 1772 907 et
1806 874 1930 917 notarii,

1182 930 1226 952 vn
1257 920 1326 954 idus
1355 921 1544 961 novembris,
1572 922 1795 957 incarnationis
1827 922 1930 957 domi-

1182 969 1269 1003 nicae
1290 982 1372 1004 anno
1398 982 1516 1013 MCLix,
1544 971 1714 1006 indictione
1732 984 1800 1011 vin,
1824 973 1930 1018 ponti-

1181 1018 1291 1053 ficatus
1313 1031 1385 1053 xero
1412 1020 1517 1054 domni
1545 1020 1714 1055 Alexandri
1734 1021 1777 1055 ΙΙΙ
1799 1034 1882 1055 antio
1905 1035 1926 1056 i.

1212 1075 1273 1106 Dat.
1292 1076 1339 1106 die
1359 1077 1374 1106 7
1394 1078 1561 1108 novembris
1579 1088 1656 1109 anno
1675 1078 1790 1109 Domini
1809 1080 1895 1117 1159,

1447 1127 1526 1162 pont.
1545 1133 1621 1153 anno
1644 1133 1662 1153 1.

1523 1242 1575 1277 ΙΙΙ.

1180 1313 1378 1358 Confirmatio
1405 1317 1554 1350 bonorum
1583 1318 1731 1355 omnium,
1768 1331 1804 1351 ac
1827 1319 1926 1362 privi-

1225 1365 1371 1407 Ieyiorum
1393 1368 1540 1399 concessio
1555 1369 1737 1400 monasterio
1754 1369 1788 1401 S.
1802 1359 1926 1401 Mariae

1224 1415 1259 1446 cle
1282 1415 1418 1448 Rz'eualle
1443 1417 1561 1449 ordinis
1591 1417 1793 1450 cisterciensis
1813 1419 1873 1460 (11¹).

1440 1489 1655 1521 SUMMAsstUit

1174 1553 1340 1585 Exordium.
1367 1573 1407 1578 —
1433 1556 1641 1587 Monasterium
1670 1558 1725 1588 sub
1764 1560 1922 1598 apostolica

1212 1601 1337 1639 suscipit
1353 1601 1542 1639 protectione.
1557 1619 1596 1623 —
1612 1603 1651 1631 Ac
1668 1603 1832 1641 regularem
1849 1604 1922 1634 inibi

1213 1645 1322 1674 servari
1345 1645 1477 1675 ordinem
1506 1646 1646 1683 decernit,
1663 1665 1703 1669 —
1719 1647 1796 1677 Bona
1824 1649 1920 1678 omnia

1212 1690 1376 1720 confirmat.
1396 1707 1435 1712 —
1452 1689 1484 1719 In
1502 1691 1604 1729 primis
1624 1694 1834 1722 monasterium
1853 1702 1920 1723 cum

1213 1734 1464 1772 possessionibus,
1480 1736 1566 1765 cuius
1580 1737 1653 1766 sines
1665 1737 1817 1767 describit.
1833 1755 1871 1758 ——
1882 1737 1920 1766 Ex

1211 1780 1287 1810 dono
1306 1779 1425 1809 Henrici
1443 1780 1520 1818 regis
1540 1780 1671 1818 Angliae,
1686 1798 1725 1803 -
1741 1781 1774 1811 Et
1795 1781 1919 1812 aliarum

1213 1830 1267 1854 tani
1288 1825 1572 1861 ecclesiasticarum,
1603 1834 1690 1863 quam
1724 1826 1919 1856 saecularium

1211 1879 1402 1909 personarum
1425 1877 1500 1908 quae
1524 1870 1700 1899 monasterio
1727 1870 1820 1900 eidem
1844 1871 1918 1900 dona

1210 1916 1408 1945 contulerunt.
1425 1932 1466 1936 —
1481 1913 1627 1943 Nonnulla
1646 1915 1781 1945 concedit
1799 1915 1919 1954 privile-

1211 1960 1269 1997 gia:
1290 1970 1303 1989 a
1323 1960 1447 1989 decimis
1471 1958 1579 1988 eximit.
1600 1975 1640 1980 —-
1660 1960 1700 1990 Ne
1729 1960 1796 1998 quis
1815 1959 1920 1989 audeat

1210 2005 1315 2034 fratres
1339 2004 1403 2033 sine
1430 2003 1548 2033 licentia
1567 2002 1681 2033 abbatis
1701 2004 1863 2043 suscipere.
1881 2020 1921 2026 ——·

1209 2048 1314 2078 Nullus
1337 2048 1512 2087 archiepisc.
1535 2047 1596 2076 sive
1619 2047 1710 2086 episc.
1741 2049 1847 2078 audeat
1877 2048 1920 2077 in-

1210 2094 1353 2123 terdicere
1375 2093 1472 2123 locum
1489 2092 1596 2131 ipsum.
1611 2109 1651 2113 —
1667 2091 1811 2132 Tempore
1830 2093 1921 2122 inter-

1209 2139 1278 2168 dicti
1313 2139 1400 2168 liceat
1431 2138 1525 2167 officia
1543 2136 1693 2166 celebrare
1715 2137 1843 2167 exclusis
1873 2146 1920 2166 ex-

1209 2182 1445 2213 communicatis.
1462 2199 1502 2204 —
1518 2181 1626 2211 Omnes
1655 2182 1856 2212 immunitates
1882 2182 1918 2211 ab

1209 2227 1335 2257 Henrico
1347 2236 1415 2265 rege
1432 2226 1561 2256 indultas
1574 2228 1746 2257 auctoritate
1758 2227 1918 2267 apostolica

1208 2277 1286 2302 ratas
1320 2271 1422 2309 habet3
1439 2288 1479 2293 —
1495 2270 1567 2300 Cum
1599 2271 1667 2300 aliis
1699 2271 1860 2310 privilegiis
1892 2276 1920 2301 et

1209 2317 1429 2356 praerogativis.
1447 2333 1487 2338 —
1504 2315 1611 2345 Solitae
1634 2315 1794 2345 clausulae.

1169 2372 1299 2402 Alexander
1320 2373 1441 2412 episcopus
1462 2381 1539 2402 servus
1552 2380 1668 2400 servornm
1685 2370 1736 2405 Dei„
1755 2370 1846 2400 ‹lilrrtis
1864 2370 1918 2400 filiis

1207 2413 1308 2442 Acti-edo
1321 2412 1398 2442 abbati
1414 2412 1546 2442 monasterii
1563 2411 1657 2441 Sanctae
1669 2411 1754 2440 Mariae
1765 2411 1792 2439 tle
1803 2410 1915 2447 hierone,

1208 2454 1302 2491 eiusque
1331 2452 1446 2490 fratribus,
1474 2457 1520 2481 tani
1554 2451 1711 2490 praesentibus
1743 2460 1810 2489 quain
1837 2450 1916 2480 sntnris

1208 2493 1357 2522 monasticam
1379 2493 1448 2522 ritant
1466 2491 1582 2531 professis,
1600 2492 1621 2520 in
1637 2495 1782 2530 perpetuum.

1219 2551 1385 2597 Religiosis
1407 2550 1486 2584 rotis
1519 2561 1671 2593 annuere,
1697 2557 1727 2583 et
1754 2561 1789 2583 ea
1812 2548 1916 2594 operis

1169 2599 1360 2634 exhibitione
1383 2600 1553 2647 complere,
1572 2599 1708 2633 officinm
1732 2609 1789 2632 nos
1809 2597 1916 2631 invitat

1204 2667 1242 2701 (l)
1264 2667 1299 2692 Ex
1319 2669 1381 2692 tom.
1401 2674 1419 2692 ιι
1441 2666 1551 2693 Monast.
1572 2665 1671 2700 Anglic.

1953 270 2004 297 Αη.
2017 270 2046 298 C.
2068 270 2134 298 ¹159
