2180 3205
30 266 78 295 An.
97 265 126 293 C.
144 263 210 292 1t32

72 929 209 951 Pati-{archae

43 956 169 983 miletensis
174 956 209 977 iu-

27 982 120 1004 mietio
129 983 151 1004 ln
161 988 209 1003 sex-

25 1009 95 1031 helm
121 1010 208 1037 episco-

27 1038 96 1063 μω.

837 256 1046 281 ΙΝᾸΟΟΕΝΤΙΓΞ
1069 256 1090 278 ll
1115 255 1162 277 ΙΨ.

234 321 403 370 splendore
436 320 572 368 positas,
599 319 675 353 alias
703 319 732 352 in
761 315 877 358 medio,
909 313 984 348 alias

236 372 266 406 in
292 372 400 406 ultimo
421 371 601 405 collocatas.
626 368 738 403 Sancta
763 375 898 410 namque
919 363 985 397 tto-

235 433 325 456 mana
354 421 506 459 Ecclesia,
541 431 621 466 quae
653 417 690 451 ab
725 416 792 462 ipso
823 413 984 466 Salvatore

235 482 289 517 per
304 470 428 504 beatum
450 470 577 504 l‘etrum
606 466 814 514 principatum
837 462 984 516 obtinuit,

233 519 363 566 opilices
402 531 488 561 suos,
522 518 600 552 alios
634 515 802 562 episcopos
833 512 983 549 instituit,

231 569 285 616 qui
308 568 392 603 clero
415 574 584 615 praeessent
605 572 635 600 et
663 564 851 610 populorum
875 571 983 594 curam

231 619 406 652 animarum
429 623 590 663 gererent:
614 614 691 648 alios
717 610 983 665 archiepiscopos,

233 667 286 714 qui
308 667 466 714 episcopis
495 676 622 699 manum
652 668 900 696 consecrationis
925 670 984 691 im-

233 723 396 763 ponerent,
419 723 449 749 et
471 715 536 748 iura
559 713 670 747 dantes
689 717 840 757 potestate
862 715 984 762 *metro-

235 766 334 812 polica
349 764 480 799 concilia
499 762 710 798 celebrarent:
730 759 808 793 alios
823 764 983 811 primates,

231 815 284 862 qui
307 815 363 849 soli
385 814 531 849 Romano
552 811 720 846 subessent
754 806 918 845 Pontifici,
953 814 984 860 et

230 876 327 911 super
353 862 610 909 archiepiscopos
643 866 673 893 et
711 856 888 905 provincias
924 868 984 901 pri-

231 921 350 948 matum
366 912 527 947 haberent.
542 910 588 944 Ea
605 915 744 956 propter,
761 906 874 941 dilecte
891 904 984 939 frater

233 963 263 997 in
277 961 404 997 Christo
419 960 602 1007 Peregrine,
627 956 839 1004 Aquileiensis
859 954 985 1000 patriar-

230 1011 301 1056 cha,
328 1011 382 1046 tibi
417 1019 448 1046 et
474 1022 530 1056 per
557 1017 586 1043 te
619 1006 751 1041 Sanctae
784 1003 981 1051 Aquileiensi

232 1060 412 1101 Ecclesiae,
435 1061 505 1103 cui,
532 1065 658 1093 auctore
680 1056 748 1090 Deo
779 1065 911 1100 praeesse
933 1052 984 1086 di-

232 1110 382 1154 nosceris,
405 1116 590 1157 potestatem
617 1118 714 1153 super
740 1102 897 1138 sexdecim
921 1102 984 1148 epi-

229 1166 389 1207 scopatus,
404 1151 982 1198 videlieetPolensem,Tergestinum,

230 1208 456 1248 Parentinum,
493 1207 720 1243 petenensem,
754 1202 981 1240 Emonensem,

230 1257 518 1297 Concordiensem,
551 1254 801 1289 Tarvisiensem,
821 1250 983 1284 Ceueteu-

231 1319 310 1348 sem,
324 1307 549 1349 Belonensem,
562 1304 771 1339 Feltrensem,
784 1299 982 1343 paduanum,

233 1356 454 1395 Vicentinum,
481 1353 723 1395 Tridentiuum,
755 1349 981 1388 Mantuanum,

233 1405 469 1449 Veronensem,
513 1403 718 1440 Cumanum,
754 1397 983 1445 metropolitico

231 1456 298 1490 iure
312 1454 534 1490 concedimus:
555 1451 695 1487 abbatias
710 1459 848 1496 quoque,
864 1446 983 1481 scilicet

228 1503 466 1547 osciacensem,
492 1502 715 1541 Mosicensem,
740 1496 982 1540 Rosaciensem,

229 1553 454 1593 Beliniensem,
476 1551 677 1593 Sextensem,
698 1547 874 1589 Priensem,
902 1544 984 1580 San-

228 1610 306 1638 ctam
329 1602 458 1637 Mariani
486 1601 526 1636 ad
562 1600 746 1645 Organum,
776 1595 831 1630 tibi
864 1603 893 1629 et
923 1594 984 1628 tuis

228 1651 465 1687 successoribus
487 1650 638 1685 duximus
657 1645 861 1682 roborandas.
885 1644 982 1678 Pallei

230 1713 301 1736 rero
330 1713 440 1745 usum,
476 1698 653 1740 rationalis,
688 1704 781 1742 atque
816 1693 903 1728 nacci
927 1696 983 1737 (l),

227 1751 280 1797 qui
305 1748 606 1798 praedecessoribus
628 1746 689 1780 tuis
713 1757 769 1792 pro
792 1744 893 1790 ipsius
922 1742 984 1777 Ec-

1660 244 1727 253 ..o—-

1661 255 1731 275 Oli)

1027 318 1204 358 praestante
1220 310 1369 351 Domino,
1399 310 1512 357 poterit
1527 309 1670 357 adipisci,
1690 309 1778 344 lirina

1027 360 1125 399 vobis,
1161 368 1190 394 et
1218 359 1332 394 illibata
1362 368 1586 406 permaneant:
1614 360 1699 394 salvo
1727 360 1780 393 ni-

1026 410 1140 443 mirum
1165 409 1193 443 in
1218 409 1367 443 omnibus
1389 417 1515 444 sanctae
1538 409 1699 444 Romanae
1715 408 1779 443 Ec-

1025 458 1138 493 clesiae
1177 459 1242 492 iure
1274 470 1308 492 ac
1344 459 1528 493 reverentia.
1571 457 1779 493 Decernimus

1025 520 1111 553 ergo,
1136 515 1167 542 ut
1191 507 1266 542 nulli
1292 507 1454 541 hominum
1479 507 1583 552 liceat,
1607 507 1778 555 praefatam

1026 557 1200 591 Ecclesiam
1234 565 1349 591 temere
1391 557 1590 603 perturbare,
1619 564 1673 591 aut
1708 557 1778 591 eius

1027 606 1244 652 possessiones
1262 605 1396 648 auferre,
1419 605 1464 640 vel
1488 606 1606 641 ablatas
1629 607 1778 647 retinere,

1026 655 1186 695 minuere,
1213 663 1267 689 aut
1302 653 1459 701 aliquibus
1494 655 1709 690 vexationibus
1731 655 1780 690 sa-

1025 705 1140 750 tigare;
1168 704 1222 739 sed
1261 704 1366 738 omnia
1395 704 1514 750 integre
1549 712 1778 740 conserventur

1025 766 1147 798 eorum,
1171 766 1226 800 pro
1245 765 1378 800 quorum
1399 753 1629 799 gubernatione
1651 762 1681 788 et
1700 754 1778 788 suh-

1025 804 1214 837 stentatione
1236 814 1385 837 concessa
1414 811 1499 843 sunt,
1536 803 1645 837 usibus
1671 803 1777 837 omni-

1025 853 1128 887 modis
1151 852 1322 898 prol'utura.
1347 850 1379 885 Si
1399 864 1459 898 qua
1477 852 1571 898 igitur
1587 852 1616 886 in
1635 852 1775 887 futurum

1024 901 1234 938 ecclesiastica
1271 900 1481 935 saecularisve
1508 913 1664 948 persona,
1696 901 1777 936 hanc

1025 960 1149 986 nostrae
1188 950 1422 985 constitutionis
1468 951 1613 998 paginam
1654 951 1776 995 sciens,

1025 1009 1134 1035 contra
1161 1012 1228 1035 eam
1253 1008 1370 1034 temere
1395 1000 1500 1035 venire
1525 1001 1700 1044 tentaverit,
1725 1012 1777 1035 sc-

1025 1049 1130 1084 cundo
1158 1050 1287 1084 tertiove
1314 1049 1518 1087 commonita,
1542 1050 1567 1084 si
1591 1062 1653 1084 non
1682 1049 1776 1084 satis-

1025 1099 1158 1134 factione
1181 1110 1317 1145 eongrua
1353 1098 1577 1139 emendaverit,
1613 1099 1776 1146 potestatis

1025 1149 1217 1195 honorisque
1243 1149 1290 1183 sui
1314 1147 1466 1194 dignitate
1488 1156 1603 1189 careat,
1627 1160 1775 1194 reamque

1024 1211 1056 1233 se
1083 1197 1189 1232 divino
1217 1197 1333 1232 iudicio
1364 1197 1499 1232 existere
1528 1197 1566 1232 de
1594 1206 1772 1244 perpetrata

1024 1255 1193 1293 cognoscat
1231 1246 1414 1294 iniquitate,
1449 1254 1479 1281 et
1513 1259 1528 1281 a
1562 1247 1774 1281 sacratissimo

1023 1296 1165 1344 Corpore
1188 1304 1217 1331 et
1244 1295 1406 1342 Sanguine
1432 1295 1491 1329 Dei
1510 1308 1545 1330 ac
1563 1295 1689 1330 Domini
1710 1295 1775 1330 Re-

1024 1346 1200 1392 demptoris
1228 1346 1324 1379 nostri
1348 1344 1418 1379 lesu
1442 1344 1559 1379 Christi
1584 1345 1684 1379 aliena
1712 1345 1775 1384 fiat,

1024 1404 1116 1442 atque
1145 1396 1174 1429 iu
1203 1403 1342 1429 extremo
1365 1394 1508 1428 examine
1543 1394 1703 1429 districtae
1726 1394 1775 1428 ul-

1025 1446 1100 1479 tioni
1142 1444 1311 1479 subiaceat.
1353 1442 1487 1478 Cunctis
1526 1451 1629 1478 autem
1668 1443 1772 1478 eidem

1024 1494 1184 1529 Ecclesia'e
1204 1494 1283 1527 iusta
1303 1492 1502 1527 servantibus
1516 1493 1554 1527 sit
1571 1505 1629 1539 pax
1646 1492 1773 1527 Domini

1025 1545 1121 1579 nostri
1146 1545 1214 1578 lesu
1237 1542 1371 1582 Christi,
1402 1549 1559 1589 quatenus
1581 1550 1610 1576 et
1637 1542 1688 1576 bic
1711 1542 1777 1575 sru-

1025 1602 1108 1628 ctum
1133 1593 1237 1627 bonae
1265 1591 1396 1626 actionis
1429 1591 1603 1639 percipiant
1632 1599 1662 1625 et
1689 1590 1772 1638 apud

1025 1643 1201 1677 districtum
1218 1641 1357 1676 Iudicem
1375 1640 1513 1688 praemia
1530 1648 1674 1676 aeternae
1694 1640 1779 1688 pacis

1026 1692 1200 1727 inveniant.
1223 1692 1336 1725 Amen.

1075 1742 1146 1776 EGo
1172 1741 1383 1775 Ixxocasrins
1410 1739 1582 1774 catholicae
1618 1738 1779 1773 Ecclesiae

1804 267 1852 293 An.
1874 265 1901 293 C.
1922 265 1987 293 1132

1817 474 1933 494 Decretum
1949 474 1990 494 im-

1804 501 1920 521 munit-ns
1963 502 1989 521 ab

1803 528 1863 548 omni
1898 530 1989 548 externa

1803 554 1911 579 molestia;

1831 874 1854 894 Et
1869 873 1988 894 confirma-

1806 900 1871 920 tionis
1879 901 1988 926 privilegii

1804 927 1870 947 huius
1885 926 1926 947 sub
1937 927 1988 948 soti-

1805 954 1832 974 tis
1847 953 1960 975 clausulis.

1818 1763 1940 1783 lnnoceutii
1950 1763 1986 1783 ΓΡ

1804 1793 1826 1809 et
1834 1792 1853 1809 S.
1865 1791 1888 1810 R.
1899 1791 1919 1810 Β.
1929 1791 1987 1810 card.

228 1800 342 1834 clesiae
364 1799 517 1846 dignitate
539 1810 556 1832 a
587 1795 701 1830 nostris
731 1791 984 1828 antecessoribus
1003 1785 1006 1795 ’
1025 1791 1196 1839 episcopus
1219 1789 1406 1836 subscripsi.

230 1857 278 1884 est
311 1860 498 1889 concessus,
526 1858 585 1881 nos
625 1853 687 1879 tam
715 1843 771 1877 tibi
801 1853 894 1889 quam
923 1840 1006 1887 tuis]
1075 1841 1141 1886 Ego
1164 1839 1303 1874 Ubertus
1339 1838 1501 1885 presbyter
1535 1837 1704 1873 cardinalis
1732 1837 1777 1871 tit.

229 1897 469 1933 successoribus
500 1895 745 1932 confirmamus,
770 1891 820 1926 his
840 1889 986 1925 videlicet
1025 1890 1060 1925 S.
1084 1888 1260 1924 Clementis
1282 1887 1470 1934 subscripsi.

228 1947 360 1987 diebus,
386 1946 439 1993 qui
468 1946 499 1980 in
527 1943 689 1979 Ecclesiae
713 1951 783 1976 tuae
813 1932 1008 1991 privilegiis}
1075 1939 1144 1985 Ego
1167 1938 1337 1972 Anselmus
1366 1937 1527 1984 presbyter
1548 1935 1715 1971 cardinalis
1733 1936 1779 1970 tit.

229 1997 445 2031 continentur.
469 1995 552 2030 Sane
574 2003 779 2040 quocumque
797 1989 985 2036 perrexeris,
1026 1988 1060 2023 S.
1089 1987 1248 2023 Laurentii
1277 1987 1308 2021 in
1331 1987 1450 2021 Lucina
1478 1986 1666 2032 subscripsi.

228 2058 354 2081 crucem
378 2054 406 2080 te
428 2053 459 2079 et
486 2052 557 2079 tuos
578 2053 780 2077 successores
811 2038 986 2079 deserendi,
1076 2038 1145 2084 Ego
1168 2036 1329 2071 Sozilinus
1357 2035 1518 2082 presbyter
1545 2034 1712 2069 cardinalis
1732 2033 1777 2068 tit.

230 2095 400 2134 licentiam,
422 2093 610 2129 auctoritate
626 2090 707 2125 beati
725 2089 807 2124 Petri
827 2097 856 2122 et
883 2096 987 2122 nostra
1027 2087 1061 2122 S.
1085 2086 1223 2121 Ceciliae
1250 2085 1436 2130 subscripsi.

228 2143 389 2190 largimur.
413 2143 514 2178 Porro
541 2141 725 2179 comitatus,
757 2137 927 2172 marchiam
958 2145 988 2170 et
1077 2135 1144 2181 Ego
1166 2135 1269 2170 Lucas
1301 2134 1464 2181 presbyter
1499 2132 1666 2167 cardinalis
1700 2131 1782 2166 tituli

229 2193 398 2231 ducatum,
428 2191 587 2238 regalibus
609 2202 664 2224 seu
693 2186 912 2234 imperialibus
933 2185 989 2231 pri·
1029 2185 1218 2220 Sanctorum
1243 2183 1390 2218 lobannis
1420 2190 1451 2217 et
1478 2181 1566 2216 Pauli
1589 2181 1777 2227 subscripsi.

235 2242 358 2288 vilegiis
380 2241 542 2276 Ecclesiae
564 2248 635 2273 tuae
653 2249 816 2279 concessa,
839 2247 896 2269 nos
914 2246 990 2280 quo-
1078 2234 1146 2279 Ego
1165 2233 1329 2267 Romanus
1351 2232 1504 2266 diaconus
1518 2230 1687 2265 cardinalis
1707 2230 1784 2265 San-

233 2303 295 2338 que
320 2290 494 2338 praesentis
515 2288 631 2323 decreti
653 2286 814 2321 sanctione
836 2283 991 2318 niliilomi-
1029 2291 1096 2317 ctae
1119 2282 1234 2316 Mariae
1263 2283 1291 2315 in
1319 2281 1447 2316 Porticu
1470 2280 1656 2325 subscripsi.

233 2352 295 2374 nus
309 2339 508 2374 roboramus.
525 2337 702 2372 Statuimus
717 2335 824 2377 etiam,
848 2341 879 2367 ut
895 2344 990 2379 qnas-
1080 2331 1148 2378 Ego
1161 2331 1336 2377 Gregorius
1358 2330 1510 2364 diaconus
1524 2328 1694 2363 cardinalis
1707 2328 1784 2362 San-

228 2393 370 2436 'cumque
395 2388 633 2436 possessiones,
664 2394 884 2431 quaecumque
910 2382 990 2415 bona
1031 2389 1151 2416 ctorum
1174 2380 1275 2426 Sergii
1298 2388 1326 2413 et
1358 2379 1474 2413 Bacchi
1498 2377 1683 2423 subscripsi.

234 2438 454 2486 Aquileiensis
470 2435 610 2470 Ecclesia
627 2432 919 2480 impraesentiarum
941 2430 991 2464 iu-
1079 2430 1148 2476 Ego
1170 2429 1350 2474 Stephanus
1376 2427 1529 2462 diaconus
1559 2426 1728 2462 cardinalis
1750 2425 1784 2461 S,

235 2496 283 2523 ste
311 2496 342 2522 et
367 2487 510 2534 legitime
533 2483 685 2532 possidet,
707 2489 761 2516 aut
785 2481 814 2515 in
839 2480 991 2524 futurum,
1030 2479 1148 2514 Luciae
1173 2480 1202 2512 in
1226 2478 1354 2524 Orphea
1377 2476 1561 2523 subscripsi.

1080 2528 1147 2573 Ego
1162 2528 1236 2562 Otto
1258 2527 1409 2561 diaconus
1424 2525 1591 2560 cardinalis
1604 2524 1637 2560 S.
1652 2524 1780 2571 Georgi?

1032 2578 1067 2612 ad
1096 2577 1208 2611 Velum
1237 2576 1378 2610 Aureum
1407 2575 1593 2622 subscripsi.

1080 2626 1194 2661 Datum
1206 2626 1395 2669 Placentiae,
1411 2637 1466 2672 per
1478 2636 1605 2659 manum
1622 2622 1784 2672 Aymerici

1803 1817 1986 1843 subscriptiones

53 1902 110 1923 Pau-i
123 1908 175 1924 usus
186 1906 208 1924 rt

27 1930 96 1950 erm-,is
127 1930 208 1951 detat'o

26 1960 76 1976 ante
88 1961 111 1976 sn
124 1955 206 1977 consu--

27 1985 122 2007 uniunt}

53 2342 106 2365 ltem
119 2348 140 2365 et
151 2345 207 2366 baria

27 2370 98 2391 unni·
111 2370 138 2392 ad
147 2377 208 2393 eam-

27 2395 75 2418 tkm
89 2397 207 2420 Eec‘esiam

27 2425 142 2470 ἓμπιωιῐῦε
157 2430 208 2445 cor-

44 2454 149 2472 unm-tur.

270 2560 310 2596 (l)
330 2561 449 2587 Naccum
471 2561 498 2585 et
520 2557 646 2588 Nectum,
671 2553 817 2589 stragulum
843 2560 897 2588 quo
918 2555 991 2579 totus

235 2612 321 2640 equus
336 2604 509 2631 insternitur:
533 2600 722 2635 metaphorice,
739 2597 855 2632 stragula
881 2605 926 2623 seu
943 2604 991 2622 ca-

236 2651 294 2680 suta
309 2650 428 2678 ambiens
445 2653 530 2675 totum
547 2654 644 2682 corpus
661 2644 816 2672 sacerdotis.
862 2647 901 2676 tn.
916 2642 956 2676 T.)
