2180 3205
172 275 220 302 Λ11.
238 275 267 302 (ἶ.
291 277 358 303 1110

207 637 357 659 Sacraments-

171 670 215 684 rum
236 671 283 683 11-1-«1
294 665 356 684 cotta·

170 691 200 711 tio
224 696 289 716 penes
317 691 356 711 loci

171 718 293 744 episcopum
302 725 307 743 ;

183 1279 220 1303 Qut
232 1282 301 1300 tamen
313 1279 355 1299 nu!-

168 1307 209 1327 lum
221 1307 252 1326 ius
263 1308 355 1327 exactio-

168 1334 200 1353 1115
222 1335 258 1353 siut
281 1338 355 1358 grava-

168 1360 230 1380 minis
251 1362 356 1379 monaste.

167 1392 199 1407 ru>
223 1388 259 1406 aut
283 1392 354 1406 1110113-

169 1414 214 1433 ctiis
234 1412 354 1438 miponenvti

168 1440 255 1460 haheat.

195 1520 274 1539 Census
289 1524 354 1539 annu-

169 1552 192 1566 us
204 1546 254 1566 Sedi
266 1547 354 1571 Aposto-

168 1573 222 1619 1111116
233 1573 354 1598 persolven-

195 1678 276 1699 Sotitae
297 1678 353 1698 etan-

169 1706 234 1726 sutae·
244 1705 352 1732 poenales.

431 252 502 286 262

379 319 518 364 quolibet
549 329 767 351 successorum
798 316 903 350 nullus
932 316 971 350 ibi
995 317 1131 362 qnalibet

983 261 1061 283 BUU,
1071 261 1168 283 tium!
1194 261 1261 282 [1011
1273 261 1354 283 mvn

1227 317 1296 351 Eoo
1340 316 1521 352 essentne
1562 317 1734 354 catholicae
1765 319 1928 355 Ecclesiae

379 367 592 411 subreptionis
620 367 728 400 astutia
752 378 805 400 Seu
832 367 974 400 violentia
999 379 1131 412 praepo-
1174 367 1348 413 episi-opus
1370 367 1557 412 subscripsi.

378 427 481 457 natur,
506 416 564 450 nisi
588 428 682 462 quem
719 415 829 450 fratres
862 428 1022 449 commum
1059 428 1132 450 con-

376 478 483 504 sensu,
508 465 555 498 vel
579 465 708 499 fratrum
735 477 806 511 pars
828 464 953 499 consilii
976 464 1129 508 sanioris,

377 514 422 549 vel
451 514 489 547 de
517 526 575 548 suo
612 515 656 547 vel
685 513 724 548 de
746 514 862 557 alieno,
895 515 918 547 si
943 515 1128 560 oportuerit,

377 562 511 609 collegio
546 563 722 597 secundum
762 563 818 598 Dei
853 563 997 598 timorem
1033 571 1063 598 et
1092 563 1128 597 B.

376 611 539 647 Benedicti
584 613 723 659 regulam
763 612 926 658 clegerint.
966 612 1129 655 Chrisma,

375 662 490 696 Oleum
515 670 671 706 sanctum,
707 662 965 697 consecrationes
984 662 1128 696 altarium

375 712 440 746 sive
463 711 681 755 basilicarum,
717 712 931 746 ordinationes
963 711 1130 746 monacho-

376 773 457 801 rum,
485 761 537 807 qui
571 761 608 795 ad
631 773 738 795 sacros
770 761 897 795 ordines
924 761 1127 807 promovendi

376 819 460 850 sunt,
495 810 534 844 ab
561 810 647 857 ipso,
686 811 716 844 in
745 810 836 844 cuius
862 810 997 844 dioecesi
1033 811 1127 850 estis,

375 859 539 905 accipietis
560 860 722 906 episcopo,
745 860 770 893 si
798 859 924 906 quidem
946 859 1076 905 gratiam
1099 868 1129 893 et

376 909 634 943 communionem
650 908 852 955 Apostolicae
866 908 959 942 Sedis
974 908 1129 951 habuerit,

377 965 408 992 et
430 958 454 992 si
488 970 524 992 ca
557 958 654 1004 gratis
675 966 706 992 et
732 958 800 992 sine
823 958 972 1004 pravitate
996 957 1128 992 voluerit

377 1006 541 1047 exhil)ere;
570 1007 720 1053 alioquin,
756 1006 847 1041 liceat
873 1007 962 1041 vobis
998 1006 1129 1041 catholi-

376 1067 461 1100 cum,
488 1068 582 1102 quem
608 1056 801 1096 malueritis,
828 1056 916 1090 adire
938 1056 1128 1096 antistitem,

376 1114 407 1140 et
428 1105 467 1139 ab
493 1117 531 1140 eo
562 1106 832 1140 consecrationem
869 1114 898 1139 et
932 1113 1128 1139 sacramenta

375 1155 550 1201 suscipere,
589 1154 643 1202 qui
681 1154 883 1202 Apostolicae
905 1153 998 1189 Sedis
1033 1154 1130 1189 fultus

376 1203 576 1245 auctoritate,
613 1216 692 1250 quae
715 1204 923 1251 postulantur,
957 1203 1127 1250 indulgeat.

375 1252 474 1287 Porro
497 1265 554 1288 nec
593 1254 762 1300 episcopo,
791 1266 848 1288 nec
875 1254 1015 1299 episcopi
1041 1254 1130 1288 mini-

377 1303 450 1337 stris
473 1302 603 1337 facultas
629 1304 670 1337 sit
698 1315 793 1337 novas
815 1302 969 1349 quaslibet
991 1303 1129 1337 exactio-

381 1364 436 1386 nes
458 1352 516 1398 ipsi
545 1352 614 1386 loco
637 1352 791 1395 indicere,
815 1361 866 1386 aut
889 1364 1054 1397 gravamen
1087 1353 1128 1386 in-

379 1401 470 1444 serre,
493 1409 545 1435 aut
564 1401 595 1434 in
618 1401 760 1436 abbatem
776 1401 835 1435 loci
850 1401 1129 1448 sineApostolicac

378 1450 471 1484 Sedis
493 1462 624 1484 censura
648 1463 774 1485 manum
798 1450 1004 1497 depositionis
1025 1458 1130 1484 exten-

379 1499 464 1534 dere.
509 1499 556 1533 Ad
602 1499 745 1534 inditium
779 1507 882 1534 autem
922 1508 1086 1546 perceptae
1113 1512 1127 1534 a

377 1548 520 1583 Romana
558 1548 698 1584 Ecclesia
736 1549 938 1596 protectionis
965 1549 1126 1583 dimidiam

375 1598 441 1632 auri
463 1598 585 1632 unciam
603 1600 773 1645 quotannis
788 1598 990 1633 Lateranensi
1015 1598 1128 1645 palatio

378 1647 574 1693 persolvetis.
611 1648 644 1682 Si
679 1648 751 1695 quis
774 1648 870 1693 igitur
898 1648 928 1681 in
955 1648 1126 1682 crastinum

375 1697 633 1744 archiepiscopus
660 1705 712 1731 3111
740 1698 923 1744 episcopus,
959 1697 1129 1743 imperator

375 1754 428 1780 aut
460 1758 525 1786 rex,
550 1746 698 1793 princeps
733 1754 785 1780 aut
809 1746 884 1787 dux,
907 1758 1025 1783 comes,
1049 1747 1128 1780 vice-

375 1808 497 1838 comes,
531 1796 659 1841 stratigo
698 1803 752 1830 aut
775 1795 880 1836 iudex,
916 1796 1127 1830 ecclesiastica

375 1844 534 1891 quaelihet
561 1845 770 1879 saecularisve
794 1857 939 1890 persona,
964 1845 1046 1879 banc
1068 1857 1129 1879 no—

375 1902 457 1928 strae
472 1894 708 1928 constitutionis
725 1894 867 1940 paginam
884 1894 1000 1934 sciens,
1019 1902 1127 1928 contra

376 1955 445 1977 eam
479 1951 596 1977 temere
631 1944 738 1977 venire
764 1943 952 1987 tentaverit,
988 1943 1128 1977 secundo

376 1992 507 2026 tertiove
544 1993 748 2031 commonita,
776 1992 801 2026 si
825 2005 886 2026 non
915 1992 1128 2026 satisfactione

1222 415 1337 450 Datum
1360 415 1529 449 Beneventi
1555 428 1608 461 per
1627 428 1753 451 manum
1778 417 1928 453 lobannis

1172 465 1205 499 S.
1223 464 1262 500 R.
1280 465 1315 499 E.
1330 465 1498 499 cardinalis
1517 473 1546 499 et
1562 464 1802 510 bibliothecarii,
1823 467 1928 502 idibus

1173 514 1249 557 iulii,
1277 515 1385 548 indict.
1414 527 1463 557 iii,
1489 515 1713 549 iucarnationis
1746 515 1927 551 dominicae

1173 576 1254 603 inex,
1283 563 1484 610 pontificatus
1508 572 1613 598 autem
1641 563 1680 598 D.
1707 564 1867 600 Paschalis
1898 565 1927 600 11

1172 625 1256 647 anno
1288 626 1337 648 xi.

1230 669 1292 700 Dat.
1317 670 1364 700 die
1386 670 1421 699 15
1440 669 1502 699 iulii
1527 679 1603 700 anno
1627 669 1741 701 Domini
1774 670 1866 708 1110,

1421 714 1523 753 pontif.
1542 724 1618 744 anno
1640 723 1678 744 XI.

1487 872 1599 908 XLIV.

1175 948 1373 993 Pri'v1'leqi'vciri
1422 950 1581 982 paschatis
1622 950 1687 983 PP.
1729 952 1812 995 quod
1845 952 1923 996 facit

1219 999 1400 1042 imperatori
1429 999 1560 1031 llrnrz'co
1583 1000 1618 1032 dc
1643 1000 1827 1034 investituris
1862 1002 1922 1046 epi-

1219 1055 1397 1092 scopatuum
1420 1055 1445 1080 et
1468 1049 1663 1082 abbatiarum
1689 1052 1749 1092 (l).

1438 1127 1651 1157 somniantum

1171 1190 1365 1230 Imperatores
1388 1191 1505 1222 Henriei
1529 1194 1774 1232 praedecessores
1785 1203 1924 1224 coronam

1210 1245 1349 1265 romanae
1366 1236 1449 1266 urbis
1474 1238 1649 1276 consequuti
1679 1242 1759 1275 sunt;
1780 1254 1819 1260 -
1844 1237 1924 1268 Hanc

1210 1279 1341 1309 Pontifex
1354 1280 1478 1309 ilenrico
1491 1282 1721 1320 praerogativam
1731 1282 1926 1319 concedit3—

1210 1324 1258 1353 lus
1280 1325 1478 1362 investiturae,
1498 1325 1596 1363 virgae
1615 1330 1642 1355 et
1661 1325 1763 1355 annuli
1780 1325 1805 1354 ei
1822 1325 1925 1355 tribuit

1210 1369 1415 1408 episcoporum
1437 1373 1464 1398 et
1485 1368 1635 1405 abbatum,
1663 1369 1712 1408 qui
1733 1374 1830 1407 postea
1851 1379 1922 1399 con-

1210 1414 1345 1442 secrandi
1358 1418 1435 1442 sunt.
1447 1429 1486 1435 -
1500 1413 1606 1443 Solitae
1619 1413 1780 1442 clausulae.
1826 1414 1866 1452 (11.
1882 1414 1921 1452 τ.)

1170 1477 1288 1507 Pasrlialis
1310 1479 1430 1517 epinopns
1451 1488 1527 1507 servus
1549 1487 1664 1508 servorum
1687 1478 1738 1516 Dei,
1762 1478 1848 1509 dilecto
1873 1479 1923 1509 titio

1209 1523 1316 1553 lleinrico
1349 1524 1417 1561 Regi,
1442 1527 1464 1552 et
1490 1523 1538 1551 eius
1563 1522 1742 1561 successorihus,
1771 1523 1869 1553 salutem
1899 1527 1923 1553 et

1209 1569 1358 1606 apostolicam
1382 1567 1578 1597 benedictionem.

1220 1633 1364 1679 Regnum
1414 1642 1550 1668 vestrum
1593 1638 1728 1668 sanctae'
1759 1634 1922 1669 Ecclesiae

1169 1683 1368 1729 singulariter
1401 1683 1593 1726 adhaerere,
1628 1683 1793 1729 dispositio
1815 1683 1921 1718 divina

1169 1733 1341 1773 constituit,
1366 1740 1396 1767 et
1420 1733 1677 1779 praedecessores
1703 1733 1795 1767 vestri
1820 1733 1922 1779 probi-

1171 1783 1240 1816 tatis
1262 1791 1292 1816 et
1319 1782 1533 1828 providentiae
1555 1782 1717 1828 amplioris
1738 1782 1834 1827 gratia
1854 1781 1921 1816 Ro-

1170 1843 1280 1865 manae
1310 1831 1394 1865 nrbis
1423 1844 1570 1865 coronam
1598 1839 1629 1865 et
1651 1831 1819 1877 imperium
1847 1843 1921 1865 con-

1168 1881 1267 1915 secuti
1291 1889 1381 1914 sunt:
1414 1881 1450 1914 ad
1486 1881 1576 1914 cuius
1603 1880 1748 1914 videlicet
1782 1892 1919 1915 coronae

1169 1938 1199 1964 et
1222 1930 1344 1976 imperii
1367 1929 1550 1975 dignitatem
1585 1937 1667 1963 tuam
1691 1941 1817 1976 quoque
1846 1941 1919 1976 per-

1169 1991 1290 2017 sonam,
1314 1978 1356 2012 fili
1379 1979 1561 2012 charissime
1580 1978 1729 2021 Henrice,
1753 1990 1807 2025 per
1825 1978 1920 2012 nostri

377 2053 515 2087 congrua
543 2041 769 2085 emendaverit,
797 2042 959 2088 potestatis
982 2042 1128 2075 honoris,
1147 2027 1335 2071 {sacerdotii
1384 2029 1591 2061 ministerium
1626 2027 1771 2061 Maiestas
1814 2027 1920 2062 divina

377 2102 439 2137 que
461 2090 508 2124 sui
532 2090 683 2136 dignitate
707 2098 826 2134 carcat,
855 2102 1002 2136 reamque
1030 2103 1063 2125 se
1085 2091 1130 2123 di-

378 2141 450 2174 vino
473 2139 589 2174 iudicio
624 2140 758 2174 existere
790 2140 828 2174 (le
865 2148 1039 2186 perpetrata
1068 2141 1129 2173 {ni-

1172 2078 1321 2123 provexit.
1358 2076 1445 2111 Illam
1483 2077 1578 2123 igitur
1605 2076 1765 2122 dignitatis
1793 2088 1922 2122 praero-

1169 2128 1316 2171 gativam,
1345 2138 1438 2172 (1113111
1463 2125 1721 2172 praedecessores
1744 2125 1842 2160 nostri
1865 2137 1921 2160 ve-

377 2189 496 2236 qujme
519 2198 698 2234 cognoscat,
726 2198 755 2223 e,
778 2202 793 2223 a
817 2191 1027 2223 sacratissimo
1055 2188 1129 2223 Cor,
1148 2177 1242 2231 151115
1271 2175 1565 2222 snaedecessoribus
1593 2174 1755 2209 catholicis
1778 2174 1922 2222 impera-

379 2250 453 2284 pore
475 2247 504 2273 et
525 2238 687 2284 Sanguine
715 2238 769 2272 Dei
793 2247 821 2272 et
844 2238 973 2272 Domini
996 2238 1127 2272 116116111-
1147 2248 1151 2290 1

380 2288 477 2334 ptoris
520 2288 618 2322 nostri
657 2288 726 2322 Iesu
766 2287 884 2321 Christi
920 2287 1019 2321 aliena
1057 2287 1151 2325 siant
1192 2324 1195 2327 ,
1257 2324 1272 2328 ,,
1362 2324 1367 2328 ,
1510 2322 1518 2330 Ί
1911 2321 1919 2327 ,

1148 2322 1273 2367 lvdegn
1299 2335 1410 2368 pagina
1437 2324 1678 2356 contirmamus:
1708 2331 1741 2355 ut
1763 2333 1849 2367 regni
1874 2329 1920 2356 1111

378 2345 472 2382 atque
495 2336 524 2370 in
553 2344 693 2371 extremo
731 2339 873 2371 examine
900 2336 1058 2370 districtae
1087 2336 1130 2369 ui-

379 2386 456 2419 tioni
470 2385 639 2420 subiaceat.
662 2385 795 2420 Cunctis
813 2394 917 2419 autem
941 2386 1041 2419 eidem
1060 2384 1129 2418 loco
1148 2401 1152 2436 1

379 2434 457 2468 iusta
499 2435 697 2469 servantibus
718 2436 757 2469 sit
795 2448 852 2481 pax
876 2434 1000 2468 Domini
1031 2435 1126 2467 nostri
1148 2441 1152 2469 t

378 2482 451 2517 lesu
486 2482 618 2527 Christi,
653 2494 808 2531 quatenos
839 2492 869 2517 et
905 2489 955 2517 tue
991 2482 1243 2560 111101111111ῃρῐῃ
1266 2530 1339 2553 vero
1367 2519 1518 2552 canonice
1546 2517 1674 2556 factam,
1709 2518 1922 2551 consecratio·

1149 2572 1153 2591 ῑ
1172 2580 1243 2602 nean
1266 2567 1422 2614 accipiant
1443 2567 1659 2613 abepiscopo,
1680 2565 1718 2600 ad
1741 2577 1835 2612 quem
1856 2577 1922 2612 per·

379 2531 479 2566 bonae
500 2533 631 2567 actionis
654 2535 838 2579 percipiant,
862 2541 891 2566 et
913 2533 995 2579 apud
1020 2531 1129 2565 distri-

379 2589 462 2615 ctum
487 2581 626 2615 Iudicem
653 2583 788 2628 praemia
809 2589 953 2616 aeternae
980 2582 1066 2628 pacis
1088 2581 1129 2614 in·

378 2631 516 2665 veniant.
537 2630 653 2665 Amen.

1171 2225 1292 2258 toribus
1319 2232 1565 2267 concesserunt,
1599 2236 1656 2257 nos
1695 2235 1823 2270 quoque
1850 2232 1922 2258 tuae

1170 2274 1328 2307 dilectioni
1352 2273 1567 2317 concedimus,
1595 2281 1623 2306 et
1660 2273 1833 2319 praesentis
1855 2273 1923 2319 pri-

1170 2373 1328 2418 episcopis
1350 2380 1379 2405 et
1402 2371 1580 2409 abbatibus,
1608 2371 1703 2405 libere
1726 2379 1848 2417 praeter
1861 2370 1922 2404 vio-

1172 2422 1296 2454 tentiam
1321 2433 1351 2454 et
1372 2422 1538 2453 simoniam
1561 2420 1678 2456 electis,
1703 2419 1921 2453 investituram

1171 2471 1274 2515 virgae
1296 2478 1326 2503 et
1347 2469 1431 2503 anuli
1455 2468 1618 2508 conferas,
1654 2477 1722 2514 post
1747 2468 1922 2502 institutio-

1209 2641 1248 2677 11)
1265 2642 1303 2668 Ex
1324 2640 1434 2668 Baronio
1450 2648 1518 2666 anno
1538 2647 1576 2666 w.

1952 281 2002 308 An.
2021 282 2050 309 C.
2067 283 2134 311 1110

1951 343 1992 364 PP.
2002 343 2135 372 subscriptio.

1993 1665 2133 1691 imperatores

1950 1691 2035 1713 Henrici
2045 1693 2133 1718 praedo-

1950 1724 2045 1739 cessores
2072 1725 2134 1740 corn-

1949 1751 1996 1766 nam
2024 1744 2133 1766 Romanae

1948 1771 2133 1798 urbiscousequuti
2161 1785 2164 1787 -

1949 1800 2009 1822 sunt;

1960 2100 2019 2121 Hanc
2036 2099 2133 2122 Pontifex

1946 2127 2038 2147 Henrico
2069 2133 2132 2153 prae-

1947 2153 2063 2179 rogativam
2084 2159 2132 2174 con-

1947 2179 2016 2204 cedtt;
