2180 3205
866 281 961 306 thEx
988 282 1189 307 aucmentum

261 340 341 375 Vlll.
365 340 476 374 Mitrae
495 351 571 374 usus
591 340 697 374 abbati
720 343 906 375 monasterii
924 344 1003 376 San-

350 395 391 429 cti
411 395 488 429 Sixti
509 395 713 428 Placentinae
732 395 888 430 dioecesis
909 397 940 430 in
955 408 1023 432 son

352 448 564 482 lemnioribus
596 448 819 483 festivitatibus
850 451 1002 484 concedi-

353 508 414 543 tur,
438 501 512 536 608.

263 555 315 589 lx.
339 555 546 598 Privilegium
569 556 825 590 confirmationis
846 557 1025 590 bonorum⁴

352 600 498 633 omnium
512 600 542 634 S.
565 601 714 634 Teatinae
735 601 906 641 Ecclesiae,
930 600 1003 634 608.

263 652 302 687 X.
317 652 526 688 Confirmatio
540 654 659 687 iurium
674 655 819 688 omnium
833 655 1007 699 Aprutinae

351 707 451 748 Eccl,
472 708 562 741 cuius
582 708 662 742 fines
687 708 909 751 designantur,
931 708 1004 742 610.

351 761 543 796 Monasterio
571 762 769 805 Savigniensi
800 763 923 796 ordinis
953 763 1004 797 Ci-

352 815 500 849 stercien.
529 816 691 850 subiectae
718 816 866 850 abbatiae
897 827 1009 850 omnes

353 869 599 911 confirmantur,
623 869 697 904 61⁶2.

357 922 564 957 Confirmatio
589 924 750 958 bonorum
765 952 772 965 ‚
796 924 1009 958 donationum

353 983 384 1010 et
402 978 647 1022 privilegiorum
668 979 840 1023 Hospitalis
860 979 900 1012 de
916 979 1008 1013 Mise-

352 1030 495 1064 ricordia
513 1032 718 1065 Placentinae
736 1032 881 1073 civitatis,
902 1031 977 1066 613.

265 1081 347 1118 XIII.
367 1083 575 1119 Confirmatio
607 1086 785 1120 sententiae
806 1086 845 1120 ab
867 1086 1010 1129 Eugenio

353 1137 412 1171 PP.
428 1138 468 1172 III
487 1139 569 1173 latae
589 1139 622 1173 in
642 1140 861 1174 controversia
871 1140 1011 1184 quadam

354 1191 439 1225 inter
455 1192 485 1226 S.
509 1193 672 1226 Laurentii
691 1204 727 1227 ex
751 1203 832 1234 una,
854 1199 885 1227 et
903 1193 1011 1227 Sancti

354 1246 525 1280 Alexandri
546 1247 647 1280 altera
667 1258 703 1280 ex
720 1253 822 1292 parte,
839 1248 1012 1282 canonicos

355 1299 579 1343 Bergomensis
597 1300 743 1342 civitatis,
767 1301 842 1335 615.

265 1350 346 1388 XIV.
377 1352 585 1388 Confirmatio
616 1354 847 1388 canonicorum
879 1356 1009 1399 regula-

356 1406 442 1440 rium
458 1407 582 1441 ordinis
599 1408 705 1442 Sancti
723 1409 892 1451 Augustini
911 1409 943 1442 in
964 1420 1013 1443 sa-

355 1467 522 1495 crosancta
545 1462 734 1496 Lateranen.
758 1462 914 1503 Ecclesia,
939 1473 1011 1496 cum

355 1514 533 1557 gratiarum
554 1515 758 1559 elargitione,
782 1515 857 1550 616.

267 1565 334 1602 XV.
356 1568 520 1618 Hospitale
540 1575 572 1602 et
596 1569 710 1612 religio
737 1569 767 1603 S.
791 1570 919 1603 Ioannis
939 1570 1012 1604 Hie-

355 1612 577 1663 rosolymitani
602 1595 674 1647 ειὼὅ
690 1614 780 1647 Sedis
809 1614 1012 1664 Apostolicae

355 1656 556 1707 protectione
585 1658 759 1702 suscipitur
783 1669 857 1691 cum
885 1658 1013 1702 privile-

356 1701 484 1744 giorum
505 1701 707 1745 elargitione,
731 1701 805 1735 618

267 1752 348 1787 xvl.
381 1754 558 1789 Cassinensi
589 1756 747 1789 coenobio
779 1756 1014 1790 confirmantur

357 1807 511 1842 ecclesiae
522 1808 710 1843 aVerulano
724 1809 932 1853 etAnagnino
947 1810 1013 1854 epi-

356 1861 462 1906 scopis
482 1862 512 1895 ei
532 1862 686 1903 donatae,
710 1869 741 1896 et
760 1868 884 1896 tantum
910 1870 1013 1897 terrae

357 1914 391 1947 in
410 1915 557 1949 Pulliano
577 1915 740 1949 territorio
754 1916 923 1959 Anagnino
936 1917 1014 1950 dan-

358 1973 421 2009 tur,
437 1975 594 2014 quantum
616 1969 742 2003 duobus
762 1969 894 2014 paribus
914 1970 1013 2003 houm

358 2022 525 2056 annuatim
552 2022 700 2056 sufficere
726 2023 841 2056 debeat
860 2023 900 2056 ad
921 2033 1014 2056 aran-

358 2074 447 2116 dum,
470 2074 544 2110 621.

263 759 317 796 XI.

264 921 333 956 XII.

496 2183 720 2218 HADRIANUS
739 2183 795 2218 IV?

269 2289 294 2324 l.
317 2289 533 2324 Giadensibus
544 2296 616 2335 pati
619 2291 667 2324 iai
669 2291 737 2324 chis
749 2292 907 2341 primatus
917 2302 1015 2336 super

357 2335 554 2369 ladertinum
572 2335 866 2385 archiepiscopum,
882 2346 1014 2380 eiusque

359 2379 579 2422 suffraganeos
606 2390 775 2424 episcopos
803 2380 1010 2414 conceditur.

359 2406 521 2457 reservvato
541 2430 650 2458 tamen
674 2424 828 2458 Romanis
851 2424 1015 2458 Pontifici-

358 2467 439 2502 hus
431 2479 501 2502 iure
513 2468 648 2518 pallium
658 2468 762 2502 eidem
772 2469 1014 2513 archiepiscopo

360 2513 428 2546 elai
428 2512 549 2556 giendi,
572 2512 646 2546 6⁶22.

269 2564 310 2598 II.
335 2565 562 2599 Monasterium
594 2566 762 2600 Balmense
793 2567 822 2599 in
849 2566 1011 2610 archiepi-

359 2615 495 2653 scopatu
506 2610 734 2651 Bisuntinensi,
744 2610 943 2644 Cluniacensi
961 2610 1016 2643 ab·

361 2653 426 2688 bati
446 2654 624 2697 regendum
638 2655 861 2695 committitur,
876 2665 949 2689 cum
961 2655 1015 2688 de-

362 2704 472 2740 creto,
506 2704 542 2732 ut
572 2698 658 2740 illius
685 2705 827 2734 rectores
858 2709 923 2733 non
953 2699 1012 2732 ab·

455 2760 533 2788 Βιιιι.
553 2748 636 2789 nbm.
658 2762 716 2789 νοι.
737 2761 778 2790 11.
895 2761 945 2789 11⁴

1690 270 1754 305 905

1127 344 1225 381 bates,
1241 344 1296 377 sed
1309 344 1433 388 priores
1451 343 1674 377 tantummodo
1690 342 1720 376 in
1736 342 1782 376 t'u-

1130 404 1235 430 turum
1258 398 1518 437 denominentur,
1542 397 1616 431 0223.

1041 450 1092 482 lll.
1126 451 1283 495 Raynerio
1304 451 1434 485 Senensi
1467 451 1619 495 episcopo
1653 450 1784 484 facultas

1131 505 1317 537 conceditur
1337 505 1503 538 ecclesiam
1525 503 1731 537 construendi
1753 503 1784 536 in

1132 558 1231 590 fundo
1246 558 1359 591 Montis
1373 558 1478 591 Bonizi
1493 558 1552 591 sub
1566 567 1673 590 annuo
1688 567 1784 590 censu

1132 611 1226 644 unius
1251 612 1401 651 bizantii,
1425 611 1627 645 Lam-:mensi
1650 611 1784 654 patriar-

1132 664 1204 697 cliio
1225 666 1447 709 persolvendo,
1471 665 1545 697 (325.

1043 716 1091 750 IV.
1107 718 1312 751 Bellunenses
1325 719 1497 752 canonicos
1511 719 1569 751 sub
1586 718 1784 762 protectione

1131 770 1222 804 Sedis
1239 772 1440 815 Apostolicae
1461 771 1612 815 suscipit,
1637 771 1784 815 bonaque

1131 825 1240 857 omnia
1268 825 1308 858 ad
1334 826 1463 859 eosdem
1488 824 1679 869 pertinentia
1710 834 1785 857 con-

1131 877 1249 919 firmat,
1273 877 1346 911 626.

1107 931 1245 965 Hem-ico
1275 932 1299 965 11
1331 932 1462 975 Angliac
1496 933 1562 975 regi
1599 931 1786 966 conceditur

1132 985 1334 1029 privilegium
1366 986 1544 1030 occupandi
1575 985 1782 1026 Hiberniam,

1133 1044 1163 1072 et
1183 1039 1363 1072 adiacentes
1384 1040 1513 1079 insulas,
1530 1039 1615 1072 salvo
1636 1039 1704 1073 iure
1725 1039 1786 1073 Ro-

1134 1103 1248 1126 manae
1269 1092 1438 1132 Ecclesiae,
1460 1098 1490 1125 et
1507 1098 1706 1126 caeterarum
1727 1091 1785 1126 Ec·

1135 1146 1317 1186 elesiarum,
1340 1145 1414 1179 627.

1047 1198 1097 1232 VI.
1120 1199 1303 1233 Monasterii
1330 1199 1360 1233 S.
1384 1199 1500 1233 Mariae
1521 1200 1559 1233 de
1591 1200 1786 1242 Caramagna

1135 1255 1242 1287 Asten.
1277 1253 1433 1287 dioecesis
1465 1253 1697 1287 administratio
1728 1253 1787 1287 hu-

1136 1307 1407 1384 iuscesscEgclesiae
1435 1307 1584 1351 episcopo
1616 1306 1786 1340 committi-

1136 1357 1198 1392 tur,
1248 1375 1296 1384 ...

1047 1404 1113 1438 VII.
1137 1405 1345 1439 Confirmatio
1366 1406 1522 1449 primatus
1542 1405 1711 1439 Toletanae
1731 1405 1787 1439 Ec-

1137 1459 1272 1499 clesiae,
1299 1459 1350 1492 cui
1375 1459 1629 1503 Complutensis,
1651 1465 1682 1492 et
1707 1469 1787 1503 quae

1134 1518 1206 1557 post
1231 1513 1466 1547 Saracenorum
1491 1512 1687 1546 invasionem
1707 1522 1784 1557 pro-

1134 1566 1222 1610 prios
1256 1566 1391 1599 amisere
1420 1565 1662 1609 metropolitas,
1691 1565 1788 1599 subii-

1137 1619 1278 1660 ciuntur‚
1302 1619 1377 1652 6029.

1046 1671 1127 1706 VIII.
1162 1672 1371 1716 Confirmatio
1400 1673 1583 1712 bonorum,
1605 1673 1787 1716 privilegio·

1137 1729 1209 1751 rum
1231 1724 1261 1751 et
1281 1717 1519 1761 exemptionum
1541 1717 1699 1750 Ecclesiae
1712 1717 1788 1751 San-

1137 1762 1326 1796 ctiZenonis
1347 1762 1378 1794 in
1398 1762 1520 1795 Hallen.
1538 1761 1788 1804 Salisburgensis

1137 1807 1304 1847 dioecesis,
1328 1805 1402 1839 631.

1047 1861 1100 1894 IX
1111 1860 1318 1895 Confirmatio
1331 1860 1436 1893 bonci
1439 1870 1492 1893 um
1506 1859 1684 1893 Ecclesiae
1678 1870 1709 1892 in
1722 1858 1789 1892 Sta-

1137 1905 1276 1948 ingaden
1298 1905 1529 1938 canonicorum
1552 1903 1674 1937 01dinis
1693 1903 1786 1936 Piae-

1137 1949 1390 1989 monstratensis,
1412 1955 1441 1982 et
1459 1947 1699 1992 piivileoioium
1714 1957 1788 1981 con-

1137 1994 1249 2035 cessio,
1273 1993 1347 2027 633.

1048 2048 1083 2081 X.
1117 2047 1324 2081 Confirmatio
1353 2047 1515 2080 bonorum
1546 2046 1586 2078 ad
1617 2045 1789 2079 canonicos

1136 2092 1295 2125 Ecclesiae
1316 2091 1346 2125 S.
1369 2090 1542 2125 Constantii
1563 2090 1602 2123 de
1628 2088 1786 2123 Urbe-Ve-

1138 2137 1197 2170 teri
1218 2135 1460 2180 pertinentium,
1484 2134 1558 2168 634.

1049 2190 1101 2224 xl.
1125 2190 1333 2225 Confirmatio
1345 2189 1505 2222 bonorum
1521 2187 1677 2236 omnium,
1690 2192 1722 2236 et
1735 2186 1785 2219 iu-

1137 2235 1233 2275 rium,
1254 2234 1294 2267 ad
1312 2233 1483 2267 canonicos
1502 2233 1713 2266 Ferrariensis
1732 2230 1790 2263 Ec·

1138 2279 1251 2312 clesiae
1272 2277 1515 2322 pertinentium,
1538 2275 1612 2308 636.

1141 2333 1282 2366 Ecclesia
1298 2332 1329 2365 S.
1358 2330 1515 2364 Pancratii
1537 2330 1567 2362 in
1588 2329 1789 2362 Ranshowen

1137 2377 1201 2410 suis
1222 2377 1254 2409 in
1280 2376 1372 2409 bonis
1397 2375 1626 2413 consumatur
1651 2379 1682 2406 et
1701 2372 1790 2406 dioe-

1138 2431 1252 2454 cesano
1267 2420 1334 2464 epis
1337 2430 1418 2464 copo
1432 2419 1463 2451 in
1477 2417 1696 2461 spiritualibus
1715 2416 1790 2450 sub-

1138 2466 1218 2499 iecta
1235 2465 1428 2503 declaratur,
1445 2462 1519 2496 637.

1050 2519 1131 2553 ΧΙΙΙ
1160 2517 1367 2568 Confirmatio
1384 2517 1545 2549 bonorum
1563 2513 1708 2548 omnium
1722 2502 1789 2547 mo-

1138 2569 1244 2596 nastei
1246 2573 1266 2595 ιι
1287 2561 1393 2595 Sancti
1413 2559 1521 2593 Vitatis
1542 2558 1664 2592 ordinis
1683 2557 1786 2592 Cassi

1138 2607 1244 2640 nensis
1260 2604 1509 2639 Ravennatensis
1524 2602 1688 2643 dioecesis,
1703 2601 1791 2646 quod

1137 2651 1196 2684 sul]
1209 2649 1409 2700 piotectione
1423 2648 1512 2683 Sedis
1524 2647 1727 2692 Apostolicae
1739 2656 1790 2679 su-

1138 2695 1282 2739 scipitur‚
1305 2692 1378 2727 639.

1043 930 1078 964 V.

1050 2333 1116 2366 Xll.
