2180 3205
49 253 98 280 Λιι.
119 251 232 280 0-1133

79 879 205 901 Exordium.

843 252 1067 277 'txxocrtxrtt's
1090 255 1112 276 11
1136 255 1182 277 ΙΨ.

301 302 416 342 recipie
445 320 484 326 —
504 302 634 343 Eiusque
659 302 734 334 bona
767 305 864 335 omnia
898 306 1008 336 contir-

302 356 398 384 mans;
418 365 458 371 --
482 348 559 378 Illud
578 359 592 378 a
617 358 764 388 quoquam
789 349 932 380 molestiis
964 350 1010 379 as-

303 392 370 429 uci;
397 409 437 415 —
463 392 606 423 Abbatem
630 393 665 422 ab
686 393 746 422 ullo
770 400 973 434 praeterquam
997 405 1010 424 a

301 437 453 466 monacbis
466 437 534 475 eligi
552 437 695 476 probibet.
714 438 760 467 cui
775 438 1010 468 iurisdictionem

300 482 499 511 omnimodam
524 482 551 511 in
581 486 707 510 monast.
732 481 826 516 bonis,
853 484 926 511 etin
947 484 1011 512 eius

301 523 450 555 Ecclesiae
472 525 660 563 cappellanus
677 525 1009 556 conceda—Violato-

300 568 384 598 ribus
408 568 552 607 privilegii
577 568 665 597 liuius
698 569 824 597 divinam
859 569 1012 606 ultionem;

297 628 338 635 —-
363 612 609 642 observatoribus
637 621 703 641 vero
733 616 849 641 aeterna
880 616 1009 652 praemia

298 662 446 697 precatur.
470 674 509 679 —
527 656 578 686 ΡΡ.
602 656 793 694 subscriptio.

258 712 406 744 innocentius
439 714 560 752 episcopus
589 722 667 743 servus
690 721 806 742 seriorum
842 712 893 749 Det,
921 713 1011 744 oddoni

297 757 375 788 abbati
396 757 534 788 venerabitis
555 758 688 787 monasterii
707 757 728 787 S.
752 757 818 791 suti,
837 758 896 795 qtiod
916 757 1010 788 Placen·

298 802 344 832 tiae
371 803 441 832 situm
470 805 513 839 est,
543 803 638 840 eiusque
673 801 842 831 successoribus
872 802 1012 840 regulariter

295 846 463 876 substituendis
477 847 500 876 in
519 851 667 885 perpetuum.

308 899 357 935 Ad
375 900 434 934 boc
452 899 636 934 universalis
650 898 811 933 Ecclesiae
828 911 901 933 rura
920 900 1010 934 nobis

259 961 275 985 a
299 950 459 996 provisore
480 949 622 983 omnium
652 948 805 983 bonorum
829 947 895 982 Deo
921 961 1009 983 com-

257 999 354 1034 missa
375 1008 434 1041 est,
462 1006 493 1032 ut
512 998 672 1044 religiosis
703 997 869 1043 diligamus
899 1010 1010 1043 perso-

259 1060 326 1087 nas,
364 1055 395 1082 et
422 1047 678 1094 beneplacentem
721 1046 786 1080 Deo
823 1046 1006 1091 religionem

258 1096 442 1132 studeamus
458 1097 559 1132 modis
573 1095 721 1131 omnibns
736 1108 918 1142 propagare.
943 1096 1008 1132 Nec

227 1146 343 1181 'enim
378 1145 446 1180 Deo
485 1154 594 1193 gratus
633 1145 802 1192 aliquando
841 1144 1010 1181 famulatus

80 1309 188 1331 pascnan·
209 1312 232 1330 et

64 1336 160 1357 Cattxtus
191 1335 231 1357 ΡΡ.

72 1364 232 1384 sanctimonia-

45 1389 100 1411 uum
114 1391 163 1410 loco
185 1395 233 1410 mn-

44 1417 126 1438 uathos
146 1416 169 1436 in
191 1417 233 1437 hoc

43 1446 160 1464 monaster.
167 1443 232 1464 susse-

44 1473 131 1491 etrum.

91 2083 234 2105 Innocentius

48 2110 88 2132 ΡΙ).
111 2110 189 2132 cattxu·
208 2115 234 2132 ea

48 2137 233 2185 fflffiffl‘·

27 2569 31 2571 c
82 2550 174 2572 monast„
195 2551 237 2572 snb

51 2577 189 2603 pmteeunne
202 2578 238 2598 se-

53 2603 87 2624 dis
99 2604 237 2630 apostoticae

54 2630 145 2659 redum

257 1195 465 1242 impenditur,
489 1195 560 1238 nisi,
581 1207 619 1230 ex
641 1194 799 1228 charitatis
820 1194 923 1229 radice
943 1207 1009 1242 pro-

258 1244 394 1285 cedens,
416 1256 432 1279 a
466 1245 600 1291 puritate
626 1243 787 1290 religionis
817 1242 907 1277 fuerit
929 1256 1009 1278 con-

259 1302 411 1329 servatus.
439 1293 508 1328 Hoc
538 1293 686 1328 nimirum
715 1292 872 1327 ebat-itatis
895 1294 1030 1335 intuitu,

260 1342 520 1390 praedecessores
540 1343 641 1377 ⁴nostri
662 1341 711 1375 l‘el.
731 1353 824 1375 mem.
847 1340 1008 1377 Pascltalis

260 1399 292 1427 et
312 1390 474 1435 Calixtus,
500 1391 636 1427 Romani
663 1390 851 1427 Pontifices.
875 1391 903 1424 in
933 1404 1009 1426 mo-

259 1442 398 1477 nasterio
430 1441 536 1476 Sancti
574 1440 677 1483 Xisti,
713 1439 798 1486 quod
830 1439 1008 1475 Placentiae

257 1491 354 1526 situm
381 1498 439 1531 est,
466 1490 663 1537 religionem,
695 1501 776 1536 quae
803 1488 844 1523 ibi
868 1501 904 1523 ex
927 1498 1008 1524 tem-

261 1551 337 1587 pore
360 1540 418 1574 iam
446 1539 540 1586 longo
562 1538 729 1579 defecerat,
756 1537 925 1572 reformare
954 1551 1008 1574 vo-

257 1588 372 1632 lentes,
386 1590 560 1635 sapientum
577 1600 611 1622 ac
627 1588 840 1633 religiosorum
856 1588 1007 1632 virorum,

258 1645 291 1672 et
316 1639 486 1685 praecipue
507 1638 651 1684 egregiae.
678 1637 846 1671 memoriae
873 1638 1008 1672 eomitis-

258 1699 312 1722 sae
333 1687 508 1726 Matliildis,
545 1686 690 1733 precibus
724 1693 755 1720 et
781 1685 923 1726 consilio,
952 1698 1008 1733 pro

258 1737 423 1780 foeminis,
458 1736 573 1770 ibidem
601 1735 774 1781 irreligiose
812 1735 1007 1779 virentibus,

258 1786 422 1820 monastici
455 1785 575 1820 ordinis
602 1785 683 1819 viros
708 1784 956 1824 constituerunt,
978 1792 1008 1818 et

259 1843 313 1876 te,·
328 1834 442 1869 dilecte
470 1834 499 1869 in
522 1833 649 1869 Christo
677 1833 718 1867 lili
754 1832 859 1871 Oddo,
886 1833 924 1867 ad
958 1845 1009 1868 re-

259 1884 463 1919 staurandum
480 1884 509 1917 in
526 1883 636 1917 eodem
653 1883 720 1917 loco
735 1883 909 1916 secundum
925 1882 1006 1917 beati

259 1932 423 1968 Benedicti
446 1932 585 1979 regulam
609 1932 792 1976 disciplinae
820 1932 1008 1966 monasticae

260 1981 416 2022 ordinem,
445 1982 473 2015 in
492 1982 634 2016 abbatem
658 1980 717 2015 illis
739 1981 922 2015 auctoritate
937 1992 1010 2028 apo-

260 2031 366 2066 stolica
391 2038 648 2078 praeposuerunt.

309 2080 374 2116 Nos
408 2081 522 2127 itaque,
557 2079 740 2114 eorumdem
768 2086 1005 2113 antecessorum

260 2138 438 2166 nostrorum
463 2129 654 2163 inhaerendo
677 2127 825 2173 vestigiis,
855 2128 1010 2174 provisio-

260 2191 333 2214 nem
369 2191 423 2213 seu
451 2178 690 2225 dispositionem
713 2177 752 2211 ab
774 2177 820 2211 eis
843 2177 952 2210 factam
979 2184 1010 2210 et

261 2228 425 2276 privilegio
463 2227 638 2265 munitam,
684 2227 857 2272 praesentis
901 2226 1007 2271 scripti

261 2276 374 2312 robore
401 2277 624 2311 confirmamus
649 2283 680 2308 et
712 2274 932 2308 inviolabiliter
961 2274 1010 2307 l'u-

261 2327 341 2362 turis
374 2325 570 2371 temporibus
597 2323 754 2358 observari
793 2324 1008 2361 dece1·nimus;

261 2383 293 2411 et
324 2375 475 2422 scriptum
505 2373 592 2416 illud,
621 2373 704 2418 quod
732 2384 747 2406 a
772 2372 1011 2418 praedecessore

262 2433 370 2460 nostro
398 2423 449 2458 sel.
486 2435 580 2457 mem.
608 2421 672 2455 PP.
706 2420 841 2460 Calixto,
870 2421 944 2454 dum
980 2421 1010 2454 in

262 2473 434 2508 Galliarum
464 2471 606 2519 partibus
639 2479 733 2509 esset,
767 2469 806 2503 ab
841 2469 924 2503 illius
952 2469 1009 2503 loci

263 2522 454 2558 monialibus
485 2520 667 2567 subreptum
702 2531 771 2553 esse
800 2519 1011 2564 dignoscitur,

263 2571 296 2606 in
312 2571 433 2606 irritum
458 2581 650 2605 revocamus.
677 2567 782 2614 lpsum
806 2580 879 2601 vero
909 2568 1009 2600 locum

264 2628 295 2657 et
317 2620 460 2655 universa
485 2619 522 2653 ad
541 2631 613 2653 eum
638 2617 822 2664 pertinentia
843 2615 903 2651 sub
924 2616 1013 2664 Apo-

342 2676 418 2713 Bull.
440 2675 518 2707 Rom.
546 2675 602 2705 vot.
627 2674 663 2704 11.
787 2673 825 2704 40

1686 248 1754 281 585

1053 308 1181 342 stnl'rae
1209 307 1300 343 Sedis
1329 310 1423 346 tutela
1453 318 1482 346 et
1509 311 1701 358 protectione
1729 324 1803 348 ser-

1055 357 1151 391 vanda
1193 370 1380 398 censemus.
1415 373 1430 395 a
1470 361 1683 407 quorumlibet
1717 361 1803 397 inse-

1053 407 1202 440 stantium
1229 408 1380 443 molestiis
1402 409 1517 451 libera,
1549 411 1630 445 sieut
1652 411 1692 445 ab
1713 420 1802 446 ante-

1053 456 1233 489 cessoribus
1265 458 1378 492 nostris
1415 458 1568 494 Romanis
1594 459 1802 495 Pontificibus

1054 504 1194 538 noscitur
1221 506 1409 541 institutum.
1439 508 1612 543 Statuimus
1634 509 1739 549 etiam,
1768 518 1802 544 ut

1053 553 1195 587 universa
1224 555 1361 600 praedia,
1386 557 1430 590 vel
1455 558 1690 602 possessiones,
1721 572 1799 607 quas

1052 601 1250 646 Augelberga
1285 605 1483 651 imperatrix,
1513 607 1656 641 eiusdem
1688 621 1800 643 mona-

1052 651 1136 684 sterii
1161 651 1327 696 fundatrix,
1352 655 1424 688 illuc
1446 656 1616 690 contulisse
1638 658 1802 701 cognosci-

1053 707 1114 742 tur,
1136 712 1190 734 sen
1209 714 1426 749 ‹piaecnmque
1449 704 1505 738 alia
1522 704 1613 745 bona,
1636 717 1800 752 quascum-

1052 761 1112 795 que
1130 750 1232 792 rillas,
1257 751 1404 791 familias,
1436 753 1531 787 cellas
1559 758 1628 797 (t),
1651 755 1800 790 ecclesias

1053 798 1134 832 idem
1154 800 1342 834 coenobium
1368 801 1659 848 impraesentiarum
1676 805 1753 837 iuste
1770 813 1800 839 et

1052 846 1272 891 legitime,sive
1288 851 1491 896 imposterum
1502 852 1706 887 concessione
1722 853 1801 888 Pou-

1052 896 1182 939 tilicnm,
1218 898 1380 944 largitione
1417 901 1612 946 principum,
1644 902 1800 937 oblatione

1052 946 1203 985 lidelium,
1225 960 1280 981 seu
1296 949 1364 981 aliis
1378 950 1467 983 iustis
1485 951 1598 995 modis,
1622 960 1800 1000 praestante

1051 994 1200 1039 Dounon,
1229 998 1340 1042 poterit
1362 997 1507 1044 adipisci,
1533 1001 1620 1035 timna
1644 1000 1696 1035 tibi
1718 1002 1800 1036 tuis-

1050 1056 1111 1090 que
1133 1047 1369 1081 successoribus
1391 1056 1421 1082 et
1444 1048 1556 1083 illibata
1582 1059 1796 1095 permaneant:

1052 1095 1082 1127 in
1105 1094 1221 1140 quibus
1244 1096 1319 1129 haec
1347 1097 1481 1143 propriis
1504 1099 1684 1134 nominibus
1705 1099 1800 1134 aduo-

1051 1145 1141 1177 tanda
1169 1144 1407 1181 subiunximus:
1437 1147 1466 1181 in
1497 1147 1652 1184 Placentia
1676 1150 1705 1183 in
1731 1148 1797 1184 Xe-

1051 1192 1205 1226 nodocliio
1219 1195 1382 1229 ecclesiam
1398 1194 1503 1231 Stricti
1524 1196 1618 1241 Petri,
1633 1198 1798 1233 ecclesiam

1049 1240 1082 1275 S.
1113 1241 1234 1276 Martini
1263 1243 1292 1277 in
1325 1243 1438 1278 But-te.
1471 1247 1634 1281 ecclesiam
1664 1246 1798 1282 Sanctae

1049 1289 1208 1336 Brigidae,
1230 1293 1392 1327 ecclesiam
1416 1293 1449 1329 S.
1473 1295 1608 1330 Andreae
1630 1305 1714 1330 extra
1733 1309 1798 1343 por-

1050 1347 1111 1372 tam
1144 1340 1428 1382 Mediolanensem,
1466 1344 1628 1379 ecclesiam
1663 1345 1798 1380 Sanctae

1051 1388 1164 1422 Mariae
1193 1390 1222 1423 in
1250 1390 1359 1436 Capite
1385 1391 1535 1436 Trebiae,
1569 1395 1735 1429 ecclesiam
1763 1394 1797 1429 S.

1049 1437 1146 1478 Petri,
1170 1439 1199 1472 iu
1228 1438 1374 1474 Centoria
1403 1442 1567 1477 ecclesiam
1594 1443 1628 1477 S.
1656 1443 1798 1478 Bartbo-

1050 1486 1173 1526 lomaei,
1196 1488 1226 1522 in
1250 1488 1389 1536 Scopora
1414 1490 1492 1525 duas
1513 1492 1659 1539 capellas,
1683 1493 1714 1527 in
1737 1492 1800 1528 Ca-

1049 1544 1197 1571 stronovo
1224 1539 1387 1573 ecclesiam
1411 1539 1444 1574 S.
1466 1540 1626 1575 Michaelis
1648 1550 1679 1576 et
1697 1542 1798 1577 eccle-

1049 1586 1125 1619 siam
1141 1584 1247 1620 Sancti
1270 1586 1514 1633 Bartliolomaei,
1539 1591 1567 1624 in
1585 1589 1794 1626 VVardastalla

1049 1635 1214 1670 eeclesiam
1230 1636 1334 1670 Sancti
1349 1637 1445 1682 Petri,
1467 1638 1632 1674 ecclesiam
1655 1638 1687 1674 S.
1703 1639 1800 1674 Geor-

1028 1702 1030 1718 t
1049 1684 1103 1727 gii,
1131 1685 1294 1719 ecclesiam
1314 1686 1348 1721 S.
1371 1687 1495 1721 Martini
1522 1697 1552 1723 et
1566 1689 1739 1728 ‚ecclesiam
1762 1689 1796 1724 S.

1050 1733 1298 1769 {tn-tholomaei:
1337 1736 1366 1770 in
1391 1736 1535 1772 Luciaria
1569 1739 1732 1773 ecclesiam
1762 1738 1795 1774 S.

1049 1781 1176 1829 Georgii
1199 1796 1270 1818 cum
1293 1785 1422 1831 capellis
1444 1787 1524 1821 suis:
1549 1787 1578 1820 in
1595 1786 1797 1822 Cario-Nova

1049 1832 1212 1866 ecclesiam
1233 1833 1266 1868 S.
1285 1833 1461 1869 Laurentii:
1486 1836 1516 1870 in
1539 1848 1650 1884 campo
1662 1836 1797 1871 Miliario

1049 1882 1213 1916 ecclesiam
1246 1885 1279 1917 S.
1308 1883 1403 1918 Petri.

1099 1931 1180 1965 Nntti
1203 1944 1278 1978 ergo
1301 1932 1462 1967 bominum
1487 1933 1531 1968 sas
1553 1935 1602 1974 sit,
1627 1935 1796 1981 praefatum

1052 1981 1273 2015 monasterium
1303 1990 1419 2017 temere
1442 1983 1634 2028 perturbare,
1662 1993 1715 2018 ant
1731 1986 1798 2018 eius

1052 2030 1266 2075 possessiones
1287 2031 1420 2070 auferre,
1444 2033 1488 2065 vel
1511 2033 1628 2067 ablatas
1651 2035 1796 2077 retinere,

1051 2080 1209 2122 minuere,
1243 2088 1296 2114 aut
1322 2080 1480 2126 aliquibus
1508 2082 1722 2116 vexationibus
1748 2082 1797 2116 fa-

1052 2128 1166 2173 tigarc13
1194 2128 1248 2163 sed
1277 2131 1380 2163 omnia
1409 2131 1527 2173 integre
1553 2140 1796 2175 conserventttt·,

1050 2189 1172 2216 eorum,
1198 2190 1252 2223 pro
1279 2191 1410 2224 quornm
1439 2179 1665 2224 gubernatione
1683 2180 1800 2214 etsub-

1051 2227 1239 2260 stentatioue
1266 2239 1414 2262 concessa
1440 2236 1524 2272 sunt,
1559 2228 1667 2263 usibus
1693 2230 1797 2263 omni-

1052 2274 1153 2308 mnrlis
1177 2275 1349 2321 profutura.
1377 2277 1524 2312 Obeunte
1550 2290 1621 2312 vero
1644 2286 1685 2321 te,
1715 2277 1808 2313 nunc*

1051 2323 1193 2358 eiusdem
1222 2324 1279 2358 loci
1301 2325 1424 2364 abbate,
1449 2327 1493 2360 vel
1518 2335 1642 2360 tuorum
1658 2327 1799 2373 quolibet

1052 2385 1286 2412 successorum,
1315 2375 1419 2408 nullus
1446 2375 1486 2409 ibi
1520 2376 1658 2421 qualibet
1685 2377 1800 2411 subre-

1053 2422 1168 2468 ptionis
1194 2424 1305 2456 astutia
1331 2436 1385 2457 scu
1410 2423 1552 2458 violentia
1577 2434 1798 2471 praeponatur,

1053 2472 1110 2504 nisi
1133 2484 1226 2518 quem
1255 2471 1364 2506 fratres
1385 2474 1544 2507 communi
1567 2486 1735 2514 consensu,
1751 2476 1796 2509 v'el

1054 2520 1180 2554 fratrum
1209 2533 1278 2566 pars
1305 2521 1426 2555 consilii
1449 2523 1592 2564 sanioris,
1620 2524 1657 2557 de
1680 2536 1749 2565 suo,
1771 2524 1796 2558 si

1055 2571 1190 2616 potuerit
1217 2570 1349 2604 idoneus
1372 2571 1516 2615 inveniri,
1539 2572 1670 2618 collegio
1692 2584 1802 2607 secun·

1088 2630 1127 2667 (t)
1145 2630 1208 2658 victe
1223 2631 1359 2663 superius,
1378 2639 1436 2667 pag.
1462 2631 1520 2660 171.

1826 251 1875 277 An.
1896 250 1913 275 Γ.
1944 250 2009 279 1⁵33

1846 902 1860 922 Ε
1871 908 1940 927 usqu?
1953 904 1971 922 br
1980 909 2009 932 ,⁰³

1827 934 1900 948 onmia
1930 931 2011 949 conlit-

1828 961 1904 979 mauu

1859 1936 1912 1959 tund
1929 1944 1938 1955 ⁵¹
1954 1944 2010 1964 uuo-

1826 1970 1891 1990 quim
1906 1966 2012 1987 motesuis

1827 1991 1901 2016 altien

1864 2276 1968 2297 Abnuem
1984 2277 2011 2297 ab

1833 2304 1881 2324 uttn
1914 2307 2010 2328 praeter-

1827 2335 1893 2354 quam
1911 2335 1922 2349 a
1939 2335 2013 2349 mona·

1826 2357 1854 2376 ch
1865 2361 1875 2376 S
1889 2356 1939 2379 enipi
1959 2361 2014 2381 pro-

1829 2384 1888 2403 hunt
1903 2384 1938 2402 cui
1950 2384 2014 2402 iuris-

1829 2410 1946 2429 «jamnem
1967 2415 2012 2429 utn-

1830 2435 1943 2455 niinnttani
1981 2436 2002 2455 in

1831 2465 1922 2481 iiiouast.
1940 2462 2010 2485 bonis,

1829 2492 1850 2508 et
1865 2489 1886 2507 in
1908 2494 1956 2508 eius
1977 2493 2012 2507 ec-

1828 2516 1892 2534 clesia
1921 2515 2013 2539 capeita-

1829 2546 1869 2561 nos
1883 2541 1990 2561 concedit.
