2180 3205
49 239 98 267 An.
119 238 231 267 &1080

73 445 167 466 Annuurn
181 449 229 464 enn-

48 477 92 493 tum
118 470 230 491 duodecim

47 497 180 528 donariorum
193 502 229 523 pa-

47 525 125 550 pinum
160 528 228 544 mone-

93 884 228 906 Conilitiones

47 911 108 934 huius
117 911 228 938 pensiona-

47 939 90 960 riae
96 937 226 960 redditionis.

847 251 873 274 S.
896 250 1082 274 altecomus
1106 251 1149 273 vn
1173 251 1222 274 ΙΨ,

258 305 470 352 cognitionem
509 305 684 345 fidelitatis,
715 304 754 339 de
787 305 872 339 omni
908 313 1006 346 terra,

257 366 350 402 quarn
373 367 432 402 ego
449 364 539 390 teneo
556 355 681 402 proprie
695 355 753 389 sub
767 354 908 388 dominio
925 366 1006 397 meo,

257 412 288 439 et
302 415 395 451 quam
412 404 515 439 adhuc
537 404 615 438 nulli
640 403 941 438 ultramontanorum
965 403 1005 437 ita

256 454 410 493 concessi,
437 462 470 488 ut
493 461 610 488 teneat:
640 453 786 499 promitto
812 464 862 486 mc
889 464 1007 486 annua-

254 501 324 536 liter
347 513 404 548 pro
426 513 619 549 unoquoque
642 502 714 547 ingo
737 501 851 535 bovum
875 501 1004 547 pensio-

254 561 340 591 nem,
359 550 527 586 duodecim
550 550 668 585 scilicet
684 549 829 584 denarios
845 549 1005 596 papiensis

253 608 400 634 monetae
427 600 661 647 persoluturum
686 599 723 633 Β.
746 598 851 641 Petro,
884 606 915 633 et
949 598 1003 632 tibi

252 647 382 683 domino
418 661 488 683 meo
510 647 664 694 Gregorio
691 646 815 694 Papae,
842 655 872 682 et
899 648 1003 681 omni-

252 696 313 731 bus
333 697 573 732 successoribus
595 697 669 740 tuis,
691 705 743 730 aut
758 697 832 739 tuis,
858 703 912 730 aut
929 709 1004 730 suc-

252 757 415 781 cessorum
444 755 567 781 tuorum
590 745 726 780 nunciis.
760 744 864 779 Huius
897 753 1001 780 antem

252 794 471 841 pensionariae
495 795 680 830 redditionis
705 794 765 828 erit
792 806 918 841 semper
940 802 1003 828 ter-

252 843 369 887 minus,
395 845 482 879 linito
509 856 636 891 quoque
657 855 752 884 anno,
785 851 910 878 sanctae
937 843 1003 877 Re-

250 893 454 928 surrectionis
476 894 544 928 dies
566 893 754 928 dominicus.
772 892 841 927 Sub
857 893 914 926 liae
930 904 1002 926 vero

250 941 435 977 conditione
467 942 564 977 liuius
592 941 819 989 persolvendae
843 941 1003 988 pensionis

249 989 357 1037 obligo
379 1003 440 1032 me,
476 999 506 1026 et
533 1003 621 1026 meos
648 991 713 1025 sive
742 991 905 1029 haeredes,
937 991 1001 1024 sive

250 1051 452 1075 successores
489 1040 545 1075 tibi
577 1040 707 1074 domino
742 1052 813 1074 meo
847 1039 1002 1086 Gregorio

251 1088 372 1136 Papae,
399 1098 430 1124 et
454 1089 692 1124 successoribus
713 1090 776 1123 tuis
799 1092 853 1132 (l).

287 1155 327 1190 (l)
339 1155 521 1182 loramentum
533 1155 676 1187 fidelitatis,
692 1155 762 1190 quod
774 1154 843 1181 idem
860 1155 912 1181 dux
925 1163 1002 1189 prae-

248 1195 316 1221 stitit.
333 1195 461 1230 Gregorio
479 1196 528 1222 PP.
546 1195 594 1221 luit
611 1195 771 1222 huiusmodi.

284 1234 339 1269 Ego
358 1235 492 1262 Robertus
507 1235 554 1262 Dei
577 1235 658 1269 gratia
675 1240 701 1262 et
721 1235 803 1261 sancti
825 1235 910 1266 Petri,
930 1234 1003 1268 Apu-

246 1273 305 1306 liae,
331 1278 357 1302 et
379 1275 529 1306 Calabriae,
547 1278 573 1301 et
594 1275 698 1301 Siciliae
717 1275 790 1307 dux,
815 1275 847 1301 ab
865 1274 912 1300 hac
938 1273 1007 1299 hora,

245 1316 272 1339 et
287 1313 412 1350 deinceps
427 1323 473 1342 ero
490 1314 572 1342 fidelis
588 1315 699 1341 Sanctae
713 1316 846 1341 Romanae
859 1314 1002 1343 Ecclesiae,

246 1357 273 1379 et
289 1354 456 1389 Apostolicae
475 1354 547 1386 Sedi,
565 1359 591 1381 et
615 1355 660 1381 tibi
677 1355 784 1381 domino
802 1362 860 1380 nico
876 1354 1002 1387 Gregorio

247 1393 391 1420 universali
411 1394 505 1428 Papae.
525 1394 553 1420 In
564 1394 672 1420 consilio
691 1394 730 1420 vel
749 1394 825 1425 sacto,
840 1394 908 1420 unde
923 1394 1003 1419 vitam

246 1435 294 1459 aut
305 1433 451 1460 membrum
464 1433 570 1468 perdas,
584 1434 624 1460 vel
635 1437 728 1469 captus
740 1436 775 1460 sis
788 1434 851 1460 mala
869 1434 1001 1468 captione,

248 1480 302 1500 non
326 1481 388 1506 ero3
416 1474 574 1506 consilium,
596 1474 667 1509 quod
698 1474 759 1500 milii
786 1473 950 1505 credideris,
977 1476 1003 1498 et

246 1514 451 1546 contradixeris,
475 1522 507 1540 ue
527 1513 589 1540 illud
607 1513 783 1545 manifestem,
810 1521 861 1539 non
888 1512 1000 1538 manife-

245 1552 321 1580 stabo
336 1553 368 1580 ad
386 1558 462 1580 tuum
479 1553 606 1581 damnum
624 1562 665 1580 me
684 1554 793 1581 sciente.
817 1553 927 1579 Sanctae
944 1552 1000 1578 Ro-

245 1600 338 1620 manae
363 1594 494 1621 Ecclesiae
520 1594 620 1629 tibique
644 1594 749 1620 adiutor
775 1601 821 1619 ero
846 1593 879 1618 ad
907 1596 1002 1618 tenen—

245 1632 319 1665 dum,
336 1633 538 1668 acquirendum,
556 1637 582 1660 et
597 1633 792 1660 delendendum
805 1632 899 1666 regalia
912 1631 1001 1658 Sancti

245 1672 327 1705 Petri,
344 1673 455 1708 eiusque
471 1674 652 1708 possessiones
673 1681 721 1708 pro
742 1681 800 1699 meo
818 1680 895 1707 posse
910 1676 1001 1698 contra

247 1719 339 1739 omnes
355 1712 484 1745 homines,
499 1716 608 1747 excepta
621 1717 694 1747 parte
707 1713 852 1743 Fit-manae,
872 1711 1003 1737 Marc-hiae

245 1754 272 1778 et
288 1751 407 1784 Sammo,
425 1755 506 1786 atque
522 1752 655 1786 Amalphi,
676 1751 746 1777 unde
763 1751 848 1777 adhuc
865 1751 932 1777 sacta
950 1759 1000 1777 non

245 1795 287 1818 est
305 1791 432 1818 difinitio:
450 1791 584 1817 adiuvabo
606 1795 644 1823 te,
663 1794 692 1816 ut
707 1798 799 1817 secure
815 1794 841 1816 ct
858 1790 1002 1817 honorilice

246 1835 339 1858 teneas
355 1831 483 1866 Papatum
499 1832 659 1858 Romanum.
680 1831 789 1856 Terram
810 1831 898 1857 Sancti
921 1831 1000 1863 Petri,

247 1877 328 1905 quam
353 1878 424 1898 nunc
450 1874 539 1902 tenes,
562 1870 603 1896 vel
630 1870 768 1896 habiturus
793 1878 839 1901 es,
862 1874 1001 1905 postquam

245 1910 352 1937 scivero
377 1913 437 1937 tuae
462 1918 520 1937 esse
544 1910 702 1945 potestatis,
732 1918 779 1936 nec
804 1910 930 1936 invadere
956 1919 1003 1937 nec

246 1950 385 1985 acquirere
400 1958 536 1985 quaeram,
555 1958 602 1977 nec
624 1951 703 1977 etiam
720 1950 874 1984 depraedari
893 1959 1003 1985 praesu-

246 1997 317 2016 mam
341 1989 443 2025 absque
467 1994 513 2016 tua
533 1995 696 2024 tuorumque
724 1998 928 2022 successorum,
955 1991 1000 2025 qui

246 2029 282 2062 ad,
295 2028 423 2057 honorem
440 2029 468 2056 S.
487 2031 556 2056 Petri
572 2030 685 2057 ordinati
705 2030 811 2062 suerint,
831 2035 903 2056 certa
922 2030 1002 2056 licen-

246 2067 292 2100 tia,
313 2071 420 2104 praeter
444 2069 532 2101 illam,
558 2077 636 2103 quam
663 2073 690 2095 tu
712 2069 773 2095 milii
799 2069 942 2101 concedes,
962 2070 1001 2096 iel

247 2107 286 2133 tui
296 2107 446 2134 concessuri
463 2111 713 2135 snntsuccessores.
733 2109 886 2135 Pensionein
904 2109 936 2135 de
949 2113 1001 2135 ter-

246 2149 302 2168 ram
319 2142 357 2177 (l)
370 2143 457 2168 Sancti
469 2143 548 2175 Petri,
563 2151 642 2177 quam
659 2152 706 2177 ego
723 2148 810 2173 teneo,
831 2147 877 2170 aut
894 2145 999 2176 tenebo,

249 2181 319 2207 sicut
337 2184 465 2207 statutum
486 2185 545 2213 est,
568 2185 637 2208 recta
658 2182 708 2208 lide
732 2183 854 2214 studebo,
883 2188 912 2209 nt
933 2184 1000 2209 iliam

249 2216 396 2242 annualiter
407 2216 501 2243 Sancta
515 2218 629 2243 llomana
647 2217 742 2244 liabent
759 2217 883 2244 Ecclesia.
903 2218 1002 2245 Omnes

249 2259 358 2286 quoque
373 2251 512 2283 Ecclesias,
533 2259 601 2286 quae
621 2252 645 2278 in
673 2260 728 2278 mca
750 2254 895 2286 persistunt
912 2254 1000 2279 ‹lonii-

250 2289 296 2312 nat
306 2294 366 2318 one,
383 2294 444 2313 cum
461 2286 561 2312 illarum
588 2288 800 2320 possessionibus
826 2288 954 2314 dimittam
977 2289 1001 2314 in

249 2323 294 2348 tua
313 2326 455 2356 potestate,
472 2326 497 2348 et
517 2322 639 2348 defensor
656 2331 702 2349 ero
720 2322 822 2348 illarum
842 2324 873 2349 ad
893 2323 1003 2349 lidelita-

249 2358 302 2383 tem
322 2357 434 2383 Sanctae
452 2357 584 2383 Romanae
605 2357 744 2384 Ecclesiae.
764 2358 793 2383 Et
810 2359 830 2384 si
851 2362 887 2389 tu,
908 2361 946 2384 vel
966 2360 1002 2384 tui

249 2398 418 2418 successores
433 2395 494 2418 ante
506 2400 561 2418 mea
579 2393 617 2426 (Q)
629 2400 661 2419 ex
679 2392 727 2418 liae
745 2394 797 2419 vita
816 2394 1002 2427 migraveritis,

250 2427 397 2453 secundum
418 2427 489 2462 quod
507 2432 623 2453 monitus
640 2427 713 2454 suero
733 2436 746 2453 a
769 2428 921 2455 melioribus
941 2436 1002 2455 cai*-

250 2461 393 2494 dinalibus,
410 2463 512 2489 clericis
532 2470 647 2488 romanis
666 2466 692 2489 et
712 2463 792 2495 laicis,
810 2464 954 2494 adiuvabo,
976 2469 1004 2490 ut

251 2495 320 2531 Papa
343 2497 454 2532 eligatur
476 2502 502 2524 et
518 2498 656 2524 ordinetur
676 2498 708 2524 ad
735 2499 860 2524 lionoreni
878 2499 904 2525 S.
926 2500 992 2526 l’etri

251 2531 321 2559 Haec
337 2540 423 2559 omnia
443 2534 621 2567 suprascripta
642 2533 791 2559 observabo
817 2537 928 2560 §.uictae
950 2536 1003 2561 lto-

252 2573 344 2594 manae
361 2567 499 2599 Ecclesiae,
520 2573 546 2594 et
572 2568 616 2594 tibi
636 2576 695 2594 cum
722 2573 791 2594 recta
811 2569 869 2600 tide,
893 2573 919 2595 et
941 2569 1008 2596 lianc

291 2610 332 2646 (l)
349 2611 499 2645 Legendum
519 2615 603 2638 [erra.
643 2612 681 2646 (2)
701 2612 852 2647 Lege-ndum
874 2621 922 2639 inc.

331 2654 407 2686 Ball.
428 2654 507 2686 Rom.
530 2655 586 2686 Vol.
609 2655 645 2686 ΙΙ.
807 2656 844 2687 15

1682 244 1752 276 ΗΖ)

1394 307 1459 343 LV.

1049 381 1272 415 alamann-ium
1294 384 1328 417 S.
1358 385 1492 418 Zenonis
1518 386 1550 418 in
1580 385 1699 418 Pisana
1727 386 1801 419 urbo

1096 431 1128 462 in
1154 433 1346 474 Apostolicae
1367 435 1455 466 Sedis
1476 434 1647 468 clientelam
1667 435 1800 479 suscipi-

1098 485 1148 512 tui·
1171 482 1232 521 (J).

1314 550 1528 582 SUMMARtUM

1045 606 1211 638 Exordium.
1234 626 1272 632 —-
1292 610 1498 641 Monasterium
1531 613 1586 643 sub
1615 615 1796 653 protectione

1085 647 1169 677 Sedis
1187 649 1372 687 Apostolicae
1392 653 1570 689 suscipitur:
1600 655 1799 684 confirmatis-

1084 696 1140 725 que
1160 688 1292 718 eiusdem
1314 689 1398 719 bonis
1412 691 1561 729 omnibus,
1574 694 1714 723 nonnulla
1728 704 1798 723 con-

1084 727 1231 757 ceduntur
1257 729 1418 767 privilegia.
1444 747 1483 752 —
1505 730 1657 763 Decretum
1689 734 1798 762 immu-

1084 767 1183 796 nitatis
1197 767 1233 796 ab
1245 769 1323 797 omni
1337 769 1480 805 molestia,
1491 771 1741 807 alienatione‚etc.
1757 789 1796 795 --

1084 804 1193 836 Solilae
1220 817 1330 845 poenae
1349 813 1450 838 contra
1470 810 1702 841 inobservantcs.

1043 874 1168 913 Gregorius
1184 877 1304 915 episcopiis
1323 887 1400 907 servus
1425 888 1541 909 servornm
1570 880 1628 918 Dei,
1659 881 1746 912 dilecto
1776 883 1798 912 iu

1083 919 1173 949 Gliristo
1192 921 1240 950 silio
1259 921 1335 951 Leoni·
1352 921 1430 951 abbati
1456 925 1589 953 monasterii
1613 925 1635 954 S.
1658 924 1758 954 Zenonis
1775 925 1798 955 ia

1083 962 1165 993 Pisana
1184 964 1250 1003 urbe,
1270 966 1365 1004 eiusque
1381 967 1560 997 successoribus.

1092 1034 1254 1081 Super-nae
1283 1038 1492 1073 miserationis
1515 1048 1658 1086 respectu
1678 1041 1715 1075 ad
1733 1041 1794 1076 hoc

1044 1083 1230 1119 universalis
1258 1085 1416 1121 Ecclesiae
1443 1100 1550 1122 curam
1576 1091 1790 1136 suscepimus,

1044 1141 1072 1166 et
1106 1134 1265 1180 apostolici
1300 1136 1524 1172 moderaminis
1559 1137 1793 1174 solicitudinem

1043 1182 1195 1227 gerimus,
1218 1192 1252 1217 ut
1280 1184 1369 1218 iustis
1393 1186 1617 1231 postulantium
1647 1188 1725 1222 votis
1747 1199 1795 1222 :it-

1045 1239 1127 1265 tenta
1151 1231 1344 1278 benignitate
1367 1234 1536 1276 faveamus,
1561 1236 1793 1283 praecipueque

1821 241 1870 267 An.
1891 240 1919 267 C.
1938 240 2006 268 1080

1853 1033 1972 1055 Exordium.

1044 1280 1079 1313 ad
1114 1281 1322 1316 venerabilem
1356 1283 1495 1317 locorum
1527 1285 1664 1330 quietem
1694 1286 1794 1320 stabi-
1830 1306 1833 1307 ν

1044 1328 1179 1363 liendam
1197 1339 1320 1365 nostrae
1335 1333 1528 1367 auctoritatis
1543 1334 1705 1368 munimen
1720 1347 1794 1369 con-

1045 1377 1123 1412 seri-e
1146 1378 1327 1414 debeamus.
1349 1380 1483 1415 Proinde
1501 1383 1706 1428 praelibatum
1725 1397 1795 1417 mo-

1044 1428 1232 1469 nasterium,
1265 1430 1313 1463 cui
1342 1437 1373 1463 tu
1403 1443 1536 1476 praeesse
1573 1432 1793 1477 dignosceris,

1044 1475 1128 1510 iuxta
1162 1477 1343 1523 petitionem
1379 1487 1462 1513 tuam
1499 1480 1557 1514 snb
1590 1481 1792 1527 Apostolicae

1044 1524 1136 1559 Sedis
1157 1526 1340 1561 defensione
1362 1528 1544 1574 recipimus,
1567 1537 1597 1564 et
1620 1532 1796 1577 praesentis

1045 1575 1195 1620 privilegii
1223 1575 1347 1611 decreto
1373 1587 1499 1622 cuncta,
1527 1591 1607 1625 qnae
1642 1579 1798 1614 hactenus

1045 1623 1109 1657 iure
1146 1625 1305 1670 possidere
1343 1626 1441 1660 visum
1470 1637 1533 1671 est,
1567 1628 1614 1662 vel
1642 1628 1794 1675 deinceps

1044 1671 1179 1707 Domino
1208 1673 1359 1720 largiente
1387 1676 1466 1710 iuste
1488 1677 1648 1723 acquiret,
1677 1689 1797 1712 conce-

1044 1721 1161 1762 dimus,
1189 1730 1282 1769 atque
1315 1724 1493 1759 firmamus:
1529 1726 1657 1772 iusuper
1685 1727 1793 1765 etiam.

1044 1770 1260 1806 consentiente
1279 1772 1394 1807 Pisano
1421 1774 1582 1821 episcopo,
1604 1775 1793 1810 decimatio-

1045 1832 1100 1853 nes
1121 1820 1262 1854 omninm
1287 1830 1459 1866 terrarum,
1488 1835 1566 1869 quas
1591 1823 1629 1858 ad
1653 1824 1795 1871 doinini-

1043 1878 1145 1902 catum
1172 1878 1309 1904 vesti-um
1338 1871 1478 1906 laborare
1501 1873 1654 1914 feceritis,
1676 1874 1792 1907 annui-

1045 1930 1130 1958 mus3
1158 1918 1359 1961 adiicientes,
1390 1929 1423 1954 ut
1452 1921 1592 1956 [idolium
1615 1922 1792 1956 oblationes

1043 1967 1206 2013 accipere,
1241 1978 1270 2002 et
1297 1982 1361 2009 eos,
1389 1970 1443 2016 qni
1477 1983 1510 2004 se
1537 1971 1730 2010 devoverint,
1759 1972 1791 2005 in

1042 2016 1231 2050 coemeterio
1254 2026 1356 2052 vestro
1378 2019 1520 2066 sepeliri;
1548 2032 1670 2054 necnon
1699 2020 1792 2054 etiam

1042 2065 1236 2112 quicumque
1263 2067 1388 2102 saeculo
1419 2068 1639 2103 renunciantes
1674 2069 1712 2103 ad
1742 2081 1797 2103 ve-

1043 2122 1137 2147 stram
1173 2116 1444 2150 conversationem
1483 2117 1588 2151 venire
1622 2117 1795 2159 voluerint,

1044 2162 1164 2196 licitum
1193 2164 1232 2197 sit
1262 2164 1350 2199 vobis
1377 2166 1446 2200 sine
1476 2166 1611 2200 alicuius
1634 2166 1796 2200 contradi-

1043 2212 1147 2245 ctione
1163 2212 1340 2247 admittere.
1364 2214 1453 2255 Quae
1480 2216 1596 2255 omnia,
1620 2216 1699 2249 sicut
1715 2216 1797 2250 scri-

1045 2267 1093 2306 pta
1117 2270 1200 2304 sunt,
1217 2269 1248 2295 ut
1264 2272 1471 2297 memoratum
1495 2264 1684 2298 coenobium
1706 2272 1796 2299 tuum

1046 2321 1098 2354 per
1141 2310 1378 2345 succedentium
1420 2320 1597 2359 temporum
1639 2314 1795 2349 curricula

1046 2377 1196 2405 fidelitatem
1213 2379 1362 2406 observabo
1379 2381 1431 2407 tuis
1450 2382 1650 2409 successoribus
1665 2382 1696 2409 ad
1714 2382 1799 2410 hono-

1047 2426 1101 2443 rem
1127 2418 1153 2444 S.
1174 2419 1241 2444 l'etri
1260 2419 1398 2451 ordinatis,
1424 2420 1469 2454 qui
1495 2422 1569 2453 mihi,
1596 2429 1617 2448 si
1644 2430 1700 2449 mea
1720 2423 1798 2457 culpa

1047 2465 1097 2483 non
1116 2459 1282 2490 remanserit,
1297 2459 1461 2486 firmaverint
1476 2461 1662 2488 investituram
1673 2465 1723 2489 ate
1734 2462 1798 2489 mihi

1046 2505 1209 2523 concessam.

1083 2538 1179 2563 Actum
1197 2538 1311 2572 ciprani,
1330 2546 1359 2565 111
1375 2539 1427 2566 kal.
1448 2540 1512 2566 iulii.

1083 2583 1121 2614 (i)
1135 2581 1171 2606 Ex
1184 2581 1366 2616 antliograplio
1382 2583 1407 2609 in
1425 2583 1571 2618 Capitnlari
1582 2585 1723 2614 Tabulario
1739 2586 1797 2614 edi-

1048 2618 1086 2645 dit
1103 2619 1204 2654 Ugliell.
1231 2620 1287 2647 ltal.
1308 2621 1357 2648 Sac
1389 2625 1453 2650 tom.
1474 2631 1516 2650 nr.

1855 1391 2006 1412 Monasieriuin

1821 1418 1859 1438 sub
1875 1418 2006 1444 protectione

1822 1446 1884 1465 saitis
1904 1448 2006 1469 etp-›siou-

1822 1477 1859 1491 cae
1875 1472 1998 1497 suscipitur:

1833 1585 2006 1611 confirmatisque

1823 1612 1867 1631 riu<
1876 1612 1916 1632 ’.ι-ιιι
1937 1612 1997 1632 bouis

1823 1639 1932 1661 omnibus,

1840 1725 1942 1745 Nonnulla
1957 1731 2006 1746 con-

1822 1753 1923 1772 ceduntur
1942 1753 2007 1778 privi-

1821 1778 1884 1804 legia.

1840 2211 1953 2232 Decretum
1969 2211 2005 2231 irn-

1829 2238 1936 2258 muuiiatis
1966 2238 1991 2257 ab

1821 2265 1876 2284 oinni
1902 2265 2006 2287 molestia.

1821 2290 1956 2314 alienatione,
1965 2292 2005 2311 etc.
