2180 3205
46 251 96 279 An.
116 250 143 277 C.
163 249 229 279 1113

75 993 154 1016 Solitaa
169 995 226 1015 clau·

46 1021 103 1042 nulae
117 1022 225 1047 poenales.

869 236 990 260 PASCUA
996 237 1044 259 Lts
1066 237 1090 259 Π
1115 237 1162 259 l‘s'.

245 293 291 327 vel
320 292 451 326 Portum
475 290 514 325 dc
547 290 680 325 navibus
710 291 791 338 0x³gi
815 291 905 334 solt—i,
928 291 995 326 nati

1680 230 1749 264 267

1093 291 1164 325 Euo
1211 291 1396 328 piscatus
1435 294 1607 329 catholicae
1638 294 1800 331 Ecclesiae

244 350 377 381 vestrae,
413 341 437 375 si
472 353 532 387 qua
573 354 609 375 eo
644 341 774 385 venei-it,
810 342 994 376 relaxamus.
1040 340 1211 387 episcopus
1244 342 1429 389 subscripsi.

245 390 394 426 Obcunte
429 397 472 432 te,
495 402 578 424 nunc
609 390 677 425 eius
711 391 769 425 loci
797 391 920 435 abbate,
948 390 994 424 vel

246 448 371 475 tuorum
403 438 545 486 quolibet
567 451 798 480 successorum,
827 440 933 475 nullus
956 440 994 474 ibi

245 488 613 537 qualibetsubreptionis
634 490 748 523 astutia
771 502 827 523 scu
851 489 993 524 violentia

245 546 466 586 praeponatur,
495 538 550 572 nisi
579 550 672 585 quern
697 536 806 573 fratres
833 539 994 573 communi

245 600 414 630 consensu,
429 587 475 621 vel
491 586 618 622 fratrum
632 599 701 634 pars
714 587 835 622 consilii
849 588 994 627 sanioris,

245 637 420 672 secundnm
439 636 494 670 Dei
516 637 672 676 timorem,
686 645 717 670 et
732 636 810 672 beati
830 636 993 672 Benedicti

246 687 383 733 regulam
407 685 569 731 elegerint.
591 685 637 720 Ad
662 685 750 729 baec,
769 693 829 720 tam
852 699 997 734 praescn-

244 736 322 770 tium
350 747 443 782 quam
467 734 643 769 futurorum
666 735 809 770 avaritiae
828 748 864 771 ac
888 737 995 783 nequi-

245 785 305 820 tiae
327 784 500 827 obviantes,
523 796 633 819 omnes
660 784 790 819 omnino
810 785 993 827 seditiones,

245 846 322 882 quas
361 834 443 868 levas
477 833 603 878 dicunt,
631 846 686 868 seu
714 833 927 881 direptiones,
963 835 992 869 in

245 885 475 929 cuiuscumque
497 882 618 918 abbatis
641 891 739 918 morte
761 892 814 918 aut
841 884 994 919 electione

245 933 310 967 fiori
339 932 520 968 auctoritate
556 932 727 980 apostolica
763 933 989 968 interdicimus.

243 980 278 1017 Si
310 993 370 1030 qna
412 981 507 1027 igitur
541 982 572 1016 in
605 981 744 1017 futurum
785 983 994 1018 ecclesiastica

243 1030 451 1081 saecularisve
470 1043 613 1078 persona,
627 1031 708 1066 hanc
725 1041 862 1067 nostram
878 1033 994 1067 consti-

244 1081 373 1126 tutionis
387 1081 532 1126 paginam
544 1081 658 1125 sciens,
672 1088 779 1116 contra
794 1093 861 1116 eam
878 1089 995 1117 temere

245 1130 350 1165 venire
372 1131 548 1171 tentaverit,
582 1130 723 1166 secundo
753 1131 881 1166 tertiove
907 1143 995 1166 com-

245 1180 375 1223 monita,
389 1178 414 1213 si
431 1191 491 1214 non
511 1179 722 1215 satisfactione
740 1192 877 1227 congrua
893 1192 995 1215 emcn-

244 1228 375 1268 daverit,
411 1229 573 1275 potestatis
600 1229 791 1276 honorisque
819 1230 867 1264 sui
890 1229 996 1274 ‹ligni-

244 1286 306 1313 tate
334 1285 457 1323 careat,
495 1290 643 1327 reamque
671 1290 703 1313 se
736 1279 842 1314 divino
880 1278 996 1313 iudicio

244 1328 379 1362 existere
406 1326 444 1361 tle
473 1335 648 1376 perpetrata
676 1328 838 1374 iniquitate
876 1340 997 1373 cogno-

244 1385 322 1421 scat,
349 1383 379 1410 et
405 1387 422 1410 a
450 1377 661 1412 sacratissimo
683 1376 823 1424 Corpore
847 1389 882 1412 ac
914 1377 997 1412 San-

244 1426 339 1472 guine
359 1425 417 1460 Dei
445 1434 475 1461 et
497 1426 625 1462 Domini
649 1426 873 1473 Redemptoris
896 1426 995 1461 nostri

245 1475 315 1510 lesu
331 1474 448 1510 Christi
471 1475 570 1511 aliena
594 1476 657 1516 liat,
684 1484 777 1523 atque
801 1476 830 1510 in
854 1484 997 1511 extremo

244 1524 388 1560 examine
410 1524 569 1560 districtae
595 1526 707 1560 ultioni
725 1525 896 1560 subiaceat.
914 1524 999 1559 Cun-

244 1575 303 1609 ctis
329 1581 432 1608 autem
460 1574 562 1609 eidem
587 1575 655 1610 loco
690 1575 770 1609 iusta
797 1574 998 1609 servantibus

243 1623 284 1660 sit
306 1635 364 1669 pax
387 1623 513 1658 Domini
538 1625 635 1659 nostri
659 1624 729 1659 lesu
757 1623 889 1663 Christi,
913 1636 1000 1671 qua-

244 1680 338 1707 tenus
359 1681 389 1707 et
417 1673 467 1708 bic
491 1673 625 1708 fructum
653 1673 754 1708 bonae
776 1673 912 1708 actionis
932 1685 1000 1719 pcr-

245 1722 386 1770 cipiant,
432 1730 462 1758 et
505 1723 587 1770 apud
630 1723 805 1758 districtum
839 1722 998 1757 Iudicium

247 1768 385 1818 praemia
407 1779 553 1807 aeternae
580 1772 666 1819 pacis
688 1771 859 1806 inveniant.
883 1772 998 1806 Amen.

294 1820 455 1867 Scriptum
491 1834 545 1868 per
578 1834 705 1856 manum
736 1821 885 1868 Raynerii
919 1820 1001 1854 scri-

245 1869 338 1905 niarii
369 1871 550 1917 regionarii,
585 1879 616 1906 et
637 1870 751 1906 notarii
773 1870 853 1905 sacri
882 1869 998 1917 palatii.

287 2446 318 2507 Ξ
332 2405 570 2488 ιἰιίἰινεΙιἋνιΝεῑΞ

290 2482 522 2568 ἳξῇῖιέωωε
533 2486 578 2537 „¹3

1090 389 1205 424 Datum
1231 390 1376 425 Laterani
1402 404 1456 439 per
1483 404 1612 428 manum
1647 393 1800 430 Iohannis

1037 438 1071 473 S.
1101 438 1139 472 R.
1167 438 1205 473 E.
1230 439 1356 474 diaconi
1380 442 1547 477 cardinalis
1568 455 1603 477 ac
1627 443 1799 479 bibliothe-

1037 488 1126 528 carii,
1154 500 1177 522 ιι
1214 500 1315 523 nonas
1349 489 1508 532 februarii,
1550 492 1725 528 indictione
1751 506 1798 539 vi,

1038 537 1265 572 incarnationis
1307 537 1485 575 dominicae
1533 553 1617 576 anno
1663 555 1796 585 mcxttt,

1038 586 1240 633 pontificatus
1277 595 1380 622 autem
1408 588 1516 624 domni
1550 590 1717 626 Pasclialis
1746 605 1798 628 sc-

1036 635 1130 670 cundi
1155 635 1258 682 Papae
1285 648 1368 671 anno
1391 650 1460 671 xiv.

1074 692 1134 722 Dat.
1158 692 1205 722 tlie
1227 693 1245 722 4
1269 693 1410 724 februarii
1430 703 1505 724 anno
1525 695 1639 727 Domini
1660 698 1745 736 1113,

1277 737 1379 777 pontif.
1399 747 1475 768 anno
1495 747 1550 768 xlv.

1346 878 1474 914 XLVII.

1035 955 1195 988 Sententia
1216 966 1306 999 super
1327 957 1534 990 controversia
1570 958 1649 991 inter
1672 960 1798 993 abbam

1089 1004 1308 1047 cassinensem,
1330 1012 1355 1038 et
1382 1007 1563 1039 monasterii
1586 1008 1701 1041 Terrae
1723 1009 1798 1041 Ma-

1086 1053 1172 1093 ioris,
1199 1065 1288 1098 super
1322 1055 1447 1087 ecclesia
1469 1056 1505 1088 S.
1529 1056 1654 1089 Mariae
1676 1058 1713 1089 de
1737 1058 1797 1091 Ca*

1085 1104 1146 1135 suli
1172 1103 1293 1141 Plano,
1332 1115 1409 1147 quae
1434 1104 1588 1138 cassinen.
1627 1106 1797 1140 adt'udica·

1087 1160 1136 1185 tur
1158 1160 1167 1195 t
1173 1153 1215 1195 1).

1306 1224 1520 1256 SUMMARlUM

1038 1291 1206 1322 Exordium.
1224 1309 1263 1315 —
1283 1292 1381 1322 Series
1402 1292 1480 1322 sacti.
1493 1292 1694 1323 —Iudicium
1709 1302 1723 1323 a
1737 1294 1789 1324 de—

1080 1336 1184 1374 legatis
1197 1336 1307 1372 datum,
1320 1341 1347 1366 et
1363 1346 1376 1366 a
1396 1336 1532 1367 Pascliali
1555 1337 1610 1368 PP.
1635 1340 1792 1369 confirma-

1079 1386 1150 1411 tum.
1172 1398 1211 1403 —
1236 1380 1414 1420 Perpetuum
1447 1382 1597 1412 silentium
1635 1384 1790 1413 monacbis

1081 1424 1189 1455 Terrae
1208 1425 1324 1455 Maioris
1347 1426 1518 1465 imponitur.
1539 1443 1578 1449 —
1595 1426 1725 1457 Ecclesia
1757 1429 1793 1457 (le

1080 1468 1176 1499 Casali
1213 1469 1303 1499 Plano
1334 1479 1400 1499 cum
1435 1471 1622 1509 pertinentiis
1654 1472 1793 1502 omnibus

1079 1513 1306 1543 Cassinensibus
1341 1514 1497 1545 abbatibus
1530 1516 1727 1545 adiudicatur.
1754 1533 1794 1539 —-

1081 1558 1234 1587 Pasclialis
1257 1557 1327 1594 PP„
1350 1559 1481 1588 iudicum
1502 1563 1530 1589 et
1550 1558 1576 1589 S.
1595 1559 1627 1588 R.
1648 1559 1677 1589 E.
1699 1561 1795 1590 cardi-

1080 1602 1191 1632 nalium
1211 1601 1456 1641 subscriptiones.

1040 1667 1158 1698 Pascltalis
1191 1669 1311 1707 episcopus
1345 1678 1422 1698 servus
1457 1678 1574 1698 serrorum
1604 1669 1660 1708 Dei,
1688 1670 1795 1700 fidelibus

1082 1711 1189 1741 omnibus
1211 1721 1251 1750 per
1276 1712 1423 1751 Campaniam
1446 1715 1468 1741 et
1495 1713 1617 1751 Apuliam,
1641 1715 1676 1743 vel
1704 1714 1795 1753 Capita-

1082 1759 1172 1793 natum,
1188 1756 1234 1785 slve
1253 1756 1380 1794 Samnium,
1399 1756 1497 1785 salutem
1515 1760 1538 1786 et
1555 1757 1705 1796 apostolicam
1725 1756 1796 1787 bene·

1081 1799 1216 1829 dictionem.

1090 1862 1209 1897 Rerum
1237 1869 1394 1908 gestarum
1419 1863 1518 1897 series
1539 1863 1577 1897 ad
1602 1863 1661 1898 boc
1689 1863 1796 1898 litera-

1043 1924 1111 1946 rum
1152 1911 1224 1945 fidei
1268 1912 1532 1956 committuntur,
1583 1924 1622 1946 ne
1670 1912 1794 1947 illarum

1043 1961 1156 1996 veritas
1172 1969 1369 2008 posterorum
1391 1961 1560 1996 memoriae
1579 1961 1793 1996 subtrahatur.

1043 2010 1217 2044 Diuturnae
1246 2010 1341 2055 igitur
1362 2009 1443 2050 litis,
1472 2023 1552 2057 quae
1580 2011 1660 2045 inter
1682 2010 1796 2045 Cassi-

1044 2072 1195 2100 nensem,
1240 2067 1269 2093 et
1309 2060 1490 2094 monasterii
1533 2060 1796 2094 Terrae-Maioris

1045 2109 1172 2143 abbates
1193 2117 1259 2143 acta
1288 2117 1334 2143 cst
1361 2121 1457 2155 super
1477 2109 1607 2143 ecclesia
1631 2109 1663 2143 S.
1678 2109 1796 2144 Mariae

1044 2158 1083 2193 de
1110 2158 1212 2192 Casali
1235 2157 1346 2197 Plano,
1374 2158 1505 2204 eiusque
1529 2158 1794 2204 possessionibus,

1045 2207 1238 2242 decisionem
1266 2207 1367 2241 literis
1393 2207 1533 2241 mandari
1568 2207 1793 2253 praecipimus,

1046 2268 1085 2290 ne
1120 2256 1223 2302 aliqua
1259 2255 1338 2290 inter
1368 2267 1422 2290 eos
1449 2255 1636 2290 turbationis
1672 2257 1796 2291 occasio

1047 2305 1251 2350 imposterum
1268 2305 1474 2351 relinquatur.
1498 2304 1699 2339 Cassinensis
1712 2307 1796 2340 enim

1046 2354 1169 2389 abbatis
1214 2353 1403 2388 reverendae
1447 2354 1617 2389 memoriae
1658 2353 1796 2389 Oderisii

1047 2403 1204 2449 querelam
1232 2402 1424 2450 accipientes
1444 2403 1594 2438 adversus
1617 2403 1796 2438 monasterii

1047 2451 1306 2487 Terrae-Maioris
1328 2451 1485 2493 abbatem,
1513 2452 1594 2499 quod
1623 2452 1797 2487 Ecclesiam

1048 2501 1258 2549 supradictam
1294 2501 1333 2535 de
1365 2500 1467 2535 Casali
1495 2501 1594 2536 Plano
1629 2502 1797 2541 invaserit,

1084 2576 1122 2611 (l)
1143 2576 1182 2602 Ex
1202 2575 1321 2609 originali
1338 2575 1438 2602 archiv.
1456 2575 1539 2602 edidit
1557 2575 1674 2607 Gattula,
1691 2575 1797 2603 Access.

1049 2616 1080 2643 ad
1103 2617 1169 2644 Hist.
1187 2616 1287 2643 Cassin.
1307 2619 1370 2643 tom.
1390 2623 1418 2648 ιι,
1440 2623 1497 2651 pag.
1515 2615 1577 2642 7111.

1822 253 1911 280 Aac.
1935 253 2002 280 1113

1821 307 1860 328 Pr.
1871 308 1960 333 sntwrrig
1969 313 2003 328 tin.

1842 1885 1960 1906 Exordium.

1834 2027 1905 2048 Series
1920 2027 1977 2048 sacti.
