2180 3205
152 257 201 282 An.
219 256 247 281 tl.
272 256 337 282 1¹³9ss

165 314 208 334 nin

206 320 289 333 *iactast*
299 312 338 332 [⁴:-

153 346 217 360 Clesm
232 343 338 365 metrop(-

152 367 184 387 lis⁴

191 624 336 645 Atrebaiensis

151 649 260 671 Ecclesiae
281 652 336 671 cala-

151 680 242 698 mit-{tes

191 970 327 991 Postmodum

150 997 300 1024 redintegrata.

175 1155 244 1187 Quare
253 1158 334 1188 episco-

149 1187 188 1229 Prii-⁵
208 1189 229 1204 ei
242 1187 334 1206 restitui-

175 1415 255 1440 Quihus
283 1415 334 1435 ciri-

149 1443 228 1471 tatibus
258 1442 333 1472 praefi·

149 1470 219 1490 ciendi
230 1474 332 1496 episcopi.

178 2133 302 2155 Lambertus
317 2140 337 2155 0-

167 2161 252 2186 iscopus
279 2163 337 2182 Atre-

167 2188 246 2207 atensis
263 2188 337 2209 confir-

151 2216 228 2235 matur.

1058 231 1134 251 liis't}

422 225 490 259 150
953 233 978 252 12²

365 287 719 333 dams‹·iturep'·s‹¹onos
734 285 898 325 Inpulsu—2
915 296 941 319 et
960 285 1116 319 Ramnen-

363 353 430 373 seui
454 339 628 372 Ecclt⁴Stattt
654 350 719 370 iure
748 337 1018 381 ‹in-tiupolituuaui
1053 335 1115 368 lla-

365 388 442 425 bvri,
466 400 546 433 quae
569 394 613 420 tot
634 386 713 420 solet
734 385 942 431 suffraganeis
963 385 1112 418 eminere.

363 436 542 475 Caeterum,
571 435 706 482 peccatis
741 434 964 481 exliigeutibus
985 433 1115 468 accola-

365 498 455 523 rum,
491 497 563 518 cum
604 484 799 519 irruentibus
837 484 978 518 barberis
1020 483 1113 517 urbes

362 534 517 580 quaedam
547 533 677 568 detritae
712 541 797 573 suut,
824 532 1032 567 duodecimus
1062 532 1113 567 ille

362 595 513 617 numerus
533 583 717 617 imminutus
739 591 801 623 est,
824 582 905 617 inter
918 594 997 629 quas
1020 582 1112 616 Atre-

364 632 482 672 batum,
507 632 619 666 nobilis
646 632 806 679 quondam
834 640 864 666 et
892 632 1042 678 populosa
1066 631 1113 665 ci-

365 681 454 721 vitas,
477 694 558 728 quae
580 693 635 728 per
662 682 690 715 b.
713 681 893 727 Remigium
927 681 1111 727 episcopum

365 730 537 764 vedastum
581 731 741 774 obtinuit,
782 739 850 777 post
887 730 1110 764 nonnullorum

362 780 535 813 antistitum
571 780 692 814 obitum
724 779 911 827 episcopalis
947 779 1112 821 cathedrae

361 828 499 875 perdidit
527 829 721 875 dignitatem,
743 838 773 864 et
809 841 864 876 per
887 829 1110 863 nonnullorum

360 886 502 925 tempora
541 878 762 914 Cameracensi
805 879 955 925 episcopo
987 877 1111 912 subdita

360 926 512 962 obedivit.
530 927 629 962 Porro
651 929 766 963 uostris
789 927 984 974 temporibus
1005 939 1113 973 snper-

361 988 419 1010 nae
435 977 645 1012 miserationis
665 985 810 1024 respectu
832 977 989 1024 praedicta
1005 976 1112 1010 civitas

359 1025 390 1059 in
417 1026 573 1061 eiusmodi
596 1034 679 1061 statu
702 1027 824 1061 redacta
847 1034 906 1069 est,
934 1034 965 1059 ut
994 1033 1025 1059 et
1049 1037 1111 1071 po-

361 1074 426 1120 puli
455 1075 643 1122 frequentIa,
670 1083 701 1110 et
720 1075 896 1109 divitiarum
920 1074 1111 1109 abundantia

359 1123 620 1159 Cameracensem
643 1133 771 1172 superet
786 1125 955 1159 civitatem.
972 1124 1111 1169 Dignum

360 1173 458 1219 igitur
483 1173 615 1220 Spiritui
642 1173 758 1209 Sancto
771 1181 801 1208 et
816 1173 1001 1208 Auctoritati
1024 1173 1112 1220 Apo—

359 1222 488 1257 stolicae
512 1223 613 1257 visum
635 1231 692 1264 est,
721 1231 754 1258 ut
779 1222 978 1258 Atrebatensi
1000 1222 1113 1257 Eccle-

359 1272 423 1306 siae
445 1272 614 1307 cardinalis
632 1273 850 1307 restitueretur
873 1272 1012 1307 antistes.
1029 1272 1112 1306 Sau-

360 1329 445 1356 ctum
470 1322 553 1356 enirn
582 1321 771 1357 Sardicense
797 1322 967 1356 concilium
993 1321 1111 1365 statuit,

362 1383 424 1405 non
450 1372 564 1418 passim
588 1372 771 1418 episcopum
799 1371 950 1415 ordinari,
974 1371 1033 1404 nisi
1059 1378 1113 1404 aut

365 1420 396 1454 in
419 1420 608 1462 civitatibus,
635 1433 714 1468 quae
736 1420 904 1467 epiScopos
922 1420 1112 1460 habueruut,

360 1477 414 1504 aut
440 1482 521 1516 quae
550 1478 610 1504 tam
636 1470 807 1516 populosae
834 1478 918 1513 sunt,
942 1478 975 1503 ut
999 1468 1112 1504 habere

364 1527 544 1553 mereantur
561 1520 758 1566 episcopum.
774 1519 808 1553 ln
831 1518 970 1553 secundo
985 1530 1112 1565 quoque
1131 1541 1134 1556 i

360 1567 497 1602 concilio
524 1568 672 1603 Africano
694 1568 886 1612 decernitur,
910 1576 943 1602 ut
965 1568 1014 1602 illa
1030 1567 1113 1602 dioe-

360 1619 451 1657 cesis,
482 1629 563 1664 quae
585 1617 755 1664 aliquando
778 1617 886 1652 habuit
913 1618 1111 1664 episcopum,

361 1666 474 1700 lrabeat
501 1667 683 1713 proprium3
711 1675 741 1701 et
767 1667 806 1707 si,
832 1666 1002 1701 accedente
1029 1675 1111 1701 tem-

362 1727 449 1762 pore,
471 1724 632 1750 crescente
660 1715 733 1760 fide,
760 1716 817 1750 Dei
842 1717 977 1762 populus
1003 1716 1112 1751 multi-

362 1765 494 1811 plicatus
534 1765 758 1800 desideraverit
796 1765 910 1800 habere
950 1767 1110 1811 proprium
1131 1790 1134 1815 ἱ

361 1822 527 1858 rectorem,
554 1815 622 1849 eius
644 1814 789 1849 videlicet
811 1815 982 1859 voluntate,
1010 1816 1041 1849 in
1061 1821 1134 1861 cu-}

362 1863 412 1897 ius
451 1870 603 1909 potestate
639 1871 687 1898 est
725 1864 881 1903 dioecesis
919 1866 1086 1899 constituta
1103 1892 1111 1904 ,
1131 1864 1134 1906 i

361 1911 475 1946 habeat
497 1913 660 1959 proprium
682 1915 878 1960 episcopum.
898 1913 1016 1947 Beatus
1031 1926 1112 1960 quo·
1132 1909 1134 1933 ⁵

363 1973 427 2008 que
452 1960 624 2008 Gregorius
651 1963 681 1996 in
703 1962 849 1997 Sardinia
870 1963 952 2009 apud
981 1963 1112 1997 Pliasia-
1132 1962 1134 2001 ξ

983 232 1049 252 ’1.1..“ι

1162 231 1227 251 {tem
1242 230 1322 251 xst‘n

1158 285 1216 318 leui
1235 285 1418 329 episcopum
1443 280 1602 314 sortiatur.
1627 280 1785 326 Quicquid
1802 291 1906 317 auten.

1158 334 1335 379 praedictae
1384 332 1544 365 Ecclesiae
1593 332 1702 365 beatus
1744 331 1907 377 Remigius

1156 382 1310 423 contulit,
1338 380 1489 428 quicquid
1525 380 1661 426 antiquis
1694 380 1906 427 temporibus,

1155 431 1230 466 duni
1259 430 1428 478 episcopali
1466 429 1617 475 dignitate
1656 429 1809 475 polleret,
1837 443 1906 465 eam

1156 480 1318 527 possidere
1345 479 1518 523 constituit,
1547 479 1640 513 salvis
1655 478 1806 525 legalibus
1821 479 1908 513 insti-

1154 531 1240 572 tutis,
1280 539 1309 564 et
1341 529 1504 563 Romanae
1529 527 1694 563 Ecclesiae
1721 528 1905 574 privilegiis,

1156 588 1254 614 ratum
1270 578 1326 613 tibi
1350 591 1385 613 ac
1401 579 1464 613 tuis
1483 576 1722 612 successoribus
1743 578 1906 613 sancimus

1154 640 1348 675 permanere.
1385 628 1417 662 In
1446 627 1564 674 quibus
1586 626 1770 661 nominatim
1799 627 1903 661 archi-

1153 678 1313 713 diaconias
1327 678 1416 721 duas,
1432 689 1565 723 quarum
1589 688 1649 710 una
1671 675 1904 720 Atrebatensis,

1153 727 1251 763 altera
1269 727 1384 762 dicitur
1413 725 1715 768 Obstrevandensis,
1751 725 1906 772 praefatae

1154 777 1314 812 Ecclesiae
1352 776 1592 816 confirmamus3
1621 783 1652 810 et
1678 774 1748 809 illos
1774 775 1905 810 omnino

1154 826 1268 861 limites
1287 826 1366 860 inter
1381 825 1621 860 Atrebatensem
1641 832 1671 858 et
1689 823 1905 859 Cameracen-

1152 887 1218 909 sem
1246 875 1405 920 Ecclesias
1430 875 1495 909 fore
1514 874 1736 921 praecipimus,
1750 885 1831 920 quos
1851 886 1906 909 an-

1154 924 1286 971 tiquitus
1305 925 1411 965 fuisse,
1425 924 1472 958 vel
1482 924 1672 970 scriptorum
1688 924 1904 964 monimentis,

1153 974 1200 1008 vel
1222 974 1452 1008 territoriorum
1481 973 1703 1019 diremptione,
1734 973 1782 1007 vel
1808 973 1904 1008 certis

1152 1022 1312 1069 aliquibus
1327 1022 1448 1057 inditiis
1466 1023 1603 1069 potuerit
1625 1021 1841 1069 comprobari;
1857 1030 1903 1064 ut,

1152 1080 1311 1106 annuente
1343 1072 1435 1116 Deo,
1469 1071 1683 1106 Ecclesiarum
1720 1083 1780 1117 pax
1818 1071 1904 1107 nulla

1152 1122 1318 1156 occasione
1342 1121 1500 1161 turbetur3
1523 1129 1563 1159 et,
1586 1132 1666 1167 quae
1681 1132 1736 1166 pro
1762 1120 1904 1155 fidelium

1153 1171 1253 1205 salute
1278 1178 1391 1206 statuta
1416 1178 1501 1211 sunt,
1529 1169 1658 1216 perenni
1687 1177 1827 1215 tempore
1854 1170 1906 1203 in-

1153 1219 1302 1254 convulsa
1337 1219 1506 1254 stabilitate
1543 1219 1722 1266 persistant.
1759 1218 1843 1253 Sane
1876 1218 1904 1254 si

1153 1269 1225 1316 quis
1244 1270 1296 1304 *in
1336 1269 1507 1304 crastinum
1547 1268 1804 1315 archiepiscopus
1848 1275 1905 1303 aut.

1152 1319 1334 1366 episcopus,
1368 1319 1538 1365 imperator
1571 1325 1626 1352 aut
1652 1329 1722 1362 rex,
1754 1317 1904 1365 princeps

1152 1376 1206 1402 aut
1232 1369 1306 1409 dux,
1344 1380 1451 1403 comes
1489 1375 1543 1402 aut
1578 1367 1764 1408 vicecomes,
1791 1367 1903 1412 iudex,

1152 1425 1206 1451 aut
1232 1430 1367 1464 persona
1394 1416 1552 1464 quaelibet
1582 1428 1694 1462 magna
1721 1416 1769 1450 vel
1795 1428 1903 1462 parva,

1153 1469 1249 1506 huius
1282 1472 1380 1506 nostri
1416 1471 1562 1517 paginam
1588 1469 1693 1504 sciens
1732 1469 1902 1516 privilegii,

1153 1532 1260 1559 contra
1282 1537 1352 1560 eam
1375 1534 1492 1560 temere
1515 1523 1621 1559 venire
1644 1523 1904 1570 praesumpserit,

1153 1579 1293 1614 secundo
1313 1580 1442 1615 tertiove
1468 1578 1693 1619 commonitus,
1716 1578 1742 1612 si
1762 1589 1826 1612 non
1852 1589 1905 1612 sa-

1153 1632 1329 1668 tisfactione
1342 1645 1481 1679 congrua
1503 1632 1727 1673 emendaverit,
1740 1632 1904 1679 potestatis

1153 1686 1347 1734 honorisque
1368 1688 1416 1721 sui
1438 1687 1588 1733 dignitate
1615 1694 1731 1731 careat,
1749 1697 1904 1732 reumque

1152 1752 1187 1775 se
1212 1741 1319 1775 divino
1345 1741 1462 1775 iudicio
1489 1741 1624 1789 existere
1657 1739 1696 1774 de
1726 1748 1903 1787 perpetrata

1153 1793 1316 1841 iniquitate
1352 1802 1547 1841 cognoscat,
1578 1801 1608 1828 et
1641 1805 1659 1828 a
1691 1794 1904 1829 sacratissimo

1153 1860 1285 1894 corpore
1309 1855 1339 1882 et
1359 1849 1514 1893 sanguine
1541 1847 1599 1881 Dei
1621 1859 1658 1881 ac
1679 1847 1807 1882 Domini
1830 1847 1904 1882 Re-

1153 1900 1326 1947 dcmptoris
1348 1903 1443 1935 nostri
1466 1901 1536 1935 Iesu
1559 1900 1675 1935 Christi
1698 1900 1821 1936 alienus
1840 1902 1904 1943 fiat,

1153 1963 1245 2001 atque
1274 1955 1305 1988 in
1333 1963 1473 1988 extremo
1494 1955 1638 1989 examine
1664 1954 1824 1990 districtae
1846 1956 1904 1990 ul-

363 2023 433 2045 nam
462 2011 617 2058 oppidum
639 2011 817 2046 secundum
847 2014 1014 2059 pristinum
1037 2024 1112 2047 mo-
1155 2010 1228 2042 [loni
1250 2008 1420 2042 subiaceat.
1444 2007 1576 2043 CunCllS
1602 2008 1706 2043 eidem
1734 2009 1802 2043 lOCO
1824 2009 1906 2045 iusta

362 2060 438 2094 dum
463 2059 636 2095 reordinari
661 2062 823 2108 praecepit
844 2063 1027 2096 antistitem.
1132 2056 1349 2112 {servantibus
1382 2064 1420 2096 sit
1455 2074 1514 2109 pax
1541 2061 1666 2096 Domini
1700 2064 1798 2097 nostri
1830 2063 1904 2098 Iesu

413 2109 452 2143 Et
484 2121 542 2144 nos
579 2121 654 2155 ergo
692 2110 909 2145 Atrebatensis
950 2110 1112 2145 Ecclesiae
1132 2119 1135 2161 j
1153 2114 1292 2156 Christi,
1323 2124 1479 2162 quatenus
1505 2123 1535 2150 et
1562 2116 1612 2150 liic
1640 2115 1741 2151 bonae
1769 2117 1905 2152 actionis

363 2158 814 2214 s95131u²l0932,e²Rem003}5
842 2160 1025 2214 mefflffllffilss
1059 2173 1112 2214 3⁴3·
1133 2177 1135 2213 ;
1155 2169 1289 2204 fructum
1325 2170 1508 2216 percipiant,
1546 2177 1577 2204 et
1609 2170 1692 2217 apud
1726 2171 1905 2206 districtum

363 2208 586 2255 dintegrationi
616 2220 672 2254 pro
695 2218 791 2244 nostri
821 2209 911 2243 officii
936 2209 1043 2243 debito
1059 2222 1114 2244 un-
1133 2219 1136 2254 ξ

364 2257 531 2296 minentes,
553 2266 595 2302 te,
617 2258 711 2293 frater
730 2259 914 2293 charissime
936 2258 1113 2300 Lamberte,
1133 2268 1136 2299 :

364 2306 438 2341 cleri
476 2306 641 2354 plebisque
680 2319 835 2342 consensu
870 2308 1004 2342 electum
1037 2305 1137 2352 una—{j

365 2355 455 2399 nimi,
486 2355 576 2391 beato
607 2355 754 2398 vedasto,
789 2366 818 2391 et
852 2358 980 2401 sanctis,
1007 2360 1059 2402 qui
1084 2359 1136 2403 in}

368 2404 444 2438 urbe
466 2405 533 2452 ipsa
555 2405 715 2453 quondam
740 2406 970 2453 praesiderant,
996 2405 1114 2441 Ponti-

367 2453 479 2488 ficibus
519 2455 742 2490 constituimus
783 2467 1013 2490 successorem.
1053 2455 1137 2492 Peri

368 2504 540 2548 praesentis
567 2505 670 2550 itaque.
698 2505 848 2551 privilegii
877 2506 1021 2552 paginam
1041 2499 1138 2550 legi-³

369 2552 479 2585 timum
509 2561 696 2599 perpetuum
724 2556 904 2594 statuimus,
933 2563 965 2587 ut
987 2553 1137 2588 Atrans-¹

369 2600 467 2634 tensis
492 2600 636 2636 Ecclesia
657 2602 807 2650 deinceps
828 2615 954 2651 semper
978 2602 1115 2638 cardina—

1155 2223 1295 2258 ludicem
1313 2225 1450 2270 praemia
1467 2232 1612 2258 aeternae
1629 2224 1714 2270 pacis
1728 2224 1903 2258 inveniant.

1203 2276 1363 2324 Scriptum
1399 2289 1455 2323 per
1497 2289 1625 2311 manum
1658 2277 1907 2312 Boni-Hominis

1155 2331 1307 2365 scriniari}
1330 2332 1410 2365 sacri
1439 2331 1554 2377 palatii.
1577 2330 1693 2365 Datum
1715 2331 1835 2366 Romae
1851 2344 1907 2378 per

1156 2396 1282 2418 manum
1310 2384 1436 2418 loannis
1457 2394 1584 2419 sanctae
1611 2384 1772 2419 Romanae
1798 2384 1907 2420 Eccle-

1155 2441 1220 2472 siae
1238 2437 1407 2473 cardinalis
1425 2437 1562 2478 diaconi,
1585 2450 1607 2472 x
1628 2438 1779 2473 kalendas
1797 2439 1907 2486 aprilis

1157 2490 1330 2526 indictione
1351 2503 1389 2527 Π.
1415 2502 1498 2526 anno
1515 2490 1692 2526 dominicae
1714 2492 1907 2528 incarnatio-

1157 2545 1205 2579 nis
1226 2545 1396 2580 millesimo
1416 2547 1621 2592 nonagesimo
1644 2548 1688 2589 (t)
1712 2548 1814 2591 tertio,
1830 2558 1906 2594 pon·

1192 2616 1231 2652 (ί)
1248 2616 1314 2651 Lege
1330 2619 1428 2650 quarto
1448 2619 1477 2643 ut
1495 2618 1597 2643 caetera
1615 2616 1786 2644 conveniant.

1929 250 1978 274 An.
1999 248 2027 275 C.
2044 249 2110 276 1093

1962 302 2112 325 contii-mantnt·
2131 324 2137 327 .

1938 334 2022 355 qunque
2057 330 2112 351 bona

1929 362 1998 375 ouium
2015 355 2042 375 ad
2057 361 2114 377 eam-

1930 383 1976 402 dem
1997 381 2114 404 Ecclesiam

1930 408 2064 435 pertinentia.

1956 810 2043 833 Limites
2064 811 2116 832 assi-
2136 827 2142 833 ,

1931 841 2020 864 guantur
2057 840 2116 859 Atra·
2144 860 2146 862 v
2172 835 2176 847 ¹

1930 865 2014 885 batensi
2037 867 2058 886 ot
2077 864 2116 886 Ca-

1930 891 2049 912 meracensi
2076 891 2116 912 Ec-

1931 918 2010 939 etesiis.

1919 1270 1924 1275 ,
1957 1244 2040 1266 solitae
2059 1244 2117 1267 clau·

1931 1273 1999 1293 sulae.
