2180 3205
64 239 113 266 An.
130 237 159 264 C.
175 238 236 265 tttit

75 1983 190 2007 Concordia

44 2014 95 2038 hue
102 2015 221 2039 :Pontissce

43 2045 182 2068 confirmatur.

1688 223 1738 239 Ι...

875 233 1085 255 tNNOCssNTtt‘Q
1108 234 1129 255 ΙΙ
1155 233 1201 256 ΙΨ.
1681 223 1751 253 atne.)

256 289 353 324 abbas
384 289 464 324 dnos
496 301 534 324 cx
562 289 707 323 fratribus
742 289 807 322 suis
837 289 935 322 mittat
969 288 1005 321 ad

257 343 445 378 visitandum
461 343 681 377 :nonasterium
694 343 922 390 sacpmlictnni,
940 342 1007 388 ‹pii-

255 397 314 432 bus
340 398 490 432 decenter
515 410 550 432 ac
570 398 703 443 benigne
727 397 871 443 receptis,
895 397 933 430 ab
950 410 1006 430 eo-

254 451 325 486 dcm
348 451 538 486 monasterio
562 451 720 485 moderata
750 450 929 497 procuratio
948 449 1005 483 tri-

255 504 382 539 buatur:
406 513 437 540 ct
459 506 528 552 ipsi,
550 504 672 539 abbatis
698 505 840 539 ciusdem
859 504 916 537 luci
933 516 1006 537 con-

252 559 322 593 silio
345 559 505 605 requisito,
528 559 695 605 corrigant,
724 559 747 591 si
781 558 855 604 quid
880 558 909 591 in
936 558 1003 604 ipso

251 613 441 647 monasterio
462 613 543 647 circa
568 612 741 647 monachos
767 620 797 646 ct
820 624 1002 656 conve-rsus,

218 662 229 674 '
250 666 389 713 aliasque
412 680 560 713 personas
575 665 796 711 corrigendum
816 666 1001 709 interierint,

249 728 280 755 et
300 729 448 760 statuant,
471 721 555 768 quod
575 721 655 755 cirea
672 733 726 755 cos
750 720 841 754 suerit
863 728 1002 754 statuen-

248 774 335 809 dum.
359 774 391 809 Si
412 787 484 809 vero
510 774 628 821 aliquid
651 774 876 819 corrigendum
902 775 929 807 in
950 774 1001 808 al)-

248 827 318 863 bate
334 829 521 868 invenerint,
543 828 580 862 ad
606 827 698 861 Rom.
723 826 907 861 Pontificem
925 828 998 862 illud

247 882 394 923 reserant,
416 891 446 918 ct
467 882 546 917 sicut
576 882 642 928 ipse
663 881 866 924 mandaverit,
885 882 914 915 in
931 882 999 916 eins

246 937 439 972 correctione
463 937 641 983 procedant.
665 935 746 969 Cum
775 943 878 969 antem
903 935 996 970 Clun.

246 991 342 1026 abbas
368 991 405 1026 ad
429 991 653 1025 monasterium
676 989 870 1036 saepefatum
890 1002 998 1024 acces-

245 1044 342 1089 serit,
375 1045 470 1079 abbas
496 1044 636 1080 ciusdem
674 1044 731 1078 loci
760 1044 802 1088 ci,
832 1051 995 1090 tamqnam

246 1098 342 1145 priori
369 1099 486 1143 abbati,
520 1098 610 1133 cedat
644 1098 673 1132 in
703 1098 816 1137 (dioro,
839 1098 995 1144 capitulo,

244 1160 275 1186 et
302 1153 332 1186 in
361 1165 478 1188 mensa.
502 1153 609 1187 Abbas
633 1164 706 1186 vero
728 1152 821 1186 Clun.
847 1152 876 1185 in
896 1165 996 1186 inom-

246 1204 310 1240 bris
334 1206 482 1253 corriget,
509 1206 593 1253 quod
631 1205 723 1240 suerit
751 1205 994 1251 corrigendnm;

244 1260 269 1293 si
291 1259 367 1308 quid
395 1259 473 1295 forte
507 1260 536 1294 in
571 1252 692 1294 abbatis
720 1272 850 1306 persona
887 1272 995 1294 corre—

242 1314 347 1348 ctione
369 1314 500 1360 dignum
523 1314 687 1357 invenerit,
706 1313 736 1347 id
759 1313 797 1347 ad
820 1325 913 1348 aures
935 1313 994 1348 Ro-

242 1368 326 1402 mani
350 1367 512 1403 Pontificis
534 1367 673 1414 proferre
689 1374 846 1414 procuret,
864 1376 895 1400 ut
911 1367 992 1400 iuxta

241 1420 475 1468 beneplacitum
513 1422 582 1456 eius
624 1421 654 1454 in
700 1420 827 1454 Christo
868 1421 992 1466 negotia

241 1475 423 1521 procedam.
447 1475 612 1509 Praeterea
633 1472 727 1508 Ctun.
751 1474 848 1508 abbas
868 1474 906 1508 ad
930 1486 993 1508 mo-

241 1529 411 1564 nasterium
435 1529 495 1564 iam
513 1529 631 1563 dictum
647 1522 775 1562 accedet
793 1540 864 1562 cum
883 1528 990 1574 viginti

239 1583 382 1630 quinque
403 1583 601 1630 equitaturis,
627 1590 658 1617 et
680 1582 807 1628 triginta
831 1583 990 1628 personis3

239 1635 350 1672 fratres
372 1649 456 1682 vero,
479 1650 550 1672 cum
587 1637 660 1671 illuc
687 1648 779 1670 causa
806 1637 991 1672 visitationis

238 1691 438 1733 accesserint,
466 1700 601 1739 quatuor
632 1690 837 1738 equitaturis,
873 1700 901 1725 et
935 1704 989 1726 sex

237 1745 383 1792 personis
414 1745 632 1780 tantummodo
667 1745 731 1779 sint
764 1745 914 1779 contenti.
951 1744 991 1779 Ut

238 1801 333 1848 igitur
366 1803 397 1836 iu
432 1809 620 1849 perpetuum
654 1802 842 1849 compositio
876 1814 990 1849 supra-

235 1861 370 1908 scripta,
400 1861 439 1896 de
467 1868 705 1909 procuratorum
739 1872 870 1894 assensu
893 1860 988 1900 facta,

237 1919 458 1955 inviolabiliter
484 1919 678 1963 observetur,
706 1930 763 1953 nos
789 1930 856 1953 eam
879 1925 989 1952 aucto-

236 1978 326 2013 ritate
351 1978 521 2026 apostolica
544 1977 781 2021 confirmamus,
803 1984 987 2019 statuentes,

237 2043 271 2071 ut
303 2036 381 2071 nulli
414 2036 545 2072 omnino
579 2035 743 2070 hominum
772 2035 881 2075 liceat,
906 2034 988 2068 lianc

234 2095 384 2142 paginam
399 2103 524 2130 nostrae
537 2093 786 2129 confirmationis
805 2092 987 2138 infringere,

233 2153 283 2188 vel
305 2153 332 2189 ei
354 2166 435 2189 ausu
466 2152 631 2188 temerario
664 2151 830 2186 contraire.
860 2151 893 2186 Si
916 2153 988 2198 quis

234 2219 339 2248 autem
360 2212 421 2247 hoc
441 2218 593 2246 attentare
617 2210 873 2258 praesumpserit,
903 2210 987 2244 indi-

233 2271 414 2317 gnationem
437 2269 663 2317 omnipotentis
683 2268 754 2309 Dei,
770 2276 800 2302 et
822 2267 984 2303 beatorum

234 2328 318 2364 Petri
347 2336 378 2364 et
406 2328 497 2363 Pauli
518 2327 732 2375 apostolorum
759 2327 840 2368 eius,
868 2339 901 2362 se
925 2339 986 2362 no-

233 2386 312 2422 verit
332 2387 545 2421 incursurum.

282 2443 399 2479 Datum
422 2443 552 2480 Viterbii
585 2456 620 2479 1v
643 2443 714 2478 idus
742 2443 822 2489 iulii,
850 2444 985 2490 pontifi-

232 2509 321 2538 catus
343 2502 441 2537 nostri
463 2514 546 2537 anno
567 2515 625 2537 xli.

301 2567 364 2599 Dat.
385 2568 432 2599 die
451 2568 487 2598 12
510 2568 575 2598 iulii
594 2578 670 2598 anno
688 2568 804 2600 Domini
827 2569 914 2607 1141,

476 2612 579 2653 pontif.
597 2622 674 2643 anno
691 2622 740 2643 xtt.

1362 287 1488 322 Lxxn.

1048 365 1247 408 Cuttfii'ntttlt'u
1283 365 1430 397 banorum
1459 366 1593 397 Μυκήνη
1620 365 1800 396 ι]ιυηπι.κ’ῐιίἰί“

1094 415 1127 445 S.
1159 414 1389 446 llwrthulomuvi
1411 415 1551 447 bisuldu.
1575 415 1726 456 ‹lina-esis,
1749 414 1798 446 cui

1094 464 1243 496 nonnulla
1266 465 1471 496 conceduntur
1490 464 1655 507 ptit't'leglict
1681 464 1741 505 (l).

1314 544 1526 574 ὃΗῐλΙᾹΡ-ΙΗΙ

1043 608 1209 638 Exordium.
1227 626 1266 631 —-
1289 609 1408 640 Munast.
1428 611 1482 639 stili
1506 612 1685 650 protectione
1710 613 1794 642 Sedis

1083 654 1181 692 Apost.
1205 654 1353 692 recipitur,
1379 672 1418 677 —
1446 655 1574 694 {dunque
1599 656 1672 685 bona
1696 659 1793 687 omnia

1081 699 1312 735 conlirtnantnr3
1334 716 1373 720 —
1400 699 1583 738 Epist-opalis
1607 702 1693 730 sedus
1723 702 1793 731 illuc

1082 752 1138 771 non
1172 743 1371 772 transt'ervnda
1393 744 1566 773 declaratur.
1595 761 1635 766 —
1661 745 1757 774 Abbas
1777 756 1791 775 a

1081 788 1232 816 monachis
1266 788 1432 823 eligendus:
1456 792 1483 816 et
1514 799 1527 816 n
1561 787 1706 817 1⁴'csttlano
1732 791 1792 828 opi-

1080 841 1179 869 sverm,
1202 833 1226 861 si
1257 833 1418 861 catholicus
1451 832 1547 868 fucrit,
1571 835 1791 863 consecrandus

1079 876 1256 906 decernitur.
1275 894 1314 898 —
1346 876 1448 906 Libera
1477 877 1644 906 declaratur
1671 888 1721 916 pro
1741 880 1792 909 dc-

1079 920 1186 950 functis
1207 922 1421 959 cuiuscnnnprc
1441 921 1556 958 generis
1574 922 1736 960 sepultura.
1752 940 1793 946 -—-

1077 964 1251 993 Omnimoda
1278 965 1422 1003 exemptio
1452 974 1465 993 a
1489 965 1670 995 decimarum
1705 968 1790 997 solu-

1079 1009 1156 1038 tione
1183 1012 1210 1038 ct
1233 1008 1267 1038 ab
1291 1008 1369 1037 omni
1400 1009 1605 1038 interdictione
1628 1010 1723 1040 datur.
1752 1029 1791 1034 —-

1077 1053 1185 1082 Solitae
1211 1053 1430 1083 conclusiones.
1449 1070 1489 1074 —
1507 1052 1669 1084 lnnoccntii
1690 1055 1741 1085 l‘l'.
1761 1061 1790 1086 ct

1078 1098 1105 1127 S.
1130 1097 1161 1127 tt.
1180 1097 1257 1127 Eccl.
1277 1098 1470 1127 cardinalium
1494 1098 1738 1138 subscriptiones.

1035 1164 1182 1194 tnnocenttns
1204 1164 1324 1203 episcopus
1338 1174 1414 1194 sertus
1431 1174 1547 1194 sertorum
1566 1164 1617 1202 nei,
1633 1165 1723 1196 dilectis
1733 1166 1787 1196 filiis

1074 1209 1186 1247 Gregorio
1203 1208 1279 1237 abbati
1302 1210 1377 1238 Sancti
1395 1209 1578 1243 Battltolutnaci,
1601 1209 1696 1247 eiusque
1713 1210 1787 1240 fratri-

1074 1253 1114 1282 bus
1133 1258 1178 1282 turn
1194 1253 1352 1292 praesentibus
1371 1262 1438 1291 quant
1458 1253 1549 1288 l'tttttris,
1567 1253 1706 1291 regulariter
1730 1264 1786 1285 con·

1073 1299 1168 1336 stittttis,
1185 1299 1206 1327 in
1229 1303 1375 1337 perpetuant.

1083 1364 1294 1405 Desiderium,
1317 1364 1401 1411 quod
1426 1364 1463 1398 ad
1484 1365 1646 1411 religionis
1668 1378 1786 1413 propo-

1033 1414 1152 1455 situm,
1187 1424 1217 1449 et
1250 1415 1425 1448 animarum
1459 1415 1589 1448 salutem
1628 1416 1784 1462 pertinere

1034 1472 1236 1507 monstratur,
1263 1464 1367 1497 animo
1396 1476 1451 1497 nos
1470 1463 1560 1497 decet
1583 1463 1690 1498 libenti
1706 1477 1785 1499 con-

1033 1513 1158 1553 cedere,
1182 1522 1211 1547 et
1236 1513 1407 1559 petentium
1426 1512 1592 1547 desideriis
1605 1526 1783 1560 congruum

1034 1562 1185 1609 impertiri
1222 1562 1418 1608 suffragium.
1448 1562 1642 1609 Eapropter,
1677 1563 1782 1598 dilecti

1034 1612 1063 1645 in
1093 1611 1228 1645 Domino
1252 1612 1318 1650 lilii,
1346 1611 1456 1645 vestris
1478 1611 1566 1646 iustis
1595 1612 1784 1659 postulatio—

1032 1661 1126 1695 nibus
1147 1661 1318 1695 clementer
1339 1661 1521 1701 annuimus,
1549 1669 1579 1695 et
1605 1661 1693 1696 Beati
1710 1662 1784 1697 Bar-

1032 1710 1199 1744 tholomaei
1238 1710 1370 1757 apostoli
1412 1711 1653 1751 monasterium,
1695 1712 1780 1758 quod

1032 1759 1111 1794 insta
1147 1767 1286 1794 montem
1313 1758 1489 1794 Fesulanae
1527 1760 1659 1794 civitatis
1685 1762 1780 1795 situm

1030 1817 1088 1853 est,
1112 1821 1183 1842 cnm
1207 1808 1356 1843 omnibus
1390 1809 1455 1843 suis
1484 1809 1693 1855 pertinentiis,
1721 1810 1781 1845 sub

1031 1858 1110 1892 beati
1135 1858 1220 1892 Petri
1242 1866 1271 1892 et
1294 1866 1399 1892 nostra
1427 1859 1620 1904 protectione
1642 1860 1780 1906 suscipi-

1031 1920 1112 1951 mus,
1139 1915 1169 1942 et
1189 1907 1361 1954 praesentis
1387 1908 1495 1954 scripti
1520 1908 1682 1954 privilegio
1697 1921 1781 1943 com-

1031 1958 1208 1997 munimus,
1250 1964 1446 1997 statuentes,
1491 1965 1522 1990 ut
1564 1970 1779 2004 quascumque

1031 2006 1265 2051 possessiones,
1305 2018 1526 2052 quaecumque
1561 2006 1659 2051 bona,
1695 2007 1778 2041 idem

1029 2055 1253 2090 monasterium
1295 2056 1585 2101 impraesentiarum
1628 2056 1707 2090 iuste
1749 2065 1779 2091 et

1028 2105 1178 2138 canonice
1207 2104 1363 2150 possidet,
1397 2105 1502 2138 autin
1532 2104 1670 2138 futurum
1700 2117 1779 2140 con-

1027 2154 1170 2188 cessione
1192 2153 1395 2193 Pontificum,
1418 2153 1582 2199 largitione
1605 2166 1712 2200 regum
1731 2155 1778 2189 vel

1028 2202 1218 2249 principum,
1241 2202 1401 2237 oblatione
1423 2202 1575 2246 fidelium,
1599 2215 1654 2237 seu
1688 2204 1778 2238 iustis

1026 2251 1096 2286 aliis
1119 2251 1232 2292 modis,
1250 2251 1316 2286 Deo
1339 2251 1485 2297 propitio,
1503 2252 1616 2298 poterit
1633 2252 1777 2299 adipisci,

1027 2300 1116 2335 firma
1145 2301 1229 2335 vobis
1267 2301 1441 2347 vestrisque
1467 2301 1719 2342 successoribus,
1747 2311 1777 2337 ct

1026 2349 1141 2384 illibata
1165 2357 1389 2396 permaneant3
1416 2350 1447 2384 in
1470 2350 1587 2396 quibus
1615 2350 1691 2386 haec
1709 2364 1777 2398 pro-

1026 2399 1102 2444 priis
1120 2399 1269 2433 duximus
1282 2398 1486 2445 exprimenda
1509 2399 1685 2434 vocabulis:
1709 2413 1777 2435 mo·-

1025 2448 1197 2482 nasterium
1234 2448 1268 2483 S.
1296 2447 1468 2483 Salvatoris
1501 2448 1540 2483 de
1567 2449 1665 2484 Alena
1701 2462 1773 2484 cum

1025 2497 1156 2532 ecclesia
1188 2497 1222 2532 S.
1256 2497 1362 2539 Potiti,
1390 2497 1554 2532 ecclesiam
1580 2498 1614 2533 S.
1649 2498 1773 2534 Martini

1060 2570 1098 2607 (t)
1115 2572 1154 2598 Ex
1170 2571 1287 2607 Ughell.,
1307 2572 1365 2600 Ital.
1382 2572 1454 2605 Sao„
1475 2575 1538 2600 tom.
1559 2580 1600 2606 m,
1614 2572 1657 2600 ubi
1673 2573 1705 2601 de
1715 2574 1777 2610 epi-

1024 2616 1110 2652 scopis
1126 2616 1268 2644 Fesulanis.

1817 233 1992 260 An.t1.tt'it

1832 1379 1943 1402 Emi-diurn

1817 1670 1905 1693 Monam.
1922 1672 1958 1692 snb

1819 1705 1952 1729 protectione

1808 1733 1868 1754 Sedis
1892 1734 1964 1760 Apost.

1831 1766 1942 1791 recipitur,

1808 1974 1898 2002 Eiusque
1907 1975 1932 1995 bu
1941 1982 1962 1996 iu

1803 2006 1871 2026 omnia
1887 2009 1966 2027 coutit-

1833 2040 1930 2063 mantnt,
