2180 3205
178 235 224 260 An.
245 234 272 260 C.
296 235 362 260 tm<

195 394 288 413 'tt-haten]
299 394 358 413 huin<

187 1035 201 1054 ll
211 1035 285 1054 idib-ui
302 1034 341 1055 PP.

175 1136 192 1151 ft
214 1132 232 1151 S.
255 1131 276 1151 n.
298 1131 354 1152 Ecct.

196 1162 331 1182 imitantium

173 1194 348 1219 ...usi-iipuones.

429 225 499 257 656

379 289 510 323 insulam
535 288 573 321 de
597 288 753 334 Parquara
776 298 846 321 cum
871 285 967 332 pratis
994 294 1023 319 et
1050 297 1121 318 cum

375 338 573 372 omnihusad
599 337 696 383 ipsam
722 335 959 383 pertinentibus.
976 334 1123 369 Obeunte

377 400 447 421 vero
479 395 524 426 te,
553 399 637 420 nunc
665 386 804 420 eiusdem
834 385 892 418 loci
925 384 1048 427 abbate,
1075 384 1120 418 vel

177 432 242 474 ζ”“ζῖ,“,
259 431 270 475 ,’
317 433 359 475 (ᾧ)
376 445 499 470 tuorum
522 436 663 484 quolibet
685 446 916 476 successorum7
944 433 1049 468 nullus
1081 433 1121 467 ihi

373 486 509 532 qualibet
533 485 745 531 subreptionis
767 484 880 518 astutia
902 496 959 518 seu
978 483 1121 518 violentia

374 544 595 582 praeponatur,
619 535 677 568 uisi
706 546 799 581 quem
823 533 933 567 fratres
960 533 1120 567 communi

371 597 539 625 consensu,
559 584 607 618 vel
631 584 758 618 fratrum
784 595 855 630 pars
885 583 1017 617 sanioris
1039 595 1122 616 con—

371 635 454 674 silii,
489 634 664 669 secundum
693 634 750 668 Dei
786 633 950 671 timorem,
984 641 1014 666 et
1042 632 1120 666 beati

372 684 535 719 Benedicti
551 684 689 729 regulam
712 682 905 729 providerint
927 682 1120 729 eligendum.

304 742 311 753 ¹
350 734 454 768 Sane
489 735 643 768 novalium
669 741 853 773 vestrorum,
884 744 963 778 quae
988 731 1122 779 propriis

372 784 518 817 manibus
544 791 596 818 aut
629 782 808 830 sumptibus
841 781 954 818 colitis.
988 794 1053 815 sive
1083 781 1121 813 de.

373 834 573 868 nutrimentis
592 841 765 868 vestrorum
783 831 968 865 animalium
985 831 1122 865 decimas

371 895 386 916 a
410 883 498 918 vohis
518 883 623 917 nullus
642 889 820 929 praesumat
841 881 976 927 exigere.
1001 881 1122 915 Decer-

372 932 477 967 nimus
503 944 578 978 ergo
610 940 668 967 etc.
702 931 791 967 Salva
820 941 879 966 etc.
908 931 1039 965 Cunctis
1066 942 1122 964 au-

372 991 432 1017 tem
456 991 514 1017 etc.
535 982 649 1017 Amen.

419 1032 490 1068 EGO
506 1032 676 1067 Annianus
690 1031 859 1066 catholicae
876 1030 1035 1065 Ecclesiae
1051 1030 1122 1077 epi-

370 1094 495 1126 scopus.
788 1124 793 1127 Ἰ

419 1132 487 1178 Ego
510 1131 651 1166 Uhaldus
671 1131 831 1179 presbyter
853 1128 1020 1165 cardinalis
1040 1128 1119 1163 tituli

370 1182 505 1217 Sanctae
532 1181 694 1216 praxedis,

420 1232 489 1276 Ego
520 1231 618 1266 lulius
654 1230 816 1278 presbyter
843 1228 1011 1265 cardinalis
1039 1228 1118 1262 tituli

370 1282 404 1316 S.
432 1281 580 1316 Marcelli.

419 1331 487 1377 Ego
508 1331 700 1366 Octavianus
723 1330 826 1378 presb.
850 1327 1018 1364 cardinalis
1040 1327 1118 1362 tituli

370 1381 403 1416 S.
428 1380 594 1416 Caeciliae.

420 1431 487 1477 Ego
524 1430 673 1465 Astaldus
702 1430 862 1477 presbyter
883 1427 1050 1463 cardinalis
1073 1427 1118 1462 tit.

370 1481 504 1516 Sanctae
527 1480 663 1514 Priscae.

420 1531 486 1577 Ego
509 1530 661 1565 Girardus
688 1529 792 1577 presb.
819 1527 903 1564 card.
932 1527 966 1562 tit
992 1526 1024 1561 S.
1041 1526 1119 1561 Ste-

371 1581 477 1628 phani.

419 1630 488 1676 Ego
503 1629 736 1664 Hildehrandus
751 1628 853 1677 presb.
871 1626 955 1662 card.
972 1626 1118 1661 basilicae

369 1680 544 1715 Duodecim
568 1679 804 1727 Apostolorum.

420 1730 486 1776 Ego
513 1729 617 1765 Guido
641 1729 800 1777 presbyter
822 1727 991 1763 cardinalis
1018 1726 1064 1760 tit.
1083 1725 1116 1760 S.

369 1780 577 1827 Chrysogoni.

418 1830 485 1875 Ego
518 1829 708 1865 Guillelmus
735 1828 839 1877 presb.
878 1828 963 1863 card.
1001 1827 1047 1862 tit.
1083 1827 1116 1862 S.

369 1879 453 1914 Petri
480 1880 519 1914 ad
541 1879 687 1914 Vincula.

418 1929 486 1975 Ego
519 1929 594 1964 Otto
624 1929 704 1964 diac.
733 1928 817 1963 card.
849 1928 894 1963 tit.
926 1927 960 1962 S.
989 1926 1116 1974 Georgii

368 1979 406 2014 ad
434 1979 547 2014 Velum
570 1979 722 2014 Aureum.

418 2029 485 2075 Ego
511 2028 702 2076 Rodulphus
723 2028 803 2064 diac.
822 2028 907 2063 card.
929 2027 963 2062 S.
988 2026 1115 2061 Luciae.

417 2078 486 2126 Ego
521 2078 634 2114 Petrus
661 2079 740 2113 diac.
776 2078 862 2113 card.
890 2077 923 2112 S.
954 2076 1116 2111 Eustachii

368 2129 450 2164 iuxta
475 2129 624 2176 ternplum
649 2129 821 2175 Agrippae.

417 2178 484 2224 Ego
506 2178 714 2227 Raymundus
740 2178 819 2213 diac.
842 2177 925 2213 card.
948 2177 981 2213 S.
1003 2176 1117 2211 Mariae

369 2228 399 2262 in
421 2228 478 2263 Via
506 2228 592 2263 Lata.

416 2277 531 2312 Datum
562 2278 706 2313 Laterani
737 2290 792 2325 per
826 2290 954 2313 manum
981 2275 1115 2312 Rolandi

367 2336 493 2362 sanctae
516 2328 675 2363 Romanae
697 2328 858 2363 Ecclesiae
887 2327 990 2375 presb.
1013 2326 1116 2361 cardi-

368 2378 447 2411 nalis
469 2386 499 2412 et
521 2378 710 2418 cancellarii,
735 2391 797 2412 xm
818 2378 878 2412 kal.
909 2377 999 2418 iunii,
1027 2376 1115 2411 indi—

368 2428 472 2461 ctione
501 2439 547 2468 η,
579 2428 801 2462 incarnationis
828 2428 1006 2463 dominicae
1033 2438 1116 2461 anno

368 2488 507 2518 Μοινιιι,
530 2477 727 2524 pontificatus
754 2490 826 2513 vero
853 2477 961 2512 domni
987 2476 1115 2512 Adriani

369 2525 472 2571 Papae
489 2525 531 2560 IV
558 2539 640 2561 anno
662 2539 706 2561 lv.

428 2586 488 2613 vat.
512 2584 558 2614 die
576 2584 615 2615 ΞΟ
642 2585 711 2614 maii
734 2594 810 2615 anno
833 2584 948 2615 Domini
971 2585 1056 2623 1158,

620 2629 720 2669 pontif.
736 2640 811 2660 anno
831 2640 865 2661 ιν.

974 231 1072 253 mmm
1079 231 1096 251 tt
1103 231 1109 252 Ι
1117 230 1158 251 [Μ
1184 229 1249 251 ROM
1256 231 1271 251 ‚t
1279 231 1342 253 Ntutt

1380 285 1642 334 immittitu
1682 287 1725 335 lll

1443 368 1535 397 PAPA
1549 368 1636 398 CLXX

1220 433 1308 465 Anno
1330 444 1419 465 aerae
1444 432 1556 465 Christi
1576 444 1682 465 comm.
1707 433 1853 466 MCLJX.

1165 506 1361 592 Rolandus,
1389 549 1512 583 natione
1539 548 1678 586 Tuscus,
1707 548 1803 595 patria
1823 548 1912 583 'Soa-

1165 599 1269 633 neusis
1287 602 1343 642 (l),
1379 611 1414 633 ex
1445 606 1530 645 patre
1559 597 1725 640 Rainufio,
1761 606 1847 632 antea
1875 598 1909 632 S.

1164 648 1201 683 R.
1225 648 1262 683 E.
1287 648 1447 696 presbyter
1470 648 1636 682 cardinalis
1652 647 1730 682 tituli
1746 646 1780 682 S.
1802 647 1909 685 Marci.

1163 707 1193 733 ct
1223 698 1421 744 Apostolicae
1443 697 1536 732 Sedis
1557 697 1774 736 cancellarius,
1793 698 1910 732 electus

1163 758 1209 783 est
1245 747 1406 782 Romanus
1433 747 1576 782 Pontifex
1605 746 1656 781 die
1681 751 1699 781 7
1723 747 1910 794 septembris

1166 800 1257 832 1159
1286 807 1315 832 et
1341 797 1392 832 die
1419 799 1465 832 ΞΟ
1488 797 1604 832 mensis
1626 796 1767 832 eiusdem
1796 809 1910 831 conse-

1162 857 1277 893 cratus,
1310 848 1359 882 cui
1396 859 1509 882 nomen
1539 846 1717 881 Alexander
1743 845 1797 880 Ill.
1820 846 1910 881 Sedit

1164 898 1194 932 in
1223 897 1417 944 pontificatu⁷
1446 896 1688 943 imperantibus,
1723 896 1753 930 in
1781 897 1910 931 (triente

1163 947 1347 987 Emanuele,
1370 959 1442 981 mox
1464 946 1574 981 Alexio
1595 945 1779 987 Comuenis,
1795 946 1824 980 in
1845 945 1909 981 Oc-

1163 997 1286 1032 cidente
1309 996 1470 1031 Friderico
1484 995 1668 1030 AEnobarho
1686 997 1796 1042 impp,
1809 1008 1909 1030 annos

1162 1059 1230 1091 xxi,
1253 1059 1378 1082 menses
1399 1045 1524 1084 xr,‹lies
1547 1057 1615 1080 xxu
1638 1047 1691 1089 (ΕΞ).
1715 1045 1803 1079 Obiit
1824 1046 1907 1092 apud

1162 1096 1317 1131 civitatem
1340 1095 1466 1131 Castelli
1494 1094 1544 1129 die
1568 1097 1612 1129 50
1646 1095 1769 1142 augusti
1803 1097 1907 1136 «trist,

1162 1155 1191 1181 et
1225 1147 1368 1194 sepultus
1389 1155 1436 1180 est
1463 1145 1582 1180 Romae
1605 1145 1633 1179 in
1662 1145 1791 1180 ecclesia
1814 1144 1908 1179 Late-

1162 1198 1299 1231 rauensi.
1326 1195 1454 1231 Vacavit
1471 1195 1572 1229 Sedes
1595 1207 1648 1241 per
1670 1194 1752 1229 diem
1777 1197 1832 1238 (5).

1210 1246 1355 1282 Schisma
1383 1246 1567 1293 vigesimum
1602 1252 1745 1279 octavum
1775 1245 1803 1279 in
1840 1245 1908 1280 Ec-

1161 1296 1266 1331 clesia.

1211 1346 1329 1390 Electa,
1354 1354 1386 1380 ut
1408 1345 1555 1387 diximus,
1586 1344 1741 1388 Rotando,
1760 1345 1812 1392 qui
1833 1346 1908 1380 Ale-

1161 1397 1278 1431 xander
1300 1396 1384 1443 Papa
1411 1395 1468 1436 ltt;
1492 1395 1624 1430 loannes
1651 1394 1730 1428 tituli
1762 1395 1795 1429 S.
1825 1394 1908 1429 Mar-

1162 1446 1228 1490 tini,
1250 1454 1281 1481 et
1301 1445 1407 1480 Guido
1426 1445 1504 1479 tituli
1524 1445 1557 1479 S.
1581 1444 1707 1483 Czilixti,
1736 1444 1906 1492 presbyteri

1160 1496 1343 1536 cardinales,
1362 1495 1567 1530 Octavianum
1591 1494 1670 1528 tituli
1692 1494 1725 1528 S.
1739 1493 1906 1538 Caeciliae,

1161 1546 1351 1592 pontificiam
1371 1544 1554 1591 dignitatem
1574 1544 1688 1578 iamdiu
1704 1544 1905 1583 ambientem,

1162 1595 1396 1643 pseudopapam
1410 1595 1584 1640 elegerunt,
1601 1595 1653 1641 qui
1673 1593 1779 1628 Victor
1792 1594 1904 1628 dictus.

1159 1645 1243 1680 Inter
1269 1654 1387 1680 caetera
1411 1644 1547 1680 facinora
1582 1644 1705 1687 stolam,
1733 1655 1748 1677 e
1778 1644 1903 1690 legitimi

1161 1695 1323 1730 pontilicis
1356 1695 1436 1730 collo
1476 1694 1628 1729 violenter
1661 1705 1824 1728 excussam
1849 1697 1904 1737 (li),

1159 1746 1216 1780 sibi
1240 1745 1405 1793 imposuit3
1440 1752 1471 1778 et
1506 1752 1615 1791 quarta
1645 1743 1839 1778 hebdomada
1866 1744 1904 1778 ab

1159 1795 1316 1843 episcopis
1341 1794 1546 1842 Malphitano,
1573 1793 1772 1828 Ferentinate
1791 1801 1821 1828 et
1839 1793 1904 1828 Tu-

1159 1846 1287 1880 sculano
1310 1845 1413 1892 potius
1444 1851 1606 1879 execratus
1632 1851 1690 1886 est,
1712 1855 1804 1890 quam
1828 1856 1905 1878 con-

1159 1904 1296 1930 secratus
1323 1895 1371 1929 die
1402 1898 1423 1928 4
1457 1893 1592 1929 octobris
1619 1893 1649 1927 in
1677 1892 1796 1927 abbatia
1820 1893 1904 1928 Far—

1159 1945 1248 1980 sensi.
1278 1945 1365 1980 Diem
1390 1944 1431 1978 illi
1461 1943 1573 1978 indixit
1594 1942 1783 1987 Alexander,
1807 1951 1839 1978 ut
1864 1943 1903 1977 ad

1159 1994 1318 2030 Ecclesiae
1341 1994 1491 2029 unitatem
1514 1993 1639 2036 rediret,
1666 1993 1749 2040 quod
1776 1993 1821 2028 vir
1847 2005 1904 2027 ne-

1158 2057 1251 2091 quam
1275 2052 1491 2088 coutemnens,
1506 2055 1576 2078 cum
1593 2043 1657 2078 suis
1679 2043 1904 2078 excommuni—

1158 2103 1256 2133 catur.
1290 2094 1372 2142 quod
1408 2106 1462 2140 per
1493 2105 1648 2128 summam
1683 2092 1844 2128 audaciam
1872 2102 1902 2128 et

1158 2142 1331 2179 inauditum
1364 2144 1466 2179 scelus
1500 2143 1539 2178 ab
1571 2142 1741 2178 Octaviano
1776 2155 1903 2190 quoque

1158 2194 1187 2228 in
1203 2194 1416 2228 Alexandrum
1439 2194 1551 2229 factum
1575 2194 1667 2228 estin
1684 2193 1902 2237 conciliabulo,

1157 2243 1271 2291 Papiae
1298 2252 1404 2279 coacto
1437 2243 1476 2278 ab
1507 2244 1692 2291 imperatore
1728 2243 1902 2279 Friderico.

1193 2314 1231 2349 (l)
1247 2314 1297 2341 Sed
1314 2315 1339 2341 in
1356 2314 1420 2341 Cod.
1436 2315 1493 2341 Vat.
1515 2322 1594 2349 quem
1606 2314 1685 2342 refert
1701 2314 1843 2346 Barouius,
1862 2314 1900 2341 le-

1156 2354 1226 2389 gitur
1240 2357 1332 2387 μανία
1348 2356 1475 2380 Senensis.
1514 2354 1552 2389 (⁹2)
1570 2355 1591 2380 Α
1607 2354 1649 2381 die
1665 2354 1797 2381 electionis
1817 2354 1901 2381 dedu-

1156 2399 1228 2427 ctos;
1246 2403 1305 2421 nam
1316 2395 1336 2421 si
1350 2402 1541 2421 numeremusa
1553 2395 1594 2421 die
1609 2395 1812 2422 consecrationis
1821 2403 1902 2430 supra

1156 2443 1239 2462 anuos
1262 2439 1289 2462 et
1314 2443 1432 2467 menses,
1452 2435 1519 2461 sedit
1545 2438 1646 2461 tantum
1672 2435 1727 2462 dies
1755 2444 1783 2462 x.
1806 2437 1902 2468 Paqius

1158 2478 1257 2502 iunior.
1297 2475 1335 2510 (5)
1361 2475 1481 2502 Exclusis
1504 2475 1638 2501 extremis.
1679 2475 1717 2511 ([ι)
1743 2476 1787 2502 Rei
1815 2479 1902 2510 gestae

1157 2515 1292 2542 historiam
1309 2515 1389 2542 refert
1407 2515 1554 2542 Alexander
1572 2516 1595 2541 iu
1607 2516 1726 2550 epistola,
1743 2523 1822 2551 quam
1838 2516 1902 2542 sub-

1158 2555 1271 2588 iicimus,
1288 2555 1319 2581 ad
1332 2555 1429 2582 clerum
1445 2558 1471 2582 et
1482 2555 1608 2590 populum
1621 2556 1824 2589 Bononiensem;
1842 2564 1903 2583 cae-

1158 2599 1213 2622 tera
1238 2596 1317 2623 refert
1340 2596 1469 2623 Baronius
1496 2603 1529 2623 ex
1545 2595 1608 2623 Cod.
1636 2596 1762 2623 Vaticano
1787 2596 1903 2624 auctoris

1157 2636 1274 2663 eiusdem
1292 2636 1428 2672 temporis.

1931 227 1978 254 An.
1998 227 2024 253 C.
2047 229 2111 254 1159
