2180 3205
93 241 142 267 An'
156 242 184 267 ti.
206 243 270 269 ¹¹55

97 1194 230 1215 Confirmatio

72 1226 190 1245 sentcntiae
215 1225 252 1245 suh

71 1256 138 1277 solitis
145 1256 251 1278 clausulis.

66 1931 183 1954 [iunocentii
197 1931 245 1956 1’1“.,

66 1993 211 2014 noiinullorum
222 1999 245 2013 e·-

66 2025 196 2050 piscopnrum
225 2027 246 2044 ct

65 2055 85 2075 5.
101 2055 122 2075 ii.
139 2055 246 2076 Ecclesiae

89 2085 224 2107 cardinalium

66 2120 238 2148 subscriptione!-

873 245 1007 267 imunt-:³
1018 246 1024 266 1
1034 246 1054 266 it
1068 253 1081 267 o

283 296 358 329 siam
393 297 424 328 S.
463 296 630 330 Alexandri
667 296 704 330 ad
736 297 867 330 maiores
903 298 1028 331 missas:

1106 248 1125 267 (ι
1153 247 1199 268 vv.
1710 234 1770 267 203

1125 298 1188 343 ligo
1212 299 1363 334 Martinus
1391 299 1492 347 pri-sb.
1513 301 1597 335 (rard.
1627 300 1668 334 tit.
1698 302 1730 336 S.
1752 302 1819 337 Ste-

281 345 441 379 crimiuosi
467 345 506 379 de
523 346 668 391 parochia
692 347 723 378 S.
743 345 922 383 Alexandri,
941 359 1030 392 prae·
1073 348 1164 393 phaui
1189 362 1230 382 ss.

281 401 367 428 sente
400 395 587 440 praeposito,
611 394 654 428 vel
680 407 741 428 uno
762 394 800 429 de
818 395 920 441 presb.
944 396 1030 429 eius-

280 443 350 477 dem
391 442 549 477 Ecclesiae
583 443 804 489 poenitentiam
843 444 1027 490 suscipiant.

281 492 355 526 lteui
383 493 562 532 statuimus,
591 501 622 526 nt
646 492 830 539 presbyteri,
850 493 903 539 qui
927 493 1027 527 iurant

280 541 458 575 lidelitatem
496 541 530 575 R.
568 541 752 585 Vincentio⁷
791 541 893 575 iurent
925 549 955 575 et
990 541 1024 575 B.

277 589 466 624 Alexandro.
493 590 710 636 l’raecipimus
737 589 843 634 etiam,
879 598 911 624 nt
947 603 1026 625 unus

276 639 315 674 de
337 638 552 674 sacerdotibus
586 638 618 673 S
643 638 809 673 Alexandri
845 646 944 685 portet
972 651 1025 674 ca-

277 700 362 735 psam
398 700 469 722 eum
498 687 647 734 reliquiis,
680 687 714 721 ln
750 688 920 722 mutatione
953 701 1024 723 vero

275 737 438 781 ccclesiae,
464 736 527 771 duo
549 737 588 770 de
605 736 794 783 preshyteris
809 736 841 770 S.
855 736 1022 771 Alexandri

275 794 398 831 portent
420 798 522 820 arcam
540 797 610 820 cum
635 785 760 820 duobus
776 785 815 820 (le
832 785 1022 832 presbyteris

274 835 306 869 S.
329 835 498 870 Vincentii.
527 834 574 869 Ad
592 834 764 878 Scrutinia,
788 835 816 868 iu
832 834 938 869 Coena
956 834 1022 869 Do-

273 884 361 924 mini,
383 884 420 919 ad
439 884 648 931 Baptismum,
676 891 706 917 et
728 885 757 918 in
781 884 849 917 aliis
874 883 1020 918 solemni-

272 933 397 973 tatibus.
421 946 506 967 inore
528 933 621 967 solito
643 933 842 967 couveuiant.
865 932 946 967 Cum
974 945 1021 967 ca-

272 982 374 1017 nonici
402 982 435 1017 S.
460 982 617 1016 Vincentii
639 982 678 1016 ad
701 982 863 1016 ecclesiam
893 982 924 1015 S.
946 982 1020 1015 Ate-

269 1032 378 1066 xandri
396 1031 548 1071 venerint,
570 1039 600 1065 et
616 1031 645 1064 in
672 1031 834 1077 campanis
857 1030 1018 1078 pulsandis

267 1090 298 1114 et
320 1081 349 1115 in
373 1080 453 1120 aliis.
481 1081 563 1115 sicut
584 1081 781 1114 consuetudo
804 1088 862 1124 cst⁷
887 1080 1017 1114 honori-

269 1130 325 1164 fice
347 1130 577 1177 suscipiantur;
601 1136 631 1163 et
650 1137 748 1163 totum
772 1130 914 1173 eliorum,
937 1129 1016 1164 sicut

267 1187 510 1220 consueverunt,
523 1178 693 1213 obtineant.
708 1178 916 1213 Det-eruimus
929 1191 1016 1224 crgo,

269 1236 301 1262 ut
331 1227 408 1262 nulli
443 1228 574 1262 omnino
605 1227 768 1262 hominum
797 1227 885 1261 liceat
921 1240 1016 1274 super

268 1277 325 1312 hac
359 1284 462 1312 nostra
492 1277 739 1319 constitutione,
775 1276 809 1310 tt.
844 1276 1014 1311 Alexandri

266 1326 489 1373 Pergamensis
509 1326 673 1360 ecclesiam
693 1326 731 1360 de
746 1333 868 1360 caetero
893 1333 1016 1372 pertur-

267 1375 351 1416 bare,
378 1384 430 1410 aut
452 1375 590 1422 qualibet
617 1375 782 1410 occasione
805 1387 872 1409 eain
901 1374 1014 1408 inl'rin-

265 1436 349 1471 gere,
378 1425 424 1460 vel
453 1432 587 1465 mutare;
620 1424 674 1458 sed
710 1424 814 1458 omnia
839 1423 925 1458 robis
953 1423 1014 1457 im-

266 1481 453 1521 perpetuum
483 1475 602 1519 integra
630 1480 867 1513 conserventur,
893 1484 1014 1519 quem-

264 1523 436 1558 admodum
485 1522 657 1570 praesentis
704 1522 812 1568 scripti
852 1522 1013 1556 sanctione

265 1572 403 1607 instituta
432 1584 500 1607 esse
528 1580 712 1606 noscuntur.
743 1571 774 1605 Si
803 1571 874 1618 quis
908 1579 1011 1605 autem

265 1622 336 1656 huic
360 1630 483 1656 nostrae
501 1621 728 1664 constitutioni,
750 1633 804 1655 seu
828 1620 1011 1654 diffinitioni

264 1671 427 1714 temerario
461 1683 539 1705 ausu
571 1671 724 1705 contraire
761 1669 933 1709 tentaverit,
960 1681 1012 1703 se-

262 1719 366 1755 cundo
390 1720 517 1755 tertiove
539 1719 761 1763 commonitus,
783 1719 808 1752 si
831 1730 894 1752 nou
920 1718 1011 1752 satis-

262 1768 395 1804 factione
428 1781 564 1815 congrua
592 1767 815 1808 emendaverit,
850 1768 1011 1814 potestatis

262 1817 456 1865 honorisque
477 1819 524 1852 sui
550 1818 724 1864 periculum
749 1818 895 1864 patiatur,
918 1824 1010 1863 atque

261 1867 580 1903 excommunicationi
594 1867 764 1902 subiaceat.
781 1867 894 1906 Amen,
906 1878 1008 1899 amen.

309 1916 382 1951 Eoo
393 1916 604 1951 Inxocizxrics
615 1915 783 1950 catholicae
792 1915 951 1949 Ecclesiae
967 1927 1008 1949 ss.

310 1965 378 2012 Ego
400 1965 593 2000 Guillelmus
608 1965 833 2000 Praenestinus
847 1964 943 2010 episc.
967 1977 1008 1998 ss.

310 2014 378 2061 Ego
404 2014 567 2049 Hubertus
599 2014 731 2049 Pisauac
767 2013 925 2048 Ecclesiae
957 2025 1010 2047 ar-

261 2063 484 2110 chiepiscopus
510 2076 551 2098 ss.

310 2112 378 2159 Ego
399 2112 639 2147 Transmundus
653 2111 806 2157 Siguiuus
827 2111 924 2158 episc.
947 2123 988 2144 ss.

312 2162 378 2208 Ego
400 2162 624 2196 Theodovinus
646 2161 678 2196 S.
696 2160 837 2195 Rullinae
854 2160 948 2206 episc.
966 2173 1007 2194 ss.

309 2210 377 2256 Ego
398 2210 504 2245 Guido
526 2210 714 2244 Tiburtinus
740 2210 908 2256 episeopus
930 2222 972 2243 ss.

308 2259 376 2306 Ego
398 2259 588 2305 Rodulphus
611 2259 750 2293 Ortanus
772 2258 942 2305 episcopus
963 2270 1004 2292 ss.

308 2308 375 2355 Ego
397 2308 560 2343 Gen-ardus
581 2308 686 2355 presb.
709 2307 793 2342 card.
818 2308 861 2341 tit.
881 2306 913 2341 S.
930 2307 1008 2341 Cru-

259 2357 304 2392 cis
326 2358 356 2392 in
383 2357 580 2393 Hierusalem
603 2370 643 2392 ss.

309 2406 375 2453 Ego
398 2407 568 2442 Anselmus
595 2406 756 2454 presbyter
774 2403 942 2440 cardinalis
964 2416 1005 2438 ss.

309 2455 374 2502 Ego
409 2455 578 2493 Intil'redus
612 2455 715 2502 presb.
744 2454 827 2489 card.
863 2454 908 2488 tit.
946 2453 1007 2487 Ve-

259 2511 356 2539 stinac
383 2517 424 2539 ss.

309 2553 374 2599 Ego
401 2553 500 2588 Lucas
519 2555 622 2601 presb.
646 2554 729 2588 card.
754 2554 799 2587 tit.
816 2554 864 2587 Ss.
882 2550 1007 2587 loannis

259 2611 286 2636 οι
317 2601 402 2637 Pauli
429 2616 472 2637 ss.

1121 396 1187 440 Ego
1213 397 1320 433 Guido
1350 399 1499 445 indiguus·
1523 400 1626 446 presb.
1650 414 1691 435 ss.

1087 495 1092 500 .
1120 446 1186 491 Ego
1215 448 1278 481 Azo
1301 448 1404 495 presb.
1432 449 1516 483 card.
1546 450 1590 483 tit.
1625 450 1656 484 S.
1681 450 1815 486 Anasta-

1068 508 1133 530 siae
1155 509 1195 529 ss.

1118 545 1184 591 Ego
1223 545 1395 592 Gregorius
1436 548 1538 594 presb.
1574 549 1658 583 card.
1700 550 1744 584 tit.
1778 550 1811 585 S.

1067 594 1193 629 Priscae
1218 608 1258 628 ss.

1116 644 1182 690 Ego
1209 644 1383 691 Gregorius
1409 645 1487 680 diac.
1520 648 1602 681 card.
1628 648 1677 682 Ss.
1711 649 1811 695 Sergii

1065 701 1094 728 et
1123 693 1236 728 Bacchi
1256 706 1298 728 ss.

1115 743 1181 788 Ego
1208 743 1300 776 (mdo
1322 743 1401 778 iliae.
1433 745 1517 778 card.
1546 746 1568 776 S
1615 746 1743 792 Georgii
1771 748 1809 783 ad

1063 791 1175 825 Velum
1201 793 1337 826 Aureum
1362 807 1402 827 ss.

1114 841 1179 886 Ego
1206 842 1309 875 Guido
1334 842 1416 876 card.
1441 842 1520 877 diac.
1549 844 1580 877 S.
1612 843 1738 879 Adriani
1765 858 1807 881 ss.

1111 890 1176 935 Ego
1204 890 1354 924 Boethius
1381 891 1461 924 diac.
1490 892 1574 925 card.
1610 893 1643 927 S.
1672 893 1733 927 Viti
1761 907 1802 929 ss.

1111 939 1177 983 Ego
1190 939 1349 974 Vassallus
1359 940 1436 974 diac.
1451 941 1534 974 card.
1547 940 1579 975 S.
1591 941 1750 977 Eustachii
1765 956 1805 979 ss.

1109 988 1176 1032 Ego
1205 987 1343 1023 Ubaldus
1370 990 1449 1023 diac.
1478 990 1562 1024 card.
1587 990 1619 1023 S.
1649 991 1761 1027 Mariae
1777 993 1807 1027 in

1059 1038 1113 1072 Via
1130 1039 1203 1072 Lata
1230 1051 1272 1072 ss.

1108 1087 1174 1130 Ego
1197 1087 1422 1133 Chrysogonus
1444 1087 1522 1121 diac.
1543 1088 1627 1122 card.
1643 1090 1675 1123 S.
1694 1090 1807 1125 Mariae

1059 1136 1088 1170 iti
1115 1136 1239 1170 Porticu
1260 1150 1301 1170 ss.

1110 1186 1221 1219 Datum
1252 1185 1331 1218 Pisis
1355 1198 1408 1230 per
1440 1197 1565 1219 uranum
1592 1186 1747 1233 Aymerici
1771 1188 1804 1223 S.

1058 1234 1094 1268 R.
1126 1235 1160 1268 E.
1201 1233 1325 1268 diaconi
1358 1233 1526 1268 cardinalis
1559 1243 1587 1268 et
1614 1236 1804 1277 cancellarii,

1057 1296 1114 1318 xiii
1144 1283 1202 1318 kal.
1232 1283 1316 1326 iulii,
1352 1283 1520 1317 indictione
1551 1296 1625 1327 xiii,
1654 1285 1804 1320 incarna-

1058 1333 1151 1368 tionis
1185 1332 1362 1366 domiuic'ae
1396 1344 1478 1366 anno
1512 1345 1662 1376 mcxxxv,
1691 1335 1802 1382 pontif.

1057 1394 1128 1416 vero
1157 1381 1192 1415 l).
1218 1381 1389 1415 innocentii
1412 1380 1517 1427 Papae
1540 1381 1564 1415 11
1590 1394 1671 1417 anno
1699 1396 1743 1418 vi.

1123 1438 1182 1468 Dat.
1199 1438 1246 1468 die
1270 1439 1305 1467 10
1325 1438 1397 1467 iunii
1417 1447 1492 1467 anno
1511 1438 1625 1469 Domini
1650 1440 1735 1476 1135,

1303 1482 1403 1520 pontif.
1426 1491 1502 1512 anno
1521 1491 1556 1512 vi.

1366 1635 1487 1670 xxxi.

1056 1713 1283 1753 Our'nciacensis
1297 1713 1473 1745 »nonasterii
1482 1713 1647 1757 Lioiyotiert.
1662 1714 1801 1749 dioecesis

1096 1763 1239 1806 praedia,
1261 1768 1436 1805 caeteraque
1457 1762 1547 1800 bona,
1578 1764 1716 1796 Alberz'co
1744 1765 1798 1797 ab·

1101 1812 1165 1844 bau·
1184 1817 1210 1843 et
1236 1812 1453 1844 successoribus
1474 1812 1696 1856 confirmantur
1717 1814 1772 1855 (1).

1318 1883 1531 1914 δῑῖΜΜΑΙίΙὈΜ

1051 1947 1218 1976 Mouasterii
1234 1945 1322 1975 huius
1339 1945 1475 1975 monachi
1488 1945 1719 1978 i’ontiniacensis
1735 1958 1800 1979 coe—

1091 1991 1169 2020 nobii
1193 1990 1255 2020 filii.
1278 2006 1316 2012 —
1337 1989 1514 2019 Eorumdem
1535 1990 1608 2027 laus;
1625 2008 1665 2014 —
1679 1992 1799 2023 Eorum-

1091 2035 1155 2064 dem
1185 2033 1258 2063 bona
1282 2034 1505 2063 confirmantur:
1538 2051 1576 2056 —
1606 2034 1638 2065 Et
1660 2035 1695 2065 ab
1719 2039 1796 2067 omni

1090 2083 1205 2106 externa
1234 2076 1451 2115 perturbatione
1475 2077 1565 2107 libera
1593 2079 1797 2117 declarantur,

1091 2131 1156 2150 cum
1179 2121 1273 2150 solitis
1296 2120 1447 2149 clausulis.
1462 2137 1502 2142 —
1516 2120 1677 2152 Innocentii
1700 2122 1754 2153 PP.
1769 2129 1797 2154 et

1092 2166 1118 2195 S.
1138 2165 1170 2194 R.
1192 2164 1221 2193 E.
1240 2163 1435 2194 cardinalium
1454 2163 1696 2203 subscriptiones.

1049 2240 1217 2268 Innocentius
1242 2239 1380 2275 episcopus
1400 2245 1494 2284 serras
1513 2246 1651 2268 servorum
1669 2241 1730 2274 Dei,
1756 2243 1794 2271 di-

1093 2289 1162 2316 lecto
1177 2288 1232 2316 tilio
1244 2288 1363 2316 Alberico
1382 2288 1473 2316 abbati
1493 2288 1524 2316 de
1537 2288 1669 2323 (minoeia.
1688 2291 1795 2328 eiusque

1093 2337 1290 2364 successoribus
1321 2336 1486 2371 regulariter
1509 2338 1705 2367 substituendis
1708 2360 1794 2369 ........

1097 2407 1219 2448 Quanta
1242 2406 1327 2440 cordi
1352 2414 1458 2441 nostro
1477 2406 1591 2442 laetitia
1614 2408 1652 2443 de
1676 2418 1794 2446 vestrae

1049 2455 1302 2501 congregationis
1334 2455 1486 2501 religione
1513 2457 1661 2491 laudabili
1690 2471 1793 2504 gene-

1050 2513 1144 2544 retur,
1173 2505 1221 2538 ille
1249 2503 1387 2550 profecto
1413 2506 1585 2550 cognoscit.
1613 2507 1665 2553 qui
1683 2520 1791 2543 renum

1084 2574 1121 2607 (i)
1140 2573 1208 2598 lutor
1227 2573 1400 2599 Instrumenta
1414 2574 1542 2601 Ecclesiae
1553 2576 1694 2609 Lingouou.
1713 2577 1794 2604 edidit.

1048 2613 1219 2643 Sammartli.‚
1241 2613 1306 2639 Gall.
1325 2613 1434 2645 maist„
1453 2618 1516 2641 tom.
1535 2623 1572 2647 tv,
1591 2616 1640 2642 col.
1664 2617 1721 2642 ltili.

1837 242 1884 267 Au.
1902 243 1932 268 C.
1950 244 2015 269 ¹132}

1825 2430 1944 2451 ”minsterii
1957 2432 1991 2450 hi·-

1828 2468 1859 2481 ius
1875 2462 1970 2481 monachi

1818 2491 1986 2515 Pontiniaceu-rs

1820 2525 1916 2545 coenobii
1933 2526 1975 2546 lilii.
