2180 3205
34 238 81 266 Λιι.
101 236 130 264 G.
148 235 214 264 ¹¹33

42 874 70 898 Ne
79 875 209 903 quinti-tun·

43 908 90 924 uum
110 907 176 923 sacer
178 902 209 923 tos

46 929 86 951 uri
78 928 201 950 dictionem

29 955 242 986 utiquampraeter

30 982 125 1003 tanatum
157 981 209 1002 inibi

31 1010 138 1034 exerceam
156 1014 208 1029 neve

30 1033 118 1056 nomina
130 1024 172 1056 ιἰιΙιι
185 1035 209 1055 i·-

30 1060 62 1083 hc
82 1060 210 1087 ingrediatur

30 1087 165 1109 interdicitur.

44 1720 70 1743 Ut
77 1721 145 1743 abban
154 1728 166 1743 a
177 1725 209 1743 ιο-

29 1747 54 1769 lli
60 1748 166 1770 monachis
173 1749 210 1770 oli-

30 1776 89 1800 ntur
95 1781 102 1800 ς

69 2011 96 2034 Ut
113 2013 210 2040 congruis

76 2038 158 2069 peribu
178 2040 204 2061 de

28 2034 211 2192 ἓὲἐΐέἑῧὶἓ,

59 2118 168 2140 Mtoticam
178 2125 211 2140 re-

75 2144 107 2166 tur
138 2144 201 2167 decer

844 234 1054 257 lwxocnwrs
1081 235 1102 256 11
1133 234 1179 256 Μ’.

1667 224 1739 260 585

240 289 401 336 Virginis,
428 301 508 336 quae
544 296 670 323 vocatur
700 288 738 322 ad
773 288 948 334 praest-pe,
976 300 992 322 a
1036 288 1127 321 etiam
1152 287 1216 330 tibi,
1241 287 1281 321 fili
1306 287 1500 332 charissime,
1524 287 1705 336 praedicare
1723 301 1785 325 ver-

240 338 486 385 praedecessore
528 346 653 382 nostro,
690 337 790 372 felicis
824 337 992 371 memoriae
1036 336 1109 370 bum
1134 336 1189 371 Dii
1214 338 1395 372 auctoritate
1418 344 1521 372 nostra
1544 338 1730 394 apostolica;
1754 347 1786 374 et

237 387 324 434 Papa
353 386 460 421 Leone
495 386 728 433 praedecessori
763 395 815 420 tuo
852 385 941 420 llubt
935 393 992 420 rto
1036 393 1067 419 ut
1096 393 1156 419 tam
1178 394 1317 432 taquam
1340 398 1538 422 successores
1559 388 1691 422 tuiante
1705 388 1785 423 alios
1828 401 1989 430 Aramum.

1807 430 1848 447 tum
1864 430 1916 448 inter
1938 429 1972 447 aiil
1968 434 1990 448 un

239 436 387 482 religioso
415 435 531 479 abbati,
555 448 586 470 rc
590 444 698 482 spectu
729 435 906 470 ‹liltctionis
933 435 992 469 ‹lo-
1033 434 1162 468 abbates
1175 434 1305 474 Galliae
1323 448 1377 469 seu
1394 435 1594 477 Germaniae
1614 437 1782 484 primatum

238 493 361 524 natum,
383 497 454 519 cum
478 485 627 519 omnibus
640 485 878 527 caminatis(l)
901 496 991 518 man-

237 533 396 574 sionibus,
426 533 526 574 cellis,
554 534 651 568 vineis
680 542 711 567 et
738 533 885 579 coquina,
917 545 989 567 cum

238 583 359 624 vineis,
391 583 483 627 ortis,
518 582 714 629 diversisque
741 588 905 628 pomorum
934 594 990 627 ge-

238 631 383 676 neribus,
402 643 474 667 cum
502 639 590 666 curte
612 639 643 666 et
670 640 782 678 puteo,
805 639 834 665 et
863 631 987 665 introitu

238 693 294 728 per
311 689 431 727 portam
450 680 601 714 maiorem
623 691 639 714 a
662 681 707 714 via
729 679 854 726 publica
869 687 899 713 et
916 691 987 713 cuin

235 729 388 765 omnibus
409 728 446 765 ad
475 729 558 763 idem
581 729 805 763 monasterium
832 728 990 775 pertinen-

237 779 322 814 tibus
349 778 553 826 generaliter,
583 786 644 812 tam
674 779 751 812 intra
781 789 874 825 quam
903 785 987 812 extra

234 828 343 863 urbem
367 828 451 872 sitis,
473 839 553 874 quae
575 827 602 862 ei
631 828 710 861 iuste
726 839 760 862 ac
784 836 865 861 recte
889 827 986 873 perti-

235 889 311 912 nere
333 884 518 912 noscuntur.
547 876 756 911 prohibemus
777 884 895 919 autem,
918 888 987 910 om-

236 938 308 962 nem
339 926 505 962 cuiuslibet
532 925 694 960 Ecclesiae
726 925 920 960 sacerdotem
955 925 984 959 in

236 976 296 1010 iam
322 975 406 1010 dicto
430 983 532 1010 vestro
552 974 703 1010 Fuldensi
728 974 918 1008 monasterio
934 975 987 1008 ali-

234 1037 328 1072 quam
356 1025 508 1059 ditionem
529 1024 657 1064 habere,
685 1023 731 1058 vel
754 1025 985 1067 auctoritatem,

235 1081 357 1120 praeter
379 1082 515 1108 nostram
542 1073 754 1119 Apostolicam
777 1072 914 1115 Setlem,
945 1072 984 1107 ita

235 1132 268 1158 ut
289 1123 350 1157 nisi
373 1123 412 1158 ab
433 1123 545 1158 abbate
563 1123 662 1169 ipsius
689 1122 870 1156 monasterii
892 1121 985 1155 suerit

234 1171 401 1212 invitatus,
419 1184 476 1207 nec
502 1173 667 1206 missarum
692 1171 807 1205 ibidem
831 1170 984 1205 solemnia

234 1220 394 1256 celebrare
422 1228 611 1267 praesumat.
642 1220 740 1255 Porro
763 1220 861 1261 (lona,
895 1219 985 1254 obla-

235 1269 338 1304 tiones
364 1282 399 1304 ac
421 1270 560 1305 decimas
587 1269 725 1304 lidelium
749 1269 867 1315 absque
890 1269 984 1303 ullius

234 1324 388 1366 personae
414 1319 633 1354 contrarietate
664 1318 765 1353 eidem
794 1319 983 1353 monasterio

235 1368 388 1415 perpetuo
411 1367 498 1402 firma
526 1379 595 1402 esse
620 1368 789 1402 sancimus.
818 1367 984 1401 Interdici-

234 1429 304 1452 mus
330 1417 442 1458 etiam,
480 1429 519 1452 ne
554 1416 690 1451 foemina
726 1428 875 1462 umquam
910 1416 983 1451 illuc

233 1465 356 1513 ingredi
392 1474 588 1513 praesumat:
624 1473 654 1501 et
689 1465 799 1515 nequis
833 1478 981 1520 umquam

234 1515 384 1561 placitum
407 1515 449 1550 ibi
479 1515 609 1556 habeat,
640 1514 717 1549 vel
711 1527 741 1548 in
764 1514 894 1549 caeteris
916 1515 984 1549 eius

233 1563 313 1600 locis
346 1575 403 1599 nec
438 1576 562 1608 servos,
597 1576 654 1599 nec
689 1563 819 1598 colonos
849 1563 887 1597 ad
924 1564 983 1597 ali-

232 1613 317 1660 quod
339 1613 499 1648 servitium
516 1614 721 1659 constringat,
744 1613 866 1647 nisi-cui
886 1611 983 1647 abbas

233 1662 271 1697 ad
300 1662 463 1697 utilitatem
491 1675 567 1697 suae
598 1662 791 1697 necessitatis
819 1674 981 1696 assensum

235 1711 423 1758 praebuerit.
451 1711 598 1746 Obeunte
621 1723 693 1746 vero
719 1719 759 1751 te,
788 1723 871 1745 nunc
898 1712 983 1745 eius-

234 1761 305 1796 dem
326 1760 388 1795 loci
409 1760 535 1802 abbate,
562 1760 669 1795 nullus
692 1760 732 1794 ibi
760 1760 983 1807 qualibetsur-

235 1809 387 1866 reptionis
405 1810 516 1845 astutia
530 1822 587 1844 seu
602 1809 744 1844 violentia
763 1817 981 1855 praeponatur,

234 1859 294 1894 nisi
318 1871 413 1906 quem
435 1858 545 1894 fratres
567 1859 727 1895 communi
745 1870 915 1899 consensu,
931 1867 983 1893 aut

234 1908 362 1943 fratrum
386 1921 456 1955 pars
477 1909 599 1943 consilii
631 1907 782 1951 sanioris,
806 1908 980 1942 secundum

235 1956 315 1992 beati
337 1957 500 1992 Benedicti
524 1958 662 2003 regulam
686 1935 848 2003 elegei'int.
869 1957 984 1991 Statui-

236 2018 308 2041 mus
320 2014 436 2048 autem,
450 2014 482 2040 ut
495 2007 642 2053 congruis
654 2006 847 2052 temporibus
860 2015 982 2040 nostrae

235 2055 635 2090 solicitudiecclesiasticae
658 2056 830 2098 intimetur,
852 2056 984 2102 qualiter

236 2104 345 2151 religio
372 2105 541 2140 monastica
571 2105 650 2139 inter
673 2104 794 2147 fratres,
820 2112 874 2138 tuo
896 2105 981 2151 regi—

236 2153 311 2188 mini
328 2154 524 2194 commissos,
549 2153 680 2200 regulari
697 2153 803 2187 babitu
821 2153 983 2199 dirigatur,

235 2202 465 2249 concordiaque
480 2203 677 2238 convenienti
694 2201 907 2236 ecclesiastico
922 2211 985 2236 stu-

236 2251 290 2286 dio
316 2252 487 2296 mancipet;
516 2264 555 2286 ne
577 2252 666 2292 sorte,
689 2250 773 2297 quod
797 2251 892 2289 absit,
925 2251 984 2285 sub

236 2300 331 2335 huius
353 2300 505 2347 privilegii
535 2300 664 2335 obtentu
693 2299 819 2334 animus
840 2312 985 2345 gressus-

236 2361 298 2397 que
324 2349 523 2384 rectitudinis
550 2357 669 2383 vestrae
691 2361 706 2382 a
723 2360 831 2383 norma
851 2350 984 2382 iustitiae

236 2398 342 2446 aliquo
379 2398 473 2433 modo
509 2406 735 2445 retorqueatur.
771 2398 985 2432 Concedimus

272 2472 312 2507 (l)
327 2473 446 2506 Camera,
466 2473 602 2505 conclave,
623 2472 794 2499 coenaculum
819 2472 936 2507 quodvis
961 2473 984 2499 in

235 2525 289 2551 quo
313 2518 432 2544 caminus
450 2518 562 2550 existat,
587 2517 637 2544 hoc
655 2517 848 2549 communiter;
873 2517 931 2544 licet
952 2527 985 2544 cx

236 2559 452 2588 Ct1r1‚›n.Subtac.
469 2561 539 2596 apud
557 2562 684 2587 Murator.
707 2561 766 2594 (SS.
785 2561 841 2587 Rtt.
859 2561 904 2597 tt.)
924 2569 986 2597 pos-

237 2603 270 2633 sit
294 2604 326 2632 ad
342 2605 456 2633 claustra
473 2605 590 2633 extendi.
630 2606 667 2642 (ιι.
687 2605 726 2642 τ.)

1034 483 1160 517 inomni
1177 483 1244 517 loco
1259 485 1664 532 contentuqueobtineatis.
1682 485 1781 522 Usum

1032 544 1159 587 quoque
1198 532 1381 568 dalmaticae
1423 542 1453 568 ct
1491 534 1703 570 sandaliorum
1749 535 1781 570 in

1033 582 1199 616 missarum
1224 581 1386 617 solemniis
1408 595 1444 617 ex
1468 582 1666 639 Apostolicae
1689 584 1782 620 Sedis

1033 630 1243 676 benignitate,
1277 632 1451 666 secundum
1474 632 1589 679 quod
1584 646 1612 667 ιιι
1636 642 1782 669 anteces-

1030 691 1136 714 sorum
1176 687 1353 714 nostrorum
1392 681 1563 728 privilegiis
1590 683 1781 738 continetur,

1030 728 1190 763 dilectioni
1214 736 1284 763 tuae
1301 730 1506 765 concedimus
1527 739 1557 765 et
1572 731 1612 766 ob
1630 731 1779 767 maiorem

1030 777 1247 812 familiaritatis
1259 779 1515 824 praerogativam,
1529 792 1622 827 quam
1633 781 1663 815 in
1675 789 1782 816 sancta

1029 826 1171 861 Romana
1202 827 1342 862 Ecclesia
1370 836 1477 863 nostro
1504 836 1644 876 tempore
1666 842 1783 865 conse-

1028 876 1080 922 qui
1110 876 1272 920 meruisti,
1309 876 1466 911 licentiam
1499 878 1606 912 utendi
1635 878 1724 913 mitra
1751 887 1783 914 et

1028 925 1121 959 anulo
1151 925 1206 959 tibi
1240 926 1365 973 tuisque
1394 926 1631 962 successoribus
1666 928 1783 962 nibilo-

1029 974 1133 1008 minus
1156 974 1367 1020 impertimur:
1402 975 1498 1010 abbas
1525 988 1598 1011 vero
1627 988 1688 1011 non
1718 977 1777 1012 nisi

1027 1035 1042 1057 a
1071 1031 1175 1058 nostra
1202 1023 1285 1058 Sede
1313 1024 1532 1066 benedicatur,
1559 1038 1574 1060 a
1597 1038 1657 1072 qua
1686 1025 1784 1061 bene-

1027 1072 1088 1107 dici
1116 1072 1226 1113 debet3
1262 1080 1293 1107 et
1319 1073 1343 1108 si
1373 1074 1403 1108 in
1430 1073 1537 1121 aliquo
1564 1075 1695 1110 crimine
1726 1087 1783 1110 ac-

1027 1129 1154 1156 cusatus
1176 1121 1282 1166 fuerit,
1304 1122 1444 1157 eiusdem
1469 1124 1686 1158 tantummodo
1713 1123 1780 1159 Ro-

1028 1183 1137 1205 manae
1170 1170 1264 1205 Sedis
1298 1171 1448 1206 iudicium
1476 1182 1660 1219 exequatur.
1697 1172 1780 1208 Illud

1028 1220 1157 1266 insuper
1189 1220 1378 1266 generaliter
1408 1220 1589 1256 addendum
1629 1234 1698 1257 esse
1731 1223 1782 1257 di-

1025 1281 1124 1314 gnum
1157 1269 1319 1310 duximus,
1355 1277 1388 1304 ut
1419 1270 1568 1318 quicquid
1592 1272 1779 1307 auctoritate

1028 1318 1304 1363 praedecessorum
1342 1326 1537 1364 nostrorum,
1566 1333 1695 1366 regum,
1731 1321 1779 1356 vel

1027 1367 1263 1414 imperatorum,
1286 1367 1342 1414 ipsi
1370 1367 1521 1402 Fultlrnsi
1542 1370 1694 1404 coenobio
1715 1382 1778 1405 cer·

1026 1424 1090 1449 tuin
1111 1424 1157 1451 est
1172 1416 1267 1450 fuisse
1284 1429 1482 1457 concessum,
1505 1418 1543 1452 sit
1558 1419 1650 1452 etiam
1671 1427 1776 1453 nostra

1025 1466 1208 1500 auctoritate
1245 1465 1437 1512 apostolica
1453 1479 1507 1512 per
1541 1467 1635 1502 huius
1671 1468 1779 1515 scripti

1027 1514 1171 1560 paginam
1195 1515 1427 1549 consumatum.
1451 1514 1533 1550 Nulli
1550 1528 1624 1562 ergo
1647 1518 1780 1551 omnino

1028 1563 1191 1597 hominum
1229 1563 1337 1607 liceat,
1378 1563 1550 1611 praefitum
1588 1565 1779 1600 coenobium

1025 1619 1142 1647 temere
1170 1612 1364 1659 perturbare,
1393 1621 1445 1647 aut
1467 1613 1536 1648 eius
1560 1615 1778 1661 possessiones

1025 1661 1158 1702 auterre,
1182 1662 1227 1695 vel
1250 1661 1367 1696 ablatas
1390 1662 1534 1705 retinere,
1555 1663 1709 1708 minuere,
1724 1671 1778 1698 aut

1025 1710 1181 1764 aliquibus
1196 1710 1414 1746 vexationibus
1429 1710 1572 1757 fatigare;
1595 1713 1649 1747 sed
1670 1713 1777 1747 omnia

1026 1759 1145 1806 integra
1168 1768 1393 1794 conserventur
1415 1772 1537 1805 eorum,
1566 1774 1621 1808 pro
1640 1774 1776 1809 quorum

1024 1809 1251 1854 gubernatione
1286 1817 1316 1843 et
1343 1809 1591 1845 substentatione
1626 1822 1777 1846 concessa

1024 1865 1107 1897 sunt,
1132 1858 1240 1892 usibus
1258 1858 1448 1893 omnimodis
1468 1859 1640 1906 profutura.
1663 1859 1696 1895 Si
1713 1871 1776 1907 qua

1025 1907 1120 1953 igitur
1136 1907 1165 1941 in
1181 1906 1319 1942 futurum
1336 1907 1545 1943 ecclesiastica
1565 1909 1776 1944 saecularisxe

1025 1969 1169 2010 persona,
1200 1956 1281 1991 hanc
1313 1966 1437 1992 nostrae
1464 1958 1697 1993 constitutionis
1721 1970 1779 2004 pa-

1024 2006 1129 2050 ginam
1151 2006 1270 2049 sciens,
1300 2014 1407 2040 contra
1433 2018 1501 2041 eam
1526 2016 1642 2042 temere
1672 2007 1778 2042 venire

1025 2055 1201 2095 tentaterit
1233 2054 1373 2089 secundo
1405 2056 1535 2090 tertiove
1565 2056 1777 2098 commonita,

1025 2103 1050 2137 si
1073 2116 1132 2137 non
1152 2104 1363 2138 satisfactione
1388 2116 1525 2149 congrua
1553 2104 1777 2144 emendaverit,

1027 2153 1188 2198 potestatis
1209 2153 1399 2198 honorisque
1421 2153 1469 2187 sui
1492 2153 1643 2199 dignitate
1661 2162 1777 2197 careat,

1027 2213 1174 2247 reamque
1190 2213 1223 2235 se
1245 2201 1351 2236 divino
1369 2202 1486 2237 iudicio
1508 2204 1641 2238 existere
1657 2202 1695 2237 de
1711 2214 1778 2250 per-

1027 2258 1143 2295 petrata
1175 2250 1337 2297 iniquitate
1364 2260 1542 2296 cognoscat,
1564 2260 1594 2287 et
1622 2263 1639 2286 a
1671 2263 1776 2286 sacra-

1026 2299 1147 2333 tissimo
1174 2298 1314 2345 Corpore
1336 2307 1366 2333 et
1388 2298 1550 2343 Sanguine
1575 2301 1630 2336 Dei
1664 2309 1694 2334 et
1716 2300 1777 2334 Do-

1026 2348 1100 2381 mini
1124 2347 1346 2394 Rctlemptoris
1364 2348 1432 2383 lesu
1451 2348 1567 2384 Christi
1592 2350 1689 2384 aliena
1714 2349 1776 2389 liat,

1026 2405 1118 2443 atque
1136 2397 1164 2431 in
1182 2405 1321 2431 extremo
1336 2398 1478 2432 examine
1490 2398 1648 2434 districtae
1664 2398 1774 2433 ultioni

1026 2445 1195 2480 subiaceat.
1214 2447 1346 2481 Cunctis
1366 2454 1469 2481 autem
1493 2448 1594 2482 eidem
1621 2447 1775 2482 coenobio

1026 2507 1081 2530 sua
1110 2495 1174 2530 iura
1193 2496 1391 2531 sonantibus
1404 2496 1443 2530 sit
1460 2509 1520 2544 pax
1535 2496 1662 2532 Domini
1679 2496 1776 2532 nostri

1026 2543 1096 2578 lesu
1127 2544 1262 2587 Christi,
1302 2554 1455 2592 quatenus
1493 2554 1522 2580 et
1557 2546 1608 2581 liic
1638 2546 1775 2580 fructum

1028 2593 1128 2630 bonae
1156 2594 1286 2630 actionis
1323 2595 1516 2644 percipiant,
1549 2603 1579 2631 et
1610 2595 1692 2644 apud
1725 2595 1776 2631 di·

1808 224 1856 250 Αιι.
1878 224 1990 251 0113ss

1806 454 1886 475 Galliae
1905 456 1925 475 et
1940 454 1968 475 Gu
1959 461 1989 475 u·r

1806 487 1837 501 uli
1841 487 1903 502 ntae
1930 487 1989 502 usum

1820 497 1947 528 dalmaticae
1963 511 1983 528 et.

1818 534 1974 557 sandaliorum,

1806 561 1879 581 mitrae
1896 564 1914 580 et
1931 561 1988 581 anuli

1806 588 1936 608 ctncoditur.

1822 992 1869 1016 Qui
1884 993 1949 1014 solius
1964 994 1989 1015 Α

1804 1020 1990 1049 1›ostelicaeSedio

1805 1046 1858 1066 rudit
1857 1047 1897 1066 ios
1901 1046 1966 1067 itsubi
1962 1053 1989 1066 i-e

1822 1182 1935 1209 Privilegia
1946 1188 1987 1204 om-

1804 1210 1838 1230 nia
1849 1210 1956 1235 pontificia
1968 1212 1989 1230 et

1813 1242 1871 1261 regia
1900 1237 1973 1257 emutir-

1803 1264 1891 1283 mantur.

1830 1473 1911 1496 Sottiae
1932 1475 1988 1495 clau-

1804 1501 1869 1521 sutae.
