2180 3205
16 234 65 262 An.
87 233 117 262 C.
132 233 199 261 ¹122

39 1046 162 1069 uxoratum.

40 1497 139 1524 Episcopi
158 1497 198 1518 Mi-

15 1523 103 1545 tttenses
124 1530 136 1544 a
150 1526 198 1545 soto

15 1549 112 1572 nom-m
126 1552 198 1572 Pontt—

15 1575 56 1624 εἴη
67 1582 198 1599 eoi-secran-

39 1618 46 1629 Ι

41 1695 120 1722 nisque
134 1695 198 1717 mbo-

17 1723 90 1744 nensis
106 1726 128 1744 et
142 1723 199 1744 'rau-

16 1749 114 1770 muensis
125 1749 199 1770 ceeto-

17 1775 62 1823 :1oe
77 1776 199 1797 subiiciun-

43 1807 62 1823 r.

85 2218 200 2240 Decretum

21 2243 163 2266 inmunitatis
188 2251 201 2266 a

19 2274 156 2298 cuneumque
178 2273 199 2293 vt

20 2299 200 2324 ernnust-'mete

851 236 1007 261 CAUXTI'S
1035 238 1056 259 ll
1087 238 1134 260 ΙΨ.

553 291 652 327 XXV.

229 367 392 400 Milt’tensis
415 368 550 400 Ecclesia
576 370 614 400 ab
641 367 860 412 archiepiscopi
886 368 980 400 iuris-

277 418 409 450 dictione
430 418 589 455 eaeimitur,
610 418 800 461 Sanclaeque
814 418 889 450 Secti
913 417 979 449 im·-

274 467 406 499 mediace
438 467 602 499 subiicitur
628 468 683 508 (1).

494 537 709 569 SUMMARtUM

224 602 393 634 Exordium.
411 621 451 626 —
471 603 609 643 Episcopi
628 604 788 634 militenses
807 613 820 633 a
841 603 902 632 solo
921 602 979 631 Ro-

266 658 352 678 mano
371 648 512 678 Pontitice
531 647 732 677 consecrandi.
747 664 787 669 —
808 646 916 685 Eisque
932 645 979 675 Bi—

264 691 406 722 bonensis
442 697 470 722 et
496 691 695 722 Tauronensis
727 690 878 720 Ecclesiae
905 690 978 720 sub-

265 737 416 767 iiciuntur.
435 752 474 759 —
495 736 648 766 Decretum
666 735 860 765 immunitatis
877 745 890 763 a
905 744 978 773 qua-

264 790 391 820 cumque
424 781 451 811 vi
485 785 513 810 et
548 781 691 817 molestia,
724 783 777 809 etc.
799 795 839 801 —·
869 778 977 808 Solitae

264 826 426 855 clausulae.
444 842 483 847 -—
500 824 600 854 calixti
630 824 684 854 Pr.
709 823 897 862 subscriptio.

224 890 328 921 Calixtus
350 887 684 929 episcopusserrusserioruin
704 888 755 926 Dei,
775 888 900 918 venerabili
919 890 977 927 patri

264 934 372 965 Gaulrido
401 935 512 964 llilitensi
541 935 660 973 episcopo,
691 933 786 971 eiusque
808 932 977 962 suecessoribus

264 980 375 1009 canonice
392 978 567 1016 substituendis,
587 979 609 1008 in
631 981 779 1017 perpetuum.

272 1044 376 1081 Officii
400 1045 498 1080 nostri
513 1057 570 1079 nos
593 1044 758 1079 hortamur
779 1044 976 1085 auctoritate,

224 1107 282 1143 pro
307 1094 521 1130 Ecclesiarum
549 1102 632 1128 statu
665 1093 806 1128 solicitos
827 1105 907 1133 esse,
935 1102 977 1137 et⁷

223 1156 306 1191 quae
328 1152 411 1179 recte
425 1152 538 1178 statuta
555 1152 639 1183 sunt,
659 1142 809 1177 stabilire.
826 1142 976 1184 Proinde,

223 1193 410 1235 charissime
449 1193 479 1228 in
528 1191 656 1227 Christo
691 1191 784 1226 frater
824 1191 977 1226 Gauii-ide

223 1243 383 1290 episcope,
405 1242 469 1277 tuis
498 1241 702 1288 petitionibus
728 1250 920 1279 annuentes.
948 1249 999 1275 et,

223 1291 503 1339 praedecessorum
530 1299 708 1325 nostrorum
723 1302 767 1324 sa.
785 1302 879 1325 mem.
896 1289 978 1325 Gre-

222 1341 301 1387 gorii
320 1340 377 1375 Vll
398 1348 429 1375 et
454 1340 572 1375 Urbani
588 1339 627 1383 ΙΙ,
638 1339 799 1374 Ecclesiae
812 1339 975 1374 Romanae

225 1389 431 1428 Pontificum,
464 1397 577 1424 statuta
606 1389 776 1431 firmantes,
803 1389 977 1435 praesentis

223 1439 380 1486 privilegii
416 1439 585 1473 stabilitate
610 1438 783 1476 sancimus,
825 1446 858 1471 ut
894 1437 977 1472 Mili-

225 1489 325 1524 tensis
341 1488 484 1523 Ecclesia
500 1487 559 1523 sub
577 1488 643 1522 iure
667 1486 761 1521 Sedis
776 1486 977 1533 Apostolicae

224 1537 407 1586 specialiter
432 1544 619 1584 perseveret,
647 1547 822 1582 omnesque
848 1547 976 1570 succes·

222 1599 312 1622 sores
333 1587 397 1627 tui;
424 1586 694 1634 quemadmodum
717 1594 747 1619 et
774 1597 976 1619 successores

223 1637 270 1671 tui
298 1648 353 1683 per
379 1648 492 1670 manus
513 1635 649 1670 Romani
672 1633 835 1668 Pontificis
857 1646 978 1669 conse-—

224 1694 363 1720 crentur.
379 1685 573 1719 Auctoritate
594 1684 687 1718 etiam
709 1683 879 1730 apostolica
898 1694 977 1717 con·

224 1734 398 1774 firmamus,
435 1743 468 1768 ut
493 1733 684 1768 Bibonensis
716 1733 747 1766 in
783 1732 974 1767 ⁴llilitensem

225 1783 387 1827 translata,
409 1784 490 1817 sicut
523 1781 754 1830 praedictorum
789 1781 976 1828 praedeces-

224 1891 349 1917 maneat
366 1882 397 1916 in
421 1889 623 1928 perpetuum:
647 1880 799 1914 addentes
819 1880 924 1923 etiam,
944 1887 977 1914 ut

224 1930 438 1966 Tauranensis
459 1930 612 1973 Ecclesia,
634 1941 714 1976 quac
735 1929 871 1975 peccatis
885 1940 977 1963 acco-

224 1979 324 2015 larum
347 1980 555 2026 exigentibus,
578 1979 715 2014 desolata
743 1986 800 2018 est,
824 1978 855 2011 in
883 1977 976 2013 dioe-

225 2029 321 2064 cesim
333 2029 481 2064 Militens.
500 2028 600 2070 cedat,
618 2036 648 2063 et
665 2027 812 2062 Militensi
826 2026 976 2074 deinceps

225 2078 376 2125 episcopo
389 2078 527 2113 subiecta
544 2085 739 2124 permaneat:
764 2085 797 2111 ut
819 2088 879 2110 una
903 2076 977 2110 utri-

225 2139 339 2174 usque,
360 2126 548 2162 Bibonensis
573 2126 694 2161 scilicet
712 2134 743 2160 et
763 2125 976 2160 Tauranensis

225 2175 387 2211 Ecclesiae
419 2176 574 2211 dioecesis
594 2175 756 2215 habeatur,
778 2181 809 2208 et
826 2173 977 2220 deinceps

225 2225 391 2260 Militensis
405 2224 558 2260 vocabulo
576 2232 787 2270 nuncupetur.
803 2222 887 2257 Nulli
903 2234 977 2268 ergo

225 2274 358 2309 omnino
378 2273 545 2308 hominum
561 2272 654 2308 liceat
675 2272 817 2307 eamdem
837 2271 977 2305 Militen-

227 2335 293 2359 sem
307 2323 485 2358 Ecclesiam
501 2331 618 2357 temere
633 2320 826 2368 perturbare,
845 2327 897 2354 aut
911 2321 978 2354 eius

227 2372 447 2420 possessiones
469 2370 605 2415 auferre,
626 2370 673 2404 vel
692 2370 810 2404 ablatas
832 2369 978 2412 retinere,

226 2421 380 2463 minuere,
402 2421 449 2455 vel
471 2420 645 2455 temerariis
667 2417 885 2454 vexationibus
908 2418 977 2452 sati-

225 2482 315 2516 εει-ες
353 2470 408 2505 sed
447 2471 603 2508 universa,
650 2480 730 2514 quae
772 2467 976 2502 concessione

227 2518 430 2560 Pontificum,
457 2518 639 2553 liberalitate
666 2517 863 2562 Principum,
890 2515 979 2550 obla-

261 2576 302 2642 1(Ι)
319 2577 360 2603 Ab
375 2576 493 2611 originali
509 2575 592 2602 edidit
609 2574 723 2609 Ughell.=
735 2573 792 2600 ltal.
806 2572 941 2599 Sac.10m.
960 2580 978 2604 i,

271 2636 278 2643 .
303 2617 360 2642 1³²1.

227 2623 259 2645 ⁶⁰
317 2626 421 2690 οΒιιΙΙ.
441 2659 518 2689 Rom.
543 2658 596 2688 Vol.
622 2657 655 2686 ΙΙ.
823 2656 859 2686 -12

1652 229 1721 261 525)

1020 291 1105 325 tione
1146 290 1297 335 fidelium,
1331 292 1376 327 vel
1415 292 1484 327 aliis
1518 292 1633 336 modis,
1665 295 1769 328 autin

1022 341 1176 385 praesenti
1193 341 1604 387 possitlet,autinfuturum,
1619 341 1770 389 largiente

1021 389 1167 432 Domino,
1185 390 1295 435 poterit
1311 390 1455 437 adipisci,
1471 390 1558 425 firma
1575 391 1627 426 tibi
1645 392 1770 439 tuisque

1019 438 1255 480 successoribus
1270 447 1299 473 et
1315 439 1428 475 illibata
1446 448 1663 487 permaneant;
1684 454 1770 488 prae-

1019 487 1124 521 sertim
1142 500 1221 534 quae
1239 488 1276 522 ad
1299 488 1510 524 Bibonensem
1531 498 1562 524 et
1583 490 1768 526 'l'auranen-

1019 548 1084 570 sem
1111 536 1279 577 [icch-sias,
1303 538 1368 572 sive
1403 539 1433 572 in
1458 540 1672 584 possessione,
1704 540 1768 574 sive

1020 585 1049 619 in
1074 586 1238 631 regimine,
1263 587 1342 620 iuste
1365 587 1427 621 visa
1450 596 1523 622 sunt
1539 589 1707 634 pertinere.
1732 588 1766 624 Si

1019 646 1078 680 qua
1103 635 1197 680 igitur
1224 635 1254 669 in
1291 635 1429 670 futurum
1453 636 1664 672 ecclesiastica
1697 650 1769 673 sae-

1018 683 1171 719 cularisve
1194 697 1338 730 persona,
1361 685 1442 720 hanc
1466 693 1589 721 nostrae
1613 689 1768 722 constitu-

1019 732 1112 767 tionis
1136 734 1281 780 paginam
1304 735 1418 774 sciens,
1438 743 1544 769 contra
1561 748 1628 770 cam
1652 745 1768 771 temere

1020 782 1124 816 venire
1150 783 1327 823 tentaverit,
1350 784 1490 818 set-undo
1527 785 1656 820 tertiove
1678 798 1768 820 com-

1019 831 1148 872 monita,
1164 831 1264 866 sinon
1279 832 1490 867 satisfactione
1504 845 1641 879 congrua
1663 846 1768 869 emen—

1019 879 1148 920 daverit,
1164 882 1327 927 potestatis
1341 882 1535 929 honorisque
1556 883 1602 916 sui
1618 883 1768 930 dignitate

1018 938 1132 970 eareat,
1148 942 1296 977 reamque
1317 943 1350 966 se
1364 931 1471 965 divino
1494 931 1609 966 iudicio
1635 933 1768 968 existere

1018 978 1057 1012 de
1085 988 1259 1026 perpetrata
1288 980 1451 1027 iniquitate
1478 990 1660 1026 cognoscat,
1687 990 1717 1016 et
1750 995 1768 1017 a

1018 1029 1226 1063 sacratissimo
1252 1028 1393 1075 Corpore
1415 1038 1444 1064 et
1465 1029 1629 1075 Sanguine
1655 1031 1712 1065 Dei
1737 1041 1768 1066 et

1018 1076 1146 1111 Domini
1177 1077 1400 1126 Redemptoris
1430 1079 1500 1113 lesu
1523 1078 1640 1114 Christi
1667 1080 1767 1115 aliena

1019 1126 1082 1167 fiat,
1104 1135 1197 1174 atque
1225 1128 1255 1162 in
1278 1137 1416 1163 extremo
1443 1128 1586 1163 examine
1608 1129 1767 1165 districtae

1019 1175 1127 1210 ultioni
1159 1176 1329 1212 subiaceat.
1364 1176 1498 1212 Cunctis
1525 1186 1629 1212 autem
1661 1179 1765 1214 eidem

1017 1223 1086 1259 loco
1100 1225 1180 1260 iusta
1195 1226 1390 1261 servantibus
1403 1228 1442 1261 sit
1454 1239 1512 1274 pax
1528 1226 1655 1262 Domini
1669 1229 1766 1263 nostri

1017 1273 1087 1308 lesu
1110 1273 1244 1316 Christi;
1260 1284 1415 1323 quatenus
1436 1276 1532 1310 ethic
1554 1276 1687 1311 fructum
1710 1277 1768 1312 bo-

1018 1334 1076 1357 nae
1091 1324 1223 1359 actiouis
1243 1326 1426 1371 percipiant,
1441 1333 1471 1360 et
1484 1325 1567 1372 apud
1589 1325 1766 1361 districtum

1017 1371 1155 1406 Iudicem
1173 1374 1309 1419 praemia
1326 1384 1471 1409 aeternae
1487 1374 1574 1422 pacis
1595 1375 1766 1410 inveniant.

1017 1421 1130 1456 Amen.
1159 1423 1274 1457 Amen.

1059 1469 1138 1524 *Euo
1174 1470 1361 1518 Caunus,
1396 1472 1566 1508 catholicae
1605 1472 1767 1510 Ecclesiae

1017 1531 1196 1567 episcopus.

1066 1568 1181 1604 Datum
1197 1570 1342 1605 Laterani
1359 1583 1415 1618 per
1430 1570 1766 1619 manumChrysogoni

1017 1617 1189 1653 catholicae
1227 1619 1388 1654 Romanae
1418 1620 1578 1656 Ecclesiae
1613 1621 1767 1657 diaeonus

1016 1667 1194 1712 cardinalis,
1209 1680 1244 1703 ac
1258 1668 1499 1713 bibliothecarii,
1513 1683 1530 1704 x
1546 1670 1605 1704 kal.
1623 1670 1766 1713 ianuarii,

1017 1715 1191 1752 indictione
1231 1730 1284 1758 xr,
1328 1718 1552 1754 incarnationis
1589 1719 1767 1756 dominicae

1015 1776 1099 1799 anno
1124 1778 1254 1807 mxxii,
1286 1768 1486 1814 pontificatus
1513 1775 1617 1804 autem
1644 1769 1764 1804 domini

225 1845 332 1868 sorum
356 1839 534 1867 nostrorum
556 1830 725 1878 privilegiis
739 1829 900 1864 decretum
918 1839 975 1871 est,
995 1825 998 1868 ζ
1015 1812 1127 1848 Galum
1152 1815 1179 1849 H
1205 1828 1288 1851 ³⁰⁰⁰
1315 1829 1360 1851 ¹⁸*-

1032 1868 1092 1899 Dat.
1116 1872 1162 1902 die
1183 1872 1222 1903 23
1244 1873 1410 1903 decembris
1432 1883 1508 1903 anno
1526 1873 1641 1904 Domini
1661 1875 1746 1912 1122,

1264 1918 1364 1957 pontis.
1387 1928 1463 1948 anno
1482 1927 1517 1948 iv.

1336 2059 1450 2093 xxvl.

1018 2135 1154 2168 Ecclesia
1182 2136 1217 2168 S.
1244 2135 1395 2168 Theodori
1414 2136 1450 2167 de
1470 2135 1576 2168 Roclta
1598 2135 1765 2169 Bovicorie.

1066 2195 1085 2216 α
1113 2184 1270 2216 Wz'llermo
1299 2184 1527 2227 Petrayoricnsi
1552 2185 1688 2227 episcopo
1715 2185 1767 2216 do-

1065 2240 1139 2265 nata
1156 2233 1338 2265 nionastert‘o
1362 2233 1566 2270 Cluniacensi,
1587 2233 1680 2266 cidem
1698 2244 1768 2266 con-

1064 2282 1208 2326 firmatur
1231 2283 1285 2324 (1).

1288 2353 1502 2384 smuttmt'it

1018 2420 1185 2450 Exordium.
1205 2436 1243 2441 —
1259 2418 1466 2449 Monasterium
1489 2418 1683 2448 cluniacense
1708 2418 1767 2457 pri-

1059 2464 1171 2502 vilegiis
1204 2473 1219 2493 a
1244 2463 1383 2493 Romanis
1406 2462 1598 2492 Pontificibus
1621 2467 1767 2491 ornatum.

1058 2526 1096 2531 -—
1117 2508 1274 2537 Concessio
1293 2517 1368 2547 quae
1387 2507 1587 2536 confirmatur.
1614 2522 1654 2528 —
1680 2505 1767 2535 Cian-

1058 2553 1150 2582 sulae.
1174 2569 1211 2574 —
1229 2551 1331 2582 Calixti
1354 2551 1407 2581 PP.
1424 2551 1616 2590 subscriptio.

1055 2615 1093 2648 tt)
1114 2613 1198 2640 Edidit
1218 2613 1338 2646 llarrier,
1352 2611 1474 2639 Biblioth.
1492 2611 1620 2645 Cluniae„
1638 2612 1688 2638 col.
1705 2612 1765 2639 5⁸1.

1791 228 1839 254 An.
1860 227 1887 253 C.
1909 227 1974 254 ¹122

1817 589 1899 611 Solitat²
1918 591 1975 611 clou-

1793 618 1860 637 sutae.

1794 1478 1870 1500 Canni
1881 1479 1919 1500 ΡΡ.
1928 1481 1976 1500 sut-

1794 1506 1892 1533 scriptio.
