2180 3205
187 306 234 332 An.
253 305 280 331 (ἱ.
306 305 370 331 1077

221 526 372 547 Mun-asterium

186 554 224 573 soti
237 553 371 579 Apostolicae

187 580 238 601 Sodi
246 580 372 600 subiectum.

230 686 358 706 Cterirormn

185 717 204 731 ot
221 718 295 742 itunae
298 712 357 731 hot-ui
353 717 371 730 iu

220 740 257 760 ..m
260 739 306 777 ,ιω
308 744 337 757 =m

185 771 222 790 per
233 767 261 787 1
269 767 314 785 ittr·
319 764 330 782 li
327 770 358 784 in·-

186 798 238 814 rium
252 793 276 813 si
273 792 302 812 «Ἱί
307 773 371 811 utta-la

198 1333 315 1354 Roboratio
329 1333 370 1359 pri-

185 1360 255 1386 vilegii
270 1360 339 1380 huius.

200 1866 315 1886 Anathoma
323 1870 371 1885 con-

187 1895 218 1913 tra
253 1892 365 1913 violatores

187 1919 290 1940 ciusdem.

465 281 507 314 91

397 344 460 388 chi,
488 345 526 379 ab
548 344 633 379 omui
663 344 834 379 saecularis
864 347 979 381 servitii
1011 345 1072 380 sint
1102 344 1150 378 iu-

395 397 561 433 festatione
612 397 735 441 securi,
770 400 922 447 omnique
969 397 1150 445 gravamine

396 452 575 486 mundanae
590 451 806 498 oppressionis
824 454 954 498 remoti,
975 454 1005 488 in
1024 459 1150 487 sanctae

396 506 558 551 religionis
588 505 807 541 observatione
840 507 939 541 seduli
970 514 1000 541 et
1030 505 1148 552 quieti,

396 560 472 593 nulli
502 559 573 603 alii,
596 559 653 593 nisi
689 559 851 595 Romanae
882 569 912 595 et
947 559 1148 607 Apostolicae

393 613 482 656 Sedi,
505 613 595 647 cuius
617 612 693 647 iuris
714 622 772 655 est,
791 615 893 662 aliqua
917 622 1084 648 teneantur
1100 624 1150 646 oc·

393 667 519 701 rasione
558 667 703 701 subiecti.
749 668 1013 704 Consecrationes
1052 666 1146 701 etiam

394 720 627 764 Ecclesiarum,
665 728 695 754 et
726 721 940 757 ordinationes
975 720 1148 756 monacho-

393 787 474 815 rum,
497 775 561 809 sive
580 774 779 815 clericorum,
807 776 966 823 saepefato
990 774 1147 810 coenobio

393 827 630 874 pertinentium,
665 827 704 862 ab
737 830 913 877 episcopis,
950 830 979 863 in
1011 840 1145 876 qnorum

393 882 529 916 dioecesi
558 890 654 922 suut,
682 883 857 930 accipient:
897 884 937 918 ita
967 892 1089 925 tamen,
1121 881 1146 915 si

393 935 534 982 episcopi
558 935 709 970 canonice
731 936 864 971 ordinati
890 936 1016 976 fuerint,
1039 944 1068 970 et
1095 948 1147 969 or-

394 988 571 1023 dinationes
593 989 688 1035 gratis
711 989 854 1024 fecerint.
880 989 936 1024 Sin
960 998 1064 1024 autem
1089 989 1147 1023 ali-

393 1042 468 1089 quid
487 1043 598 1077 horum
623 1042 788 1087 obstiterit,
811 1043 907 1077 abbas
924 1055 996 1077 cum
1020 1042 1145 1076 licentia

393 1105 422 1130 et
438 1096 621 1131 auctoritate
634 1095 767 1131 Romani
782 1096 945 1131 Pontificis
961 1096 997 1131 ad
1009 1095 1146 1143 qualem-

393 1161 529 1196 cumque
544 1149 735 1184 catholicum
754 1150 941 1197 episcopum
968 1150 996 1184 ei
1018 1149 1146 1196 placue-

394 1203 448 1243 rit,
471 1215 566 1238 eausa
595 1204 841 1238 consecrationis
869 1212 899 1238 et
924 1202 1146 1246 ordinationis,

392 1265 454 1291 tam
479 1256 632 1297 locorum,
660 1269 755 1304 quam
785 1269 990 1304 personarum
1014 1257 1146 1291 licenter

393 1318 513 1357 pergat.
549 1311 635 1345 Haec
666 1310 760 1357 igitur
786 1312 910 1355 omnia,
947 1323 1027 1358 quae
1050 1311 1145 1344 huius

394 1365 552 1412 praecepti
575 1364 758 1412 decretique
786 1366 884 1400 nostri
908 1367 1017 1413 pagina
1042 1364 1146 1399 conti-

396 1427 459 1464 net,
482 1427 543 1453 tam
572 1419 627 1453 tibi
663 1431 756 1466 quam
791 1419 924 1460 cunctis,
953 1419 1003 1466 qui
1034 1419 1064 1452 in
1095 1430 1144 1459 eo,

394 1485 458 1520 quo
481 1485 514 1508 es
536 1473 646 1508 ordine
675 1474 808 1521 locoque
836 1473 1063 1511 successerint
1097 1472 1144 1506 iel

393 1528 454 1567 eis,
476 1538 610 1573 quorum
636 1527 785 1562 interesse
809 1527 956 1574 potuerit,
981 1527 1010 1560 in
1036 1538 1146 1573 perpe-

392 1588 481 1615 tuum
499 1580 686 1615 reservanda
702 1580 915 1615 decernimus.
935 1580 967 1614 Si
984 1580 1055 1627 quis
1073 1592 1144 1613 xero

392 1646 514 1680 regum
532 1634 743 1675 sacerdotum,
763 1634 962 1674 eleiicorum,
985 1647 1024 1667 ιιι
1021 1634 1144 1672 licum

391 1700 427 1722 ac
460 1688 670 1722 saccularium
701 1700 926 1735 personarum,
961 1688 1040 1722 lianc
1067 1699 1146 1721 con-

391 1742 563 1776 stitutionis
596 1751 720 1776 uostrae
753 1743 900 1789 paginam
927 1753 1142 1788 cognoscens,

392 1804 499 1830 contra
522 1807 590 1830 eam
624 1796 729 1830 venire
762 1796 947 1839 tentaverit,
981 1795 1144 1842 potestatis

391 1849 586 1897 honorisque
608 1850 655 1884 sui
679 1850 831 1896 dignitate
853 1858 966 1894 careat,
991 1860 1144 1896 reumque

391 1915 425 1938 se
451 1903 558 1938 divino
586 1903 704 1938 iudicio
736 1904 868 1938 existere
898 1903 937 1938 de
967 1910 1144 1950 perpetrata

391 1957 555 2003 iniquitate
588 1965 776 2003 cognoscam
804 1965 833 1991 et
870 1957 929 1991 nisi
964 1957 1030 1997 illa,
1063 1968 1144 2003 quae

391 2020 464 2045 sunt
493 2012 572 2045 male
599 2011 720 2051 ablata,
755 2011 947 2055 restituerit,
975 2011 1020 2045 vel
1050 2010 1144 2057 digna

392 2064 584 2111 poenitentia
612 2064 718 2099 illicite
745 2073 811 2099 acta
846 2065 1018 2109 defleverit,
1046 2077 1061 2099 a
1092 2076 1143 2099 sa-

392 2117 566 2152 cratissimo
602 2129 733 2165 corpore
768 2127 795 2153 et
832 2120 985 2166 sanguine
1022 2118 1078 2153 Dei
1115 2128 1145 2154 et

391 2171 520 2206 Domini
547 2171 770 2219 Redemptoris
792 2172 920 2208 Domini
946 2174 1041 2208 nostri
1073 2173 1143 2207 Iesu

391 2225 509 2260 Christi
543 2225 665 2260 allenus
707 2227 774 2266 (iat,
819 2235 912 2274 atque
951 2228 981 2261 in
1017 2234 1144 2261 aeterno

392 2280 535 2314 examine
551 2279 712 2314 districtae
728 2280 836 2315 ultioni
857 2280 1028 2315 subiaceat.
1055 2279 1144 2314 Cun-

393 2333 453 2367 ctis
474 2341 576 2367 autem
605 2332 706 2367 eidem
739 2334 808 2368 loco
844 2334 922 2367 iusta
947 2333 1144 2367 servantibus

392 2387 430 2420 sit
451 2399 509 2433 pax
536 2385 662 2420 Domini
686 2387 782 2421 nostri
813 2388 881 2422 lesu
904 2387 1037 2426 Christi,
1065 2399 1144 2433 qua-

391 2448 486 2474 tenus
503 2448 534 2473 et
556 2440 607 2474 liic
628 2440 763 2475 fructum
789 2441 888 2475 bonae
915 2441 1046 2475 actionis
1070 2452 1143 2487 per-

392 2494 521 2539 cipiant,
544 2502 571 2527 et
591 2494 673 2540 apud
697 2494 872 2527 districtum
897 2494 1035 2528 Iudicem
1053 2506 1143 2539 prac-

393 2547 455 2580 mia
482 2555 625 2581 aeternae
653 2548 732 2582 lucis
755 2548 925 2582 inieniant.
954 2549 1067 2591 Amen.

992 290 1145 312 ut'LLAtttt
1155 289 1177 311 M
1205 289 1365 311 ttOMAM‘M

1487 342 1653 379 xxxvu.

1192 415 1370 448 Comuti'sst'o
1391 414 1560 447 Senonensi
1581 416 1819 460 archiepiscopo,
1841 424 1867 448 et
1884 417 1943 449 Bi·-

1241 465 1393 500 turiceusi‘,
1431 471 1462 496 ut
1488 465 1674 497 coeaini'nalt's
1710 466 1941 498 Aurelianensis

1238 513 1371 557 episcopi
1395 513 1577 550 sceleribus,
1605 514 1666 546 nisi
1694 526 1723 547 se
1749 515 1788 547 ab
1821 515 1942 546 obiectis

1235 563 1426 606 purgaverit,
1461 563 1629 606 depositum
1654 565 1867 607 prioatmnque
1888 564 1943 596 ‹Ie-

1238 613 1353 645 clareut
1376 613 1431 652 (1).
1614 619 1620 623 ”

1461 684 1567 715 St‘ml
1565 684 1674 715 imm!

1190 746 1231 775 tt,
1254 746 1460 776 ιιιιοΙίιιιιοιιεί
1481 746 1632 785 episcopo,
1656 756 1731 786 quae
1754 747 1863 777 suerint
1887 758 1941 787 pa-

1229 791 1311 815 trita.
1333 803 1373 808 -—
1400 786 1596 815 Examinanda
1623 786 1786 817 Senonensi
1805 788 1941 819 commit-

1228 830 1328 855 tuntui
1350 827 1411 864 epis
1416 835 1498 864 copo
1528 843 1567 848 —
1590 825 1619 856 Si
1639 826 1674 855 ab
1703 827 1739 856 iis
1763 827 1812 856 ille
1832 836 1863 856 se
1883 836 1942 856 non

1229 875 1300 903 pin‘g
1306 866 1410 899 ι’·ιιοιιῐ,
1441 866 1593 904 depositus
1624 866 1833 904 declarandus3
1850 884 1888 888 —
1910 867 1943 896 Et

1229 906 1321 935 S·inzo
1337 906 1456 944 quidam
1477 907 1504 935 in
1526 906 1590 935 eius
1608 905 1705 935 locum
1725 906 1941 945 subrogandus

1188 972 1311 1010 oret-*onus
1334 972 1453 1010 episcopus
1475 981 1552 1001 surius
1568 981 1684 1001 seriorum
1699 972 1750 1010 Dei,
1767 972 1875 1003 lliclicrio
1899 973 1939 1002 Se-

1227 1017 1323 1045 nonensi
1339 1016 1522 1055 archiepiscopo,
1539 1020 1560 1045 ct
1577 1016 1674 1046 llirartlu
1685 1017 1833 1055 Bituricensi‚
1850 1027 1941 1047 eorum·

1227 1070 1271 1098 quc
1287 1060 1447 1098 sum-aganus,
1469 1060 1569 1089 salutent
1589 1064 1611 1089 et
1629 1060 1778 1099 apostolicali]
1798 1060 1940 1091 henedictio-

1228 1114 1293 1135 neni.

1236 1172 1324 1206 Sicut
1358 1171 1568 1218 quorumdam
1597 1180 1734 1206 vestrum
1763 1173 1847 1207 novit
1875 1172 1940 1208 sra-

1188 1221 1327 1265 ternitas,
1364 1220 1470 1254 multis
1494 1221 1554 1255 iam
1583 1220 1785 1261 clamoribus,
1813 1221 1940 1257 multis-

1186 1282 1248 1317 que
1263 1270 1361 1304 literis
1376 1270 1620 1311 elaboravimus,
1643 1278 1677 1304 ut
1699 1270 1938 1306 Aurelianensis

1187 1319 1326 1354 Ecclesia
1365 1319 1403 1353 ad
1445 1319 1614 1367 pristinum
1652 1331 1727 1354 suae
1766 1319 1938 1355 nobilitatis

1187 1377 1302 1403 statum
1325 1377 1534 1403 revocaretur.
1558 1368 1620 1404 Sed
1645 1368 1780 1415 peccatis
1802 1373 1848 1414 (ut
1870 1381 1942 1404 cre-

1187 1418 1302 1461 dimus)
1319 1417 1426 1465 populi
1451 1418 1716 1464 promerentibus,
1740 1419 1780 1453 ita
1799 1419 1940 1466 pseudo-

1186 1468 1409 1515 episcoporum
1445 1467 1563 1502 ibidem
1598 1467 1762 1514 occupatio
1799 1480 1937 1515 praeva-

1187 1517 1260 1559 luit,
1288 1516 1372 1563 quod
1400 1516 1504 1551 adbuc
1531 1517 1661 1551 omnino
1687 1517 1794 1564 spinas
1821 1517 1939 1552 confu-

1186 1566 1284 1600 sionis
1335 1577 1411 1600 suae
1449 1566 1606 1613 extirpare
1658 1578 1719 1600 non
1763 1567 1935 1613 potuimus.

1185 1615 1309 1657 Quanta
1334 1615 1417 1649 enim
1443 1615 1656 1650 inobedientia
1677 1615 1865 1660 Rainerius7
1887 1616 1939 1651 di-

1186 1674 1256 1700 ctus
1277 1676 1386 1699 eornm
1415 1665 1604 1712 episcopus,
1632 1672 1738 1699 contra
1767 1665 1938 1701 auctorita-

1187 1723 1247 1748 tem
1274 1713 1365 1748 Sedis
1396 1714 1597 1761 Apostolicae
1624 1726 1658 1749 se
1685 1715 1872 1756 armaverit,
1907 1724 1938 1749 et

1187 1764 1216 1797 in
1233 1770 1381 1810 quantam
1396 1763 1627 1801 confusionem,
1650 1771 1867 1811 quantumque
1881 1763 1938 1799 de-

1186 1813 1369 1847 trimentum
1398 1813 1572 1848 Ecclesiam
1612 1813 1697 1847 illam
1732 1813 1936 1860 perduxerit,

1187 1862 1259 1896 licet
1283 1874 1336 1895 vos
1357 1862 1439 1896 scire
1463 1874 1523 1896 non
1550 1862 1749 1901 dubitamus,
1782 1862 1936 1910 quosdam

1187 1920 1290 1945 tamen
1313 1923 1500 1945 exccssuum
1537 1924 1668 1946 suorum
1704 1911 1846 1958 religioni
1882 1924 1936 1946 ve-

1186 1969 1267 1995 strae
1311 1961 1495 1994 nominatim
1540 1960 1645 1995 dicere
1686 1961 1932 2007 procuravimus.

1186 2010 1306 2044 Dicitur
1327 2010 1499 2056 siquidem,
1520 2009 1689 2056 legitimam
1712 2017 1845 2044 aetatem
1870 2022 1931 2044 non

1186 2059 1316 2099 liabens,
1339 2067 1445 2094 contra
1464 2059 1586 2094 decreta
1609 2067 1789 2094 sanctorum
1805 2059 1934 2093 Pati-um

1186 2109 1253 2142 sine
1279 2109 1389 2142 idonea
1413 2109 1484 2143 cleri
1508 2116 1539 2142 et
1561 2108 1668 2155 populi
1691 2108 1845 2143 electione
1866 2108 1936 2143 Ec-

1186 2158 1311 2192 clesiam
1346 2157 1507 2192 invasisse.
1544 2158 1670 2192 Dicitur
1708 2157 1823 2198 etiam,
1860 2157 1934 2192 huic

1185 2207 1340 2254 iniquitati
1370 2207 1444 2241 illud
1480 2207 1654 2244 addidisse,
1691 2215 1724 2241 ut
1753 2207 1783 2241 in
1808 2219 1936 2254 promo-

1187 2257 1270 2291 tione
1305 2256 1490 2291 clericorum
1514 2256 1787 2291 archidiaconatus
1811 2265 1840 2291 et
1876 2256 1934 2291 ab-

1187 2305 1283 2340 batias
1311 2318 1366 2352 per
1388 2305 1631 2351 negotiationem
1654 2305 1831 2345 vendendo,
1861 2305 1934 2339 nul-

1186 2355 1244 2389 lam
1271 2355 1478 2395 honestatem,
1502 2355 1689 2402 nullumque
1711 2354 1768 2389 Dei
1792 2355 1934 2388 timorem

1185 2405 1364 2439 servaverit.
1405 2404 1509 2451 Super
1537 2404 1595 2438 lioc
1622 2405 1714 2438 ctiam
1751 2404 1800 2438 bis
1831 2411 1862 2438 et
1888 2411 1935 2438 ter

1186 2453 1319 2488 fraterna
1353 2454 1501 2488 charitate
1523 2453 1654 2488 anobis
1688 2460 1836 2497 vocatus,
1871 2465 1933 2487 non

1184 2503 1287 2536 solnm
1311 2503 1348 2537 ad
1373 2515 1430 2537 nos
1453 2505 1557 2537 venire
1580 2502 1735 2549 neglexit,
1762 2502 1816 2536 sed
1840 2501 1932 2536 etiam

1185 2552 1338 2598 aliquem⁷
1373 2553 1424 2599 qui
1453 2564 1524 2586 eum
1559 2552 1597 2585 ‹le
1633 2551 1763 2585 oliiect3s
1798 2551 1934 2597 legitime

1184 2611 1361 2645 excusaret,
1383 2601 1505 2636 mittere
1528 2600 1728 2648 contempsit,
1751 2608 1781 2635 et
1802 2611 1818 2635 a
1842 2600 1933 2635 nobis

1219 2667 1257 2701 (l)
1275 2667 1312 2693 Ex
1330 2666 1394 2693 edit.
1415 2666 1487 2693 card.
1510 2666 1627 2693 Caras-de.

1965 295 2013 322 An.
2034 293 2062 322 C.
2079 295 2144 323 1077

1998 1621 2028 1642 Ab
2056 1621 2151 1650 Aurelia-

1965 1648 2025 1669 nensi
2042 1647 2150 1673 episcopo,

1965 1680 2020 1701 quae
2028 1673 2095 1694 fuerin
2097 1676 2106 1694 t.
2114 1679 2150 1700 pa-

1966 1704 2038 1725 [τακῇ
