2180 3205
42 262 92 294 An.
104 264 134 292 C.
152 264 215 291 ¹¹6¹

233 318 314 353 sieut
357 319 612 365 praenominatus
659 327 836 355 antecessor
879 327 983 353 noster

233 367 438 403 Innocentius
464 370 658 405 concessisse
685 369 893 415 dignoscitur,
928 368 981 402 tibi

233 417 358 464 tuisque
384 419 622 454 successoribus
656 419 813 454 licentiam
849 418 982 463 damus,

233 475 263 502 et
285 466 415 502 liberam
440 468 645 504 concedimus
667 468 855 503 facultatem.
885 467 982 502 Pallio

233 527 306 551 vero
334 517 412 552 infra
440 517 615 552 Ecclesiam
644 518 811 564 perfrueris
834 518 882 552 his
907 516 983 551 die-

233 565 304 610 bus,
339 567 370 601 in
399 565 507 602 Coena
532 567 673 611 Domini,
695 567 826 608 Pascha,
863 568 983 601 Ascen-

233 615 334 658 sione,
357 615 555 659 Pentecoste,
583 617 612 650 in
636 616 799 651 festivitate
818 616 982 662 apostolo-

233 676 302 699 rnm
329 664 414 700 Petri
437 674 468 700 et
490 665 592 706 Pauli,
615 665 647 699 S.
671 665 797 700 loannis
810 665 982 711 Baptistae,

234 713 268 749 S.
294 713 469 759 Laurentii,
500 715 597 749 tribus
626 715 843 750 festivitatibus
865 715 900 748 B.
917 714 981 749 Ma-

234 763 311 806 riae,
336 771 366 799 et
387 764 584 799 solemnitate
608 764 758 799 Omnium
782 764 982 809 Sanctorum,

234 811 269 848 S.
296 812 379 861 Syri,
413 813 588 849 Nativitatis
619 814 759 854 Domini,
794 814 982 860 Epiphania,

235 862 266 896 in
293 862 344 897 die
377 863 588 898 anniversario
623 863 869 898 consecrationis
896 872 981 904 tuae,

16 954 18 958 γ
236 911 267 946 in
307 913 543 948 consecratione
579 925 704 960 qnoque
738 913 981 959 episcoporum,

12 964 23 974 ’“
40 962 224 1022 Ίζξξᾞέώξίξ
237 961 447 1006 basilicarum,
462 971 491 997 et
513 962 764 997 ordinationibus
787 962 980 997 clericorum.

13 1011 78 1046 iat.
235 1010 402 1046 Abbatiam
433 1023 558 1059 quoque
592 1012 631 1047 de
663 1011 746 1058 Tyro
773 1011 810 1046 ad
838 1012 983 1046 meliora-

237 1068 391 1101 mentum,
412 1062 494 1096 salva
523 1070 649 1096 sanctae
683 1061 843 1096 Romanae
869 1061 983 1096 Eccle-

235 1109 300 1144 siae
323 1110 512 1157 proprietate
533 1123 569 1146 ac
591 1123 698 1150 censu,
721 1111 803 1145 sicut
824 1119 854 1145 et
872 1123 983 1158 supra-

235 1158 339 1194 dictus
361 1159 579 1206 praedecessor
601 1161 691 1195 etiam
716 1160 919 1195 innocentius
937 1160 983 1195 se-

235 1208 316 1244 cisse
345 1210 558 1255 cognoscitur,
592 1210 665 1252 tibi,
700 1210 794 1244 frater
827 1209 982 1256 archiepi-

19 1263 22 1269 ’
53 1261 131 1313 Μιίῑψ
155 1268 210 1284 ⁰⁰¹¹·
235 1269 352 1305 scope,
395 1259 518 1306 tuisque
561 1259 796 1294 suecessoribus
835 1259 982 1294 duximus

16 1306 35 1315 “’
74 1299 189 1315 ‘'mne''
235 1308 502 1343 committendam.
525 1308 557 1343 Si
580 1321 640 1356 qna
664 1309 756 1355 igitur
771 1309 800 1343 in
823 1317 980 1355 posterum

235 1357 456 1405 ecclesiastiea
472 1358 678 1393 saecularisve
714 1371 867 1406 persona,
902 1358 982 1393 hanc

234 1416 360 1442 nostrae
398 1408 630 1442 constitutionis
669 1416 699 1442 et
736 1408 983 1443 confirmationis

235 1456 380 1503 paginam
395 1457 509 1497 sciens,
532 1465 639 1492 contra
658 1469 724 1492 eam
741 1465 859 1492 temere
876 1457 982 1492 venire

237 1507 447 1553 temptaverit,
469 1507 608 1541 secundo
626 1507 754 1542 tertiove
781 1507 982 1547 commonita,

235 1555 262 1590 si
302 1567 363 1590 non
401 1555 611 1591 satisfactione
645 1556 748 1591 debita
783 1565 812 1591 et
845 1568 982 1602 congrua

13 1602 24 1654 '¹
235 1605 468 1647 emendaverit,
506 1606 666 1653 potestatis
702 1606 891 1652 honorisque
935 1606 983 1640 sni

7 1661 25 1710 'a'
235 1653 385 1700 dignitate
399 1663 514 1696 careat,
528 1668 676 1703 reamque
691 1668 725 1690 se
745 1655 851 1690 divino
868 1655 983 1690 indicio

8 1721 24 1774 ἲ
235 1704 369 1739 existere
382 1704 422 1740 de
436 1713 609 1752 perpetrata
625 1705 788 1753 iniquitate
804 1713 984 1751 eognoscat,

235 1760 267 1788 et
295 1765 312 1788 a
344 1754 554 1790 saeratissimo
586 1754 727 1802 Corpore
761 1762 791 1789 et
822 1754 983 1800 Sanguine

235 1802 294 1838 Dei
324 1811 355 1838 et
383 1803 510 1838 Domini
531 1804 754 1852 Redemptoris
782 1805 878 1838 nostri
912 1804 982 1838 lesu

235 1851 353 1887 Christi
379 1852 479 1888 aliena
500 1854 569 1894 fiat,
595 1862 686 1901 atque
710 1855 739 1888 in
763 1862 901 1888 extremo
916 1866 985 1888 exa-

236 1902 321 1937 mine
338 1901 499 1938 districtae
525 1903 636 1938 ultioni
667 1903 841 1943 subiaceat;
863 1904 984 1938 cunetis

236 1959 339 1986 autem
360 1951 438 1987 haec
462 1961 568 1987 nostra
589 1961 700 1988 statuta
724 1953 924 1988 servantibus
946 1953 985 1987 sit

236 2012 296 2048 pax
316 2001 444 2036 Domini
467 2003 563 2037 nostri
586 2002 657 2037 Iesu
679 2002 808 2044 Christi,
831 2011 985 2049 qnatenus

236 2050 338 2085 ethic
363 2050 499 2086 fructum
522 2051 622 2087 bonae
645 2052 776 2087 actionis
800 2052 984 2099 percipiant,

12 2138 19 2143 ,
237 2107 269 2135 et
287 2100 370 2147 apud
397 2101 572 2136 districtum
596 2101 734 2137 Iudicem
765 2103 901 2149 praemia
927 2114 986 2136 ae-

6 2154 25 2212 ὶ
58 2156 168 2178 monnau
186 2153 225 2175 ΙΨ.
239 2157 346 2184 ternae
369 2150 644 2197 paeisinveniant.

14 2238 21 2243 ,
288 2198 361 2234 Eoo
392 2199 596 2235 ALEXANDER
629 2200 801 2236 catholicae
827 2199 986 2235 Ecclesiae

46 2254 68 2273 θ·
85 2249 226 2303 ἣίξὼξξξῑ·
239 2249 418 2297 episcopus.

47 2288 219 2340 ..Kapan-10³.
288 2298 357 2344 Ego
374 2297 516 2333 Ubaldus
538 2298 641 2346 presb.
659 2299 742 2334 card.

288 2347 358 2393 Ego
378 2347 511 2382 Ioannes
525 2349 628 2395 presb.
645 2349 730 2383 card,
744 2348 777 2383 S.
795 2348 986 2383 Anastasiae.

288 2396 359 2443 Ego
383 2396 556 2443 Gregorius
581 2397 766 2433 Sabinensis
793 2400 888 2445 episc.

289 2446 359 2492 Ego
385 2445 528 2481 Ubaldus
549 2446 705 2482 Ostiensis
733 2448 828 2494 episc.

290 2495 359 2542 Ego
380 2495 562 2531 Bernardus
587 2496 773 2531 Portuensis
795 2497 890 2542 episc.

290 2545 360 2591 Ego
387 2545 556 2580 Gualterus
582 2545 770 2580 Albanensis
795 2547 891 2592 episc.

292 2594 361 2641 Ego
382 2594 521 2631 lacintus
542 2595 621 2630 diac.
644 2595 728 2630 card.
758 2594 790 2629 S.
826 2595 939 2629 Mariae
960 2595 989 2628 in

244 2644 427 2680 Cosmedin.

827 264 911 287 ALEx
922 265 1022 287 xxm-:tt
1044 265 1080 287 111
1104 265 1152 287 ΙΨ.

1652 253 1714 285 671

1073 319 1140 365 Ego
1168 318 1306 353 Ardititts
1329 319 1408 353 diac.
1437 317 1521 353 card.
1544 317 1577 352 S.
1601 317 1770 352 Theodori.

1073 368 1140 414 Ego
1168 368 1244 403 Riso
1278 368 1358 405 diae.
1385 368 1470 404 card.
1503 368 1552 402 Ss.
1585 367 1720 402 Cosmae
1742 375 1771 401 et

1024 417 1179 451 Damiani.

1073 467 1139 512 Ego
1160 466 1285 501 Cintius
1311 467 1389 501 diae.
1416 466 1501 502 card.
1523 467 1556 501 S.
1581 466 1720 500 Adriani.

1072 516 1138 563 Ego
1161 515 1293 551 loannes
1315 516 1394 551 diae.
1424 516 1508 551 card.
1534 516 1567 551 S.
1600 516 1716 550 Mariae
1741 516 1769 550 in

1024 566 1160 601 Porticu.

1072 615 1185 649 Datum
1208 614 1352 649 Laterani
1383 627 1437 661 per
1459 627 1584 649 manum
1614 641 1770 649 .....

1024 677 1043 699 v
1070 665 1141 699 idus
1162 664 1281 711 aprilis,
1309 664 1417 699 indict.
1445 677 1488 708 tx,
1523 665 1641 699 incarn.
1670 664 1772 698 ‹lomi-

1024 715 1111 749 nicae
1130 726 1240 754 netu,
1263 714 1462 760 pontificatus
1484 726 1556 749 vero
1570 714 1678 749 domni
1698 713 1772 747 Ate-

1023 763 1130 799 xandri
1165 764 1267 810 Papae
1295 763 1336 797 lll
1363 776 1446 798 anno
1468 776 1504 798 ιι.

1082 820 1142 851 Dat.
1162 821 1208 851 die
1227 821 1244 851 9
1273 821 1374 860 aprilis
1394 830 1470 850 anno
1492 820 1608 851 Domini
1628 821 1713 857 «1161,

1289 870 1367 905 pont.
1383 875 1459 895 anno
1478 874 1507 895 ιι.

1785 262 1835 288 An.
1848 261 1876 286 C.
1902 260 1963 291 ΗΓιΙ

1362 980 1430 1014 Vll.

1026 1048 1226 1094 Confirmatio
1252 1055 1447 1086 stantem-um,
1477 1049 1516 1082 ab
1537 1049 1669 1093 Httqone
1703 1050 1772 1082 Ru-

1072 1105 1186 1131 tenense
1206 1099 1430 1143 archiepiscopo
1441 1110 1501 1143 pro
1514 1099 1622 1133 ordine
1635 1105 1660 1132 et
1676 1099 1772 1144 quiete

1070 1149 1142 1182 cleri
1162 1160 1232 1182 suae
1253 1149 1416 1182 dioeceseos
1437 1151 1494 1191 (l).

1290 1217 1504 1248 sonitatum!

1023 1276 1192 1306 Exordium.
1215 1292 1254 1297 —
1271 1275 1435 1305 Consessus
1454 1275 1650 1312 Rutenensis3
1681 1293 1721 1298 —
1740 1276 1772 1306 In

1063 1330 1097 1350 eo
1120 1321 1195 1351 latae
1217 1329 1328 1360 poenae
1354 1325 1454 1350 contra
1487 1330 1567 1351 arma
1591 1321 1771 1357 deserentes;

1062 1383 1102 1387 —
1114 1364 1217 1395 Contra
1235 1365 1351 1404 publice
1371 1366 1566 1404 periurantes,
1589 1366 1675 1396 fidem
1693 1375 1773 1395 men-

1065 1411 1170 1440 tientes
1193 1410 1228 1440 de
1250 1419 1293 1446 re,
1309 1410 1351 1440 rel
1375 1410 1498 1449 pecnnia
1518 1415 1635 1449 accepta
1661 1416 1714 1441 etc.
1735 1427 1775 1432 —

1063 1454 1192 1484 Pretium
1213 1459 1354 1484 statutum
1373 1464 1472 1484 rerum
1492 1456 1774 1485 commodandarum

1063 1504 1118 1529 ete.
1135 1517 1173 1522 —
1187 1499 1365 1538 Summaque
1382 1510 1395 1529 a
1413 1500 1532 1530 familiis
1548 1500 1686 1530 solvenda
1703 1504 1775 1529 tam-

1064 1554 1150 1584 quam
1170 1545 1292 1574 decima.
1311 1561 1350 1566 —-
1368 1544 1448 1573 Aliae
1468 1544 1548 1582 leges
1568 1549 1625 1573 tam
1645 1553 1697 1582 pro
1716 1544 1773 1573 lai-

1064 1590 1115 1624 cis,
1132 1606 1171 1612 —-
1188 1588 1280 1624 Quam
1300 1598 1350 1628 pro
1368 1588 1498 1618 clericis:
1521 1606 1561 1611 —
1581 1588 1657 1618 Haec
1677 1589 1773 1617 omnia

1064 1633 1118 1662 sub
1131 1632 1215 1662 Pacis
1232 1633 1350 1663 nomine
1368 1638 1501 1663 contenta
1518 1643 1533 1663 a
1550 1633 1690 1663 Pontifice
1706 1642 1774 1662 con-

1065 1678 1228 1707 firmantur.

1024 1740 1153 1769 Alexander
1180 1740 1298 1778 episcopus
1322 1750 1400 1770 sertus
1420 1750 1536 1770 serrorum
1561 1739 1611 1777 Dei,
1644 1739 1769 1771 venerabili

1062 1784 1124 1813 [ratri
1146 1783 1237 1822 llngoni
1256 1784 1381 1814 Rutenensi
1403 1786 1521 1824 episcopo,
1544 1786 1642 1815 salutern
1665 1790 1686 1815 et
1715 1795 1768 1824 apo-

1063 1828 1167 1857 stolicam
1191 1827 1387 1858 benedictionem.

1073 1895 1205 1937 Quoties
1231 1907 1278 1939 ea,
1301 1909 1380 1942 quae
1399 1896 1437 1931 ad
1467 1909 1574 1944 pacem
1604 1898 1774 1944 pertinent,

1026 1945 1223 1992 postulantur
1245 1957 1260 1979 a
1283 1945 1365 1980 Sede
1382 1947 1563 1993 Apostoliea
1586 1947 1774 1990 confirmari,

1025 2003 1110 2029 tanto
1145 2007 1241 2042 super
1274 1996 1323 2029 his
1358 1996 1575 2042 benigniorem
1610 2009 1774 2031 assensum

1027 2057 1083 2079 nos
1109 2044 1257 2079 convenit
1284 2044 1450 2089 adhibere,
1478 2054 1595 2092 quanto
1626 2059 1663 2081 ex
1693 2046 1774 2080 bono

1028 2095 1113 2141 pacis
1142 2093 1230 2140 plura
1250 2094 1414 2129 commoda
1437 2103 1467 2129 et
1487 2095 1619 2139 gratiora
1644 2096 1775 2141 singtilis

1027 2144 1216 2190 proveniunt
1248 2144 1451 2178 incrementa.
1488 2144 1535 2178 Ex
1569 2145 1705 2191 quodam
1730 2146 1776 2178 si·-

1027 2194 1152 2240 qnidem
1178 2194 1340 2239 rescripto,
1363 2206 1377 2227 a
1401 2201 1453 2228 tua
1473 2194 1563 2228 nobis
1586 2194 1775 2229 trater-nitate

1029 2242 1228 2287 transmisso,
1255 2242 1294 2277 ad
1321 2242 1503 2277 audentiam
1538 2253 1675 2278 nostram
1705 2256 1776 2290 per-

1028 2292 1121 2332 venit,
1143 2292 1232 2338 *quod
1257 2300 1301 2332 tu,
1330 2292 1433 2326 habito
1457 2292 1591 2327 consilio
1613 2293 1775 2337 abbatum,

1030 2342 1278 2388 praepositorum
1313 2350 1343 2375 et
1376 2341 1668 2376 archidiaconorum
1703 2351 1778 2378 tuo-

1030 2403 1111 2434 rnm,
1133 2398 1163 2425 et
1184 2390 1336 2425 baronum
1365 2398 1477 2431 terrae,
1504 2404 1576 2426 eum
1600 2391 1694 2426 nobili
1713 2393 1777 2426 viro

1030 2440 1165 2486 Hugone
1192 2439 1283 2475 fratre
1306 2448 1358 2474 tuo
1385 2440 1499 2475 comite
1524 2440 1680 2481 Rutenae,
1716 2442 1777 2476 hu—

1031 2489 1165 2523 iusmodi
1193 2502 1301 2536 pacem
1329 2497 1360 2524 et
1392 2489 1594 2525 concordiam
1625 2491 1777 2525 statuisti:

1030 2539 1113 2586 quod
1146 2551 1256 2573 omnes
1290 2551 1340 2574 res
1367 2539 1500 2574 mobiles
1526 2548 1557 2574 et
1588 2540 1778 2585 immobiles,

1031 2596 1061 2622 et
1082 2600 1193 2623 omnes
1214 2588 1358 2624 homines
1380 2597 1440 2624 tam
1456 2589 1560 2624 clerici
1584 2602 1677 2637 quam
1697 2590 1777 2632 laici,

1822 1914 1938 1935 Exordium.

1801 2156 1918 2178 Consessus
1936 2157 1973 2178 lti-

1789 2190 1895 2209 tenensis:

1068 2658 1110 2693 (t)
1131 2659 1167 2685 Ex
1185 2660 1294 2686 tloncit..
1313 2665 1376 2687 tom.
1394 2668 1444 2692 xit,
1462 2660 1512 2687 col.
1533 2660 1594 2687 258.
