2180 3205
149 226 199 251 An.
219 224 246 250 Cr
268 224 327 251 2081

189 923 269 944 solitae
285 927 335 948 poe-

150 956 190 971 nae
197 953 270 970 contra
276 949 335 969 inob-

151 979 267 999 servantes.

416 212 484 244 114

363 288 474 312 secure
510 286 544 309 ac
572 273 640 309 sine
671 270 892 319 inquictudine
925 270 1054 305 firmiter
1080 278 1112 305 et

363 323 548 360 inconvulse
590 322 748 365 obtineat,
789 319 962 367 apostolica
1003 328 1113 355 aucto-

364 375 454 409 ritate
491 371 733 407 corroborantes
766 369 957 408 statuimus,
991 369 1111 403 nullum

363 434 485 468 regum,
512 420 560 455 vel
582 421 822 467 imperatorum,
844 418 1030 458 antistitum,
1047 417 1114 452 nul-

362 471 427 506 lum
451 480 650 517 quacumque
665 467 846 504 auctoritate
863 467 1050 514 praeditum,
1066 466 1112 501 vel

362 520 546 566 quempiam
573 518 670 553 alium
703 516 838 557 audere,
871 517 910 551 de
945 516 1005 556 liis,
1032 527 1113 562 quae

362 568 465 603 eidem
489 567 659 602 venerabili
681 566 751 601 loco
769 578 786 600 a
800 564 995 612 quibuslibet
1017 564 1114 599 bomi-

363 617 459 652 nibus
485 616 524 652 de
550 616 678 664 proprio
710 615 777 650 iure
805 615 864 650 iam
893 614 1006 650 donata
1028 621 1113 654 sunt,

363 666 409 701 vel
437 665 638 706 infuturum,
659 665 728 700 Deo
751 663 932 705 miserante,
946 662 1114 698 conferen-

363 724 434 754 tur,
470 714 531 750 sub
565 714 733 750 cuiuslibet
769 726 866 748 ausus
902 711 1114 748 occasionisve

362 765 484 811 specie,
517 764 662 799 minuere
695 763 743 798 vel
779 762 923 806 auferre,
953 762 1019 796 sive
1047 761 1115 795 suis

363 814 473 849 usibus
499 813 676 861 applicare,
711 811 757 847 vel
781 812 848 846 aliis
881 810 1026 858 quamvis
1055 810 1115 856 piis

362 863 401 898 de
423 864 528 898 causis
551 875 607 910 pro
633 873 707 896 suae
734 860 881 896 avaritiae
910 859 1114 894 excusatione

364 912 549 947 concedere.
568 911 602 946 Si
625 911 696 958 quis
718 922 791 944 vero
819 921 941 955 regum,
969 907 1116 942 sacerdo-

363 969 442 1002 tum,
465 962 664 1003 clericorum,
681 959 833 1002 iudicum,
852 971 886 992 ae
907 957 1114 991 saecularium

364 1022 590 1058 personarum,
617 1009 699 1043 hanc
728 1007 963 1043 constitutionis
991 1013 1115 1040 nostrae

364 1060 512 1107 paginam
535 1069 724 1105 agnoscens,
741 1064 847 1091 contra
862 1068 929 1090 eam
950 1055 1116 1089 temerario

364 1121 442 1143 ausu
467 1108 573 1144 venire
607 1106 784 1149 tentaverit,
815 1104 996 1140 admonitus
1018 1103 1115 1137 semel

365 1166 395 1192 et
425 1158 536 1192 iterum
567 1168 667 1203 usque
695 1155 787 1190 tertio
815 1166 870 1202 per
892 1153 1138 1188 convenientes*

365 1215 472 1248 testes,
495 1207 598 1241 sinon
621 1204 803 1251 resipuerit,
825 1212 919 1250 atque
940 1201 1117 1249 praedictae

365 1255 526 1291 Ecclesiae
554 1267 616 1290 non
639 1252 838 1296 satisfecerit,
869 1251 1031 1298 potestatis
1059 1251 1116 1285 lio-

366 1305 517 1351 norisque
547 1305 595 1339 sui
624 1303 774 1349 dignitate
803 1310 930 1342 careat,
964 1312 1116 1346 reumque

366 1366 400 1389 se
427 1354 532 1388 divino
561 1352 677 1387 iudicio
711 1352 845 1386 existere
872 1350 911 1384 de
941 1357 1115 1396 perpetrata

368 1403 534 1450 iniquitate
560 1408 738 1447 cognoscat.
759 1400 800 1434 At
827 1399 885 1434 nisi
909 1411 955 1435 ea,
978 1411 1056 1445 quae
1078 1398 1118 1433 ab

372 1452 425 1486 illo
461 1459 535 1487 sunt
567 1450 649 1485 male
682 1449 809 1490 ablata,
843 1448 1033 1488 restituerit,
1071 1447 1117 1482 vel

368 1500 462 1547 digna
496 1499 688 1548 poenitentia
716 1498 821 1532 illicite
849 1505 917 1532 acta
945 1496 1117 1537 defleverit,

369 1562 386 1584 a
400 1549 610 1585 sacratissimo
625 1559 757 1594 corpore
771 1555 800 1581 et
814 1546 965 1592 sanguine
978 1545 1119 1580 Redem-

370 1599 468 1646 ptoris
504 1598 601 1633 nostri
634 1597 706 1631 Iesu
739 1595 857 1631 Christi
895 1595 1016 1630 alienus
1051 1595 1118 1638 fiat,

950 216 1086 238 nrt-[Atti
1094 216 1138 238 [11
1161 215 1323 238 ROMANCM

1204 272 1234 303 in
1255 270 1384 303 dioecesi
1408 268 1614 307 Narbonensi,
1643 279 1711 301 cum
1734 267 1904 312 facultate,

1203 327 1350 364 quatenus
1376 319 1407 351 in
1429 318 1540 351 eisdem
1557 328 1705 361 personae
1726 318 1841 359 idoneo·
1861 316 1904 350 ad

1202 369 1383 413 quberm'um
1411 374 1546 412 repertae
1566 378 1627 399 non
1647 366 1773 410 suerint,
1808 367 1904 400 desu-

1203 419 1306 451 mendi
1326 418 1448 451 abbates
1470 427 1508 449 ex
1522 416 1594 448 aliis
1615 415 1806 449 monasteriis
1820 415 1904 448 eius-

1203 469 1270 500 dem
1291 467 1426 504 ordt'm's;
1449 472 1475 498 et
1498 465 1651 508 repetendi
1670 464 1833 508 quidquid.
1862 464 1904 496 ad

1921 203 1972 229 An.
1993 201 2020 229 C.
2037 200 2102 229 1081
2139 230 2141 242 ι

1203 517 1304 550 eadem
1342 515 1526 548 monasteria
1552 514 1727 558 pertinens,
1760 513 1799 546 ab
1833 512 1904 546 aliis
1941 515 1944 517 ’

1204 566 1314 598 iniuste
1334 566 1506 598 detineatur
1523 566 1584 605 (J).

1422 635 1637 667 SUMMARIUM

1155 699 1322 729 Exordium.
1343 716 1383 721 —
1403 698 1612 728 Monasterium
1630 697 1735 728 Montis
1745 697 1863 728 Maioris
1879 702 1907 728 et

1195 739 1318 768 alterum
1337 738 1365 768 S.
1384 738 1490 768 Mariae
1512 737 1680 767 Narbonen.
1694 737 1768 767 iuris
1780 738 1907 777 Aposto-

1195 779 1268 808 licae
1305 778 1390 808 Sedis
1428 777 1525 807 abbati
1560 777 1741 807 Massiliensi
1778 777 1906 815 regenda

1195 819 1429 853 committuntur,
1444 818 1504 847 vice
1523 816 1608 846 Sedis
1627 817 1773 847 eiusdem.
1792 833 1833 839 —
1848 816 1908 846 Ab·

1195 857 1279 887 botes
1290 867 1323 887 ex
1331 857 1451 888 fratrum
1461 865 1607 886 consensu
1618 865 1669 896 per
1677 857 1813 887 eumdem
1823 865 1908 896 prae-

1196 897 1327 934 ficiendi3
1338 902 1365 926 et
1377 907 1390 926 a
1404 897 1578 926 dioecesano
1590 897 1729 936 episcopo
1740 896 1907 926 ordinandi.

1195 953 1233 958 —
1248 937 1341 965 Mores
1360 945 1436 972 vero,
1448 936 1473 965 si
1493 945 1565 974 opus
1585 935 1682 972 fuerit,
1700 945 1752 974 per
1769 936 1907 965 eumdem

1196 976 1410 1006 Massiliensem
1429 975 1564 1004 abbatem
1581 975 1908 1013 corrigendi.—Aquo

1197 1016 1282 1050 bona,
1304 1025 1318 1045 a
1339 1014 1516 1044 monasterio
1539 1014 1646 1050 ablata,
1664 1024 1698 1044 ex
1713 1015 1908 1045 detinentium

1197 1055 1333 1084 manibus
1352 1055 1545 1084 vindicentur.
1563 1070 1602 1076 —
1622 1054 1780 1084 Roboratio
1796 1054 1908 1085 decreti

1199 1095 1297 1124 liuius.

1158 1160 1284 1198 Gregorius
1300 1161 1419 1199 episcopus
1433 1170 1512 1191 servus
1527 1169 1643 1190 servorum
1660 1159 1711 1197 Dei,
1728 1158 1910 1189 venerabililra-

1199 1206 1226 1233 tri
1250 1203 1362 1234 Ricliardo
1379 1206 1475 1234 Sanctae
1498 1205 1615 1234 Romanae
1637 1204 1754 1233 Ecclesiae
1777 1202 1912 1242 presbytero

1198 1248 1318 1285 cardinali,
1335 1253 1404 1286 atque
1426 1248 1505 1278 abbati
1520 1248 1668 1285 Massiliensi,
1686 1248 1780 1285 suisque
1794 1255 1911 1277 successo-

1198 1293 1260 1323 ribus
1276 1294 1298 1322 in
1314 1297 1450 1331 perpetuum
1469 1293 1607 1331 regulariter
1621 1291 1792 1330 promovendis,
1811 1291 1911 1321 salutem

1199 1342 1220 1367 et
1235 1337 1386 1376 apostolicam
1409 1336 1604 1366 benedictionem.

1208 1399 1297 1435 Licet
1327 1399 1490 1446 apostolici
1524 1411 1580 1433 uos
1611 1398 1710 1445 apicis
1743 1410 1817 1433 cura
1853 1410 1910 1446 pro

1159 1449 1282 1484 cunctis
1303 1448 1494 1495 generaliter
1522 1447 1674 1482 Ecclesiis
1703 1447 1846 1494 vigilare,
1873 1459 1911 1482 ac

1161 1510 1216 1545 pro
1238 1498 1379 1533 omnium
1396 1505 1477 1532 statu
1494 1497 1541 1532 vel
1557 1497 1752 1544 reparatione
1771 1496 1911 1531 solicitos

1159 1559 1227 1582 esse
1243 1547 1426 1587 admoneat;
1450 1546 1510 1581 illis
1531 1553 1636 1581 tamen
1652 1546 1819 1592 praecipue
1832 1545 1912 1586 locis

1160 1604 1296 1631 nostram
1313 1608 1419 1631 curam
1433 1595 1601 1643 specialius
1615 1595 1826 1630 exhibendam
1841 1607 1914 1642 pcr-

368 1655 462 1694 atque
490 1648 520 1681 in
553 1654 695 1681 extremo
718 1644 861 1680 examine
885 1644 1043 1678 districtae
1072 1644 1119 1677 nl-
1138 1665 1141 1693 Ι
1162 1645 1341 1692 pendimus,
1363 1657 1443 1692 quae
1457 1644 1517 1679 sub
1530 1644 1694 1679 Romanae
1708 1644 1803 1679 tutela
1819 1643 1913 1679 Sedis

369 1697 446 1731 tioni
462 1696 631 1731 subiaceat.
652 1693 784 1729 Cunctis
802 1704 906 1728 autem
930 1693 1033 1727 eidem
1050 1694 1119 1727 loco
1138 1701 1142 1741 1Ι
1161 1695 1329 1729 constituta
1352 1695 1480 1734 seimus,
1503 1701 1601 1728 status
1623 1694 1671 1728 sui
1694 1693 1910 1728 confirmatio-

370 1745 449 1780 iusta
473 1744 671 1779 servantibus
697 1743 738 1777 sit
765 1755 824 1790 pax
859 1742 986 1777 Domini
1023 1742 1118 1777 nostri
1139 1750 1246 1784 Auem,
1272 1751 1519 1789 augumentum,
1550 1743 1596 1777 vel
1620 1743 1850 1777 restitutionem
1872 1741 1912 1777 ab

370 1793 442 1829 Iesu
468 1793 608 1833 Christi,
644 1799 800 1839 quatenus
834 1800 863 1826 et
898 1791 949 1826 liic
985 1792 1119 1826 fructum
1139 1781 1142 1829 l
1162 1793 1219 1827 hae
1243 1793 1439 1839 potissimum
1454 1791 1606 1832 Ecclesia,
1623 1792 1714 1826 cuius
1729 1792 1807 1826 iuris
1825 1799 1912 1832 sunt,

370 1842 472 1878 bonae
494 1842 628 1877 actionis
651 1841 837 1888 percipiant,
865 1849 893 1875 et
909 1842 991 1887 apuil
1015 1840 1121 1875 distri-
1140 1840 1143 1879 l
1162 1849 1337 1888 expectare.
1351 1841 1432 1883 Quia
1448 1853 1522 1887 ergo
1540 1840 1696 1887 quaedam
1711 1840 1912 1879 monasteria,

370 1900 454 1927 ctum
477 1891 618 1926 Iudicem
647 1890 784 1938 praemia
806 1897 948 1925 aeternae
965 1890 1050 1937 pacis
1078 1890 1122 1924 in-
1140 1883 1144 1945 ᾖ
1162 1890 1296 1925 alterum
1340 1891 1370 1924 in
1416 1890 1574 1936 provincia
1619 1889 1763 1924 videlicet
1805 1888 1913 1924 Sancti

371 1941 508 1976 veniant.
1141 1939 1264 1978 2Petri,
1287 1940 1339 1986 qui
1368 1939 1483 1973 dieitur
1515 1938 1553 1972 ad
1588 1938 1727 1973 Montem
1749 1937 1913 1982 Maiorem,

419 1990 536 2025 Datum
552 1989 698 2024 Laterani
722 2001 752 2022 n·
775 2000 848 2022 non.
865 1987 964 2022 martii
989 1999 1043 2034 per
1062 1999 1122 2021 ma·
1141 1979 1144 2011 !
1163 1996 1193 2023 et
1208 1988 1338 2022 alterum
1363 1988 1393 2022 in
1415 1987 1613 2022 Narbonensi
1636 1987 1819 2034 episcopatu
1834 1987 1914 2022 San-

372 2051 433 2074 nus
460 2038 544 2073 Petri
578 2037 611 2073 S.
646 2037 808 2072 Romanae
835 2037 994 2071 Ecclesiae
1018 2036 1121 2082 presb.
1142 2037 1145 2086 ξ
1164 2046 1232 2072 ctae
1252 2037 1368 2072 Mariae
1403 2037 1443 2072 de
1476 2036 1611 2077 Crassa,
1646 2049 1726 2083 quae
1752 2036 1790 2070 ad
1818 2036 1914 2071 huius

371 2088 539 2123 cardinalis
580 2094 609 2121 et
657 2086 914 2123 bibliothecarii.
960 2097 1042 2120 anno
1089 2098 1122 2120 tx
1142 2102 1146 2110 =
1164 2086 1257 2121 Sedis
1279 2086 1494 2121 defensionem
1523 2086 1702 2133 pertinere,
1733 2085 1915 2132 propriique

373 2137 575 2184 pontificatus
610 2136 729 2170 domini
751 2134 893 2181 Gregorii
916 2134 972 2168 vll
1005 2134 1119 2181 Papae.
1143 2140 1146 2187 ᾗ
1166 2135 1241 2169 iuris
1263 2148 1332 2170 esse
1355 2143 1540 2178 noscuntur,
1562 2134 1747 2169 iamdudum
1773 2135 1915 2169 saecula-

373 2186 551 2221 Indietione
574 2197 618 2225 η’,
645 2197 785 2219 mcxxxi.
1167 2185 1246 2218 rium
1271 2184 1498 2219 monachorum
1521 2184 1614 2231 culpa
1633 2196 1650 2219 a
1671 2184 1834 2229 religionis
1849 2191 1916 2218 tra-

449 2241 510 2272 Dat.
529 2244 575 2272 die
594 2242 612 2271 4
631 2241 727 2270 marui
744 2250 819 2270 anno
836 2240 949 2269 Domini
969 2240 1051 2276 1051,
1167 2233 1240 2268 mite
1268 2234 1409 2268 deviasse
1433 2233 1656 2273 intelleximus,
1682 2245 1717 2267 ea
1746 2232 1916 2268 reformare

573 2280 669 2320 Psfflfis
691 2279 777 2318 Gfe‘e'·
795 2289 870 2309 ΜΗΘ
890 2288 925 2309 lx·
1166 2282 1202 2322 ad
1229 2283 1305 2329 lapsi
1332 2283 1455 2318 decoris
1476 2282 1637 2329 specimen
1661 2282 1749 2317 valde
1767 2293 1836 2316 esse
1857 2293 1916 2316 ne-

1167 2333 1350 2376 cessarium,
1382 2331 1542 2366 duximus.
1567 2331 1660 2366 Scitis
1681 2331 1778 2375 enim,
1800 2330 1914 2364 decen-

710 2402 779 2438 υἷι
1167 2380 1242 2425 tius⁷
1256 2389 1349 2428 atque
1371 2380 1608 2415 convenientius
1629 2392 1697 2415 esse
1723 2378 1915 2414 decernitur.

784 2430 790 2437 ’
1167 2429 1324 2464 destructa
1347 2430 1525 2474 restituere,
1547 2437 1577 2464 et
1598 2429 1634 2463 ad
1657 2428 1791 2474 gradum
1818 2440 1914 2462 suum

379 2476 557 2509 Cammtsssfo
591 2476 820 2519 reformcu't'mit's
849 2475 980 2508 duorum
1015 2484 1126 2507 morla-
1167 2478 1303 2525 collapsa
1326 2479 1488 2516 reducere*
1508 2491 1601 2525 quam
1622 2478 1652 2512 in
1667 2476 1844 2515 dilatandis·
1867 2477 1915 2511 vel

425 2528 597 2566 nesiorum,
610 2526 721 2557 scili-cel
734 2524 850 2557 ,Montis
861 2524 994 2556 :llssl‘oi'i's
1014 2525 1042 2554 1¹11
1057 2534 1126 2567 [ΞΛ]-
1145 2536 1148 2541 “
1168 2528 1288 2561 nostres
1304 2527 1509 2562 godisscgndis
1522 2538 1650 2574 operam
1665 2526 1750 2561 dare,
1766 2526 1915 2572 Quapro-

426 2576 527 2607 vincia
550 2574 659 2607 Sancti
681 2573 777 2613 Petri,
798 2580 824 2606 et
848 2573 981 2606 Sanctae
1003 2572 1126 2606 Mariae
1202 2584 1241 2619 (ι)
1259 2584 1297 2611 Ex
1319 2583 1428 2611 ‚xl-cmv,
1449 2583 1522 2610 Vane

1631 2648 1647 2651 *-
1674 2648 1699 2658 ’ἡ

1965 1401 2086 1423 Exordium.

1970 1851 2029 1871 Mona
2033 1850 2119 1870 ster-inm

1934 1877 2012 1898 Montis
2032 1876 2120 1897 Maioris
2157 1894 2163 1899 ,

1935 1906 1956 1925 et
1979 1904 2068 1924 atterum
2095 1902 2118 1924 S.

1934 1930 2015 1950 Mariae
2038 1929 2122 1949 Narbo-

1935 1963 1982 1977 nen.
1999 1956 2049 1976 iuris
2064 1957 2120 1980 Apo-

1935 1983 2023 2004 stolicao
2037 1982 2101 2003 Sedis
