2180 3205
125 268 172 293 An.
194 265 221 292 C.
243 264 308 293 1008

389 236 457 269 188

335 300 493 344 vantibus,
515 306 545 334 et
567 297 697 345 gratiam
720 294 950 335 obtinentibus,
979 307 1086 341 regen-

335 351 408 386 dam
435 362 491 384 seu
519 346 750 394 disponendam
773 344 949 380 secundum
974 344 1087 378 funda—

334 400 411 435 toris
447 406 552 433 votnm
592 395 840 435 committimus,
879 406 917 428 eo
945 393 1087 428 videlicet

336 457 465 491 tenore,
487 454 522 481 ut
543 453 574 480 et
601 444 777 490 regularem
805 443 869 478 illic
887 443 1086 489 disciplinam

336 496 451 532 serrari
480 494 631 530 attentius
652 493 783 534 faciatis,
814 501 845 528 et
870 504 908 527 ex
931 493 998 526 loco
1022 492 1088 538 ipso

337 558 467 582 censum
489 556 629 579 annuum
652 542 856 578 Lateranensi
885 541 998 588 palatio
1021 541 1088 576 auri

337 596 463 630 unciam
478 593 642 628 dimidiam
663 592 860 640 persolvatis.
885 591 1014 626 Praeter
1029 591 1088 625 hoc

338 645 483 679 universa
506 643 700 678 decimarum
723 653 780 676 seu
805 640 1013 688 primitiarum
1039 639 1091 674 de-

338 694 403 729 bita
422 702 483 728 tam
506 705 543 727 ex
562 692 629 738 ipsa
655 691 781 726 civitate
807 690 902 730 Osca,
929 702 1023 736 quam
1052 701 1089 723 ex

338 743 473 778 caeteris
495 741 627 781 linibus,
655 752 736 787 qnos
762 739 801 774 ad
828 752 896 774 eam
920 738 1090 784 episcopali

340 792 407 826 iure
431 791 588 839 pertinere
606 789 799 832 constiterit,
827 796 889 823 tam
918 788 972 822 tibi
996 799 1090 833 quam

341 843 405 876 tuis
423 839 662 875 successoribus
685 838 835 873 canonice
857 837 1021 877 ordinatis,
1036 849 1091 871 seu

342 890 510 925 cathedrae
544 889 643 936 ipsius
675 888 813 929 clericis,
848 885 1092 925 confirmamus,

343 946 466 987 praeter
502 937 586 972 illam
623 936 780 972 redituum
820 943 958 982 partem,
997 946 1092 980 quam

342 988 514 1036 supradicti
538 987 619 1033 regis
641 986 725 1021 Petri
750 985 895 1033 precibus
917 983 1094 1018 fraternitas

343 1045 395 1072 tua
424 1037 496 1072 lesu
528 1035 680 1070 Nazareni
714 1034 874 1069 canonicis
909 1032 1095 1078 benigniore

342 1086 528 1121 liberalitate
555 1084 723 1120 concessit.
757 1083 791 1118 Si
827 1095 887 1130 qua
918 1082 1014 1127 igitur
1039 1093 1096 1116 ec-

342 1135 513 1171 clesiastica
536 1133 744 1168 saecularisve
761 1144 906 1180 persona,
934 1131 1014 1165 hanc
1037 1142 1095 1164 no—

343 1192 424 1219 strae
439 1183 674 1219 constitutionis
697 1183 842 1229 paginam
858 1180 976 1220 sciens,
989 1187 1097 1214 contra

343 1246 411 1269 eam
440 1241 558 1268 temere
585 1231 692 1266 venire
715 1230 892 1271 tentaverit,
916 1236 976 1264 etc.

392 1283 510 1317 Datum
533 1281 676 1316 Laterani
708 1293 763 1327 per
791 1291 918 1314 manum
946 1277 1098 1312 Iohannis

344 1332 378 1367 S.
408 1332 446 1366 R.
469 1331 507 1365 E.
531 1330 654 1365 diaconi
677 1329 857 1369 cardinalis,
883 1340 903 1362 v
926 1327 996 1361 idus
1012 1327 1098 1371 maii,

345 1380 517 1415 indictione
550 1391 606 1424 vr,
653 1378 879 1413 incarnationis
922 1377 1099 1411 dominicae

345 1442 428 1464 anno
450 1440 598 1470 chvut,
627 1428 828 1475 pontificatus
855 1434 959 1461 autem
989 1425 1098 1459 domni

346 1478 466 1514 Urbani
488 1478 516 1512 ΙΙ
544 1477 648 1524 Papae
678 1488 762 1512 anno
783 1488 827 1510 XI.

430 1535 491 1565 Dat.
507 1535 554 1565 die
574 1535 607 1564 11
629 1534 698 1564 maii
717 1542 793 1563 anno
812 1532 927 1562 Domini
944 1531 1029 1568 1098,

595 1573 697 1613 pontif.
720 1582 796 1603 anno
818 1581 855 1602 XI.

676 1703 774 1738 XLV.

349 1778 518 1822 Privileyia
553 1777 738 1811 monasterio
774 1777 836 1810 SS.
877 1776 1038 1809 Trinitatis
1069 1776 1104 1808 sle

401 1833 497 1870 Cava,
527 1831 709 1874 caeterisque
743 1831 775 1862 in
801 1830 929 1863 dioecesi
962 1830 1105 1863 Salerni-

400 1891 475 1918 tana
497 1885 668 1918 constitutis
683 1884 886 1920 nzonasteriz's,
912 1894 1050 1916 concessa
1073 1883 1105 1914 in

397 1939 625 1983 praeiudicium
658 1934 902 1982 archiep[scopi⁷
938 1937 1106 1969 irritantur

399 2004 467 2025 cum
488 1993 624 2034 decreto,
652 1998 683 2024 ut
705 2003 782 2035 quiae
804 1992 843 2023 ab
869 1991 978 2022 eisdem
1003 2001 1107 2022 mona-

370 2062 376 2067 s
399 2046 498 2078 storiis
516 2051 586 2089 post
612 2051 739 2077 mortem
768 2044 913 2086 Greqori'i
941 2043 1004 2075 Vl!
1036 2048 1106 2075 sunt

400 2099 562 2143 acquisita,
585 2099 648 2132 sitis
668 2098 839 2131 reddantur
861 2097 1003 2129 Ecclesiis
1029 2097 1085 2139 (1).

622 2178 837 2209 smntatttml

351 2245 488 2276 Urbanus
520 2245 574 2275 PP.
604 2254 779 2274 concessum
809 2254 823 2274 a
856 2253 887 2273 se
916 2247 1040 2273 monast.
1074 2243 1108 2273 de

393 2289 466 2318 Cava
483 2289 670 2328 privilegium
690 2289 896 2323 immunitatis,
915 2288 1014 2318 datum
1033 2288 1108 2317 sate·

395 2337 441 2362 tur
471 2342 522 2372 per
540 2332 735 2370 ignorantiam
762 2332 982 2371 privilegiorum
1014 2331 1110 2360 Saler-

396 2420 545 2460 subrepta.
560 2437 600 2442 —
614 2420 688 2449 Illud
706 2420 815 2456 irritat3
830 2437 870 2441 —
881 2419 1046 2457 Totumque
1063 2418 1109 2446 ius

396 2464 588 2494 Salernitanis
597 2465 830 2503 archiepiscopis
840 2463 977 2493 restituit.
985 2479 1024 2484 --
1032 2461 1110 2490 Bona
1130 2482 1132 2486 Α

397 2516 473 2544 vero,
491 2517 566 2546 quae
593 2509 770 2537 monasteria
789 2512 855 2537 aute
872 2507 1045 2544 Gregorium
1063 2505 1110 2534 Vll

392 2573 431 2608 (l)
462 2573 502 2599 Ab
525 2572 709 2608 authographo
733 2572 815 2599 edidit
838 2571 939 2606 Ughell.
967 2571 1024 2597 Ital.
1050 2570 1108 2597 Sac.

357 2615 423 2640 tom.
445 2620 494 2639 vn.

929 239 1116 262 Britanna!
1141 239 1303 260 nonaum

1170 293 1344 328 obtinuere,
1375 293 1486 322 eisdem
1520 293 1683 323 confirmat.
1705 310 1745 316 -
1766 292 1883 323 Caetera

1170 337 1232 366 suis
1257 336 1351 365 reddit
1370 336 1520 366 Ecclesiis.

1130 407 1234 437 Urbanus
1251 407 1458 446 episcopusservus
1478 415 1596 436 serrorum
1610 406 1662 445 Dei,
1679 406 1787 445 Alphano
1802 406 1825 436 S.
1845 407 1884 437 Sa·

1170 452 1298 481 lernitauae
1320 451 1436 481 Ecclesiae
1454 451 1635 490 archiepiscopo,
1651 451 1744 489 suisque
1767 460 1885 482 suceesso-

1171 495 1242 526 ribus.

1178 567 1261 609 Quia
1281 567 1470 601 monasterio
1485 566 1544 602 SS.
1558 566 1730 608 Trinitatis,
1750 567 1834 615 quod
1853 568 1884 603 in

1130 625 1230 651 vestra
1255 616 1401 663 parochia
1435 617 1529 650 situm
1562 624 1630 658 est,
1660 617 1808 663 precibus
1843 617 1879 651 P.

1131 666 1253 700 abbatis
1271 666 1412 700 ciusdem
1437 666 1637 706 monasterii,
1661 678 1716 712 pro
1731 666 1885 701 charitate

1133 715 1260 749 fratrum
1285 716 1312 748 in
1336 727 1373 749 co
1402 715 1547 760 religiose
1571 714 1762 759 viventium,
1785 715 1884 750 liber-

1133 772 1225 799 tatem
1249 764 1477 807 concessimus,
1504 772 1534 797 et
1562 763 1638 798 illud
1667 764 1727 799 sub
1749 764 1885 800 tuitione

1133 821 1162 848 et
1178 813 1373 848 subiectione
1392 813 1491 847 solius
1512 813 1545 847 S.
1570 812 1608 847 R.
1634 813 1670 847 E.
1695 813 1885 859 recepimus,

1134 870 1164 896 et
1186 863 1245 909 ipsi
1268 862 1371 896 abbati
1396 862 1526 908 suisque
1547 862 1786 897 successoribus
1808 875 1890 898 con-

1134 912 1310 955 cessimus,
1345 919 1378 945 ut
1410 911 1532 945 abbatis
1572 911 1826 946 benedictionem
1869 924 1886 946 a

1134 960 1277 994 Romana
1305 968 1425 995 tantum
1454 960 1595 995 Ecclesia
1623 961 1815 1008 reciperent:
1857 969 1888 996 et

1136 1010 1354 1050 ecclesiarum,
1390 1019 1419 1044 et
1447 1009 1602 1050 altarium,
1638 1018 1668 1044 et
1697 1010 1885 1045 clericorum

1137 1059 1392 1093 consecrationes
1407 1071 1420 1092 a
1437 1057 1636 1093 Salernitano
1651 1059 1891 1106 archiepiscopo

1137 1108 1327 1154 acciperent,
1350 1107 1375 1141 si
1398 1107 1571 1142 catholicus
1588 1115 1682 1148 esset,
1705 1115 1736 1142 et
1752 1116 1891 1142 nostram

1138 1169 1423 1203 successorumque
1454 1164 1634 1191 nostrorum
1668 1157 1797 1202 gratiam
1833 1157 1894 1192 ha-

1140 1206 1242 1245 beret,
1279 1206 1417 1252 alioquin
1446 1206 1584 1253 praefato
1617 1205 1721 1240 abbati
1761 1206 1893 1253 suisque

1140 1255 1378 1290 successoribus
1394 1255 1501 1291 liceret
1522 1267 1537 1289 a
1560 1267 1763 1302 quocumque
1778 1255 1894 1290 vellent

1140 1306 1291 1351 episcopo
1307 1304 1463 1351 praedicta
1480 1305 1635 1351 recipere3
1658 1304 1753 1339 modo
1772 1312 1894 1339 vestrae

1141 1354 1303 1388 Ecclesiae
1327 1354 1486 1400 privilegia
1515 1353 1670 1394 videntes,
1697 1365 1778 1400 quae
1805 1354 1894 1400 prius

1142 1403 1383 1449 ignorabamus,
1423 1403 1452 1436 in
1493 1403 1621 1437 veritate
1656 1402 1893 1450 comperimus,

1141 1452 1225 1499 quod
1249 1460 1464 1486 antecessores
1480 1452 1577 1485 nostri
1596 1451 1755 1486 Ecclesiae
1772 1459 1895 1486 vestrae

1142 1501 1357 1536 concesserint
1383 1513 1494 1535 omnes
1528 1500 1696 1541 ecclesias,
1728 1508 1758 1535 et
1788 1500 1895 1535 omnia

1142 1550 1331 1584 monasteria
1367 1557 1428 1584 tam
1464 1557 1645 1584 constructa
1683 1562 1778 1596 quam
1810 1562 1896 1584 con-

1143 1599 1304 1638 struenda,
1327 1599 1393 1633 sive
1416 1599 1495 1633 infra
1522 1599 1678 1633 civitatem
1701 1599 1766 1633 sive
1788 1607 1895 1643 extra,

1145 1657 1177 1683 ut
1198 1648 1299 1682 eidem
1327 1647 1487 1682 subiectae
1514 1647 1676 1682 Ecclesiae
1699 1655 1831 1688 vestrae,
1865 1655 1898 1683 et.

1144 1698 1301 1743 integrum
1325 1697 1373 1731 ius
1396 1697 1426 1730 in
1451 1697 1527 1743 ipsis
1542 1704 1572 1731 et
1595 1697 1625 1731 iu
1649 1697 1772 1731 clericis
1787 1709 1896 1731 earum

1145 1747 1285 1790 haberet,
1315 1746 1396 1780 sicut
1418 1758 1555 1780 canones
1581 1746 1631 1780 Ss.
1651 1746 1780 1780 Patrum
1805 1757 1898 1793 prae-

1145 1796 1277 1843 cipiunt.
1307 1795 1509 1829 Advertimus
1533 1795 1677 1835 tandem,
1700 1795 1794 1830 nobis
1825 1807 1898 1842 per-

1146 1857 1273 1879 suasum
1297 1844 1393 1878 fuisse
1412 1852 1519 1878 contra
1542 1856 1680 1878 canones
1698 1844 1748 1879 Ss.
1768 1844 1896 1878 Patrum

1146 1902 1176 1928 et
1198 1901 1305 1928 contra
1332 1894 1548 1927 auctoritatem
1571 1901 1808 1928 antecessorum
1837 1905 1900 1927 no-

1147 1951 1285 1977 strorum
1312 1942 1351 1976 de
1374 1942 1523 1976 omnibus
1548 1942 1789 1989 suprascriptis,
1817 1954 1898 1989 quae

1149 1991 1287 2038 praefato
1306 1991 1407 2025 abbati
1428 1992 1558 2037 suisque
1576 1990 1813 2025 successoribus
1827 2003 1900 2026 con-

1148 2052 1354 2075 cesseramus.
1382 2040 1522 2086 Ideoque
1554 2040 1766 2087 suprascripta
1793 2039 1898 2074 omnia

1150 2101 1205 2135 per
1231 2089 1468 2135 subreptionem
1497 2089 1589 2123 nobis
1619 2097 1766 2135 suggesta
1792 2089 1901 2123 adver-

1149 2140 1261 2175 timus.
1290 2146 1320 2171 et
1343 2137 1540 2172 advertentes
1568 2138 1723 2172 irrita....
1747 2138 1901 2185 deinceps

1149 2188 1215 2221 sore
1248 2186 1469 2226 deceruimus;
1507 2194 1537 2221 et
1567 2186 1729 2221 Ecclesiae
1757 2194 1900 2226 vestrae,

1149 2248 1185 2270 ac
1201 2235 1288 2269 vobis
1307 2236 1482 2282 vestrisque
1505 2235 1743 2270 successoribus
1761 2235 1801 2270 de
1818 2248 1904 2282 prae-

1129 2308 1130 2316 .
1150 2285 1235 2319 dicto
1263 2285 1452 2318 monasterio
1481 2291 1511 2319 et
1538 2284 1577 2319 de
1598 2284 1667 2318 aliis
1690 2284 1901 2328 monasteriis,

1129 2341 1181 2373 *et
1207 2334 1245 2367 de
1272 2333 1420 2367 omnibus
1442 2333 1594 2373 ecclesiis,
1621 2333 1669 2368 vel
1695 2333 1819 2368 clericis
1846 2345 1904 2368 eo·-

394 2377 485 2406 nitau.
505 2376 663 2413 Ecclesiae,
676 2386 752 2415 quae
764 2386 836 2405 suae
855 2376 973 2405 fuerant
989 2375 1109 2404 notitiae
1129 2375 1132 2393 ¹

1152 2399 1219 2420 rum
1253 2387 1429 2420 secuudum
1458 2399 1595 2421 canones
1627 2394 1807 2421 sanctorum
1839 2386 1902 2421 Pa·

1151 2446 1247 2483 trum,
1262 2447 1292 2474 et
1304 2439 1444 2474 secundu
1452 2453 1479 2473 m
1493 2440 1653 2486 privilegia
1666 2447 1904 2474 antecessorum

1152 2500 1344 2532 nostrorum,
1368 2501 1487 2527 vestrae
1515 2493 1674 2527 Ecclesiae
1692 2492 1783 2533 sacta,
1810 2505 1904 2527 cano-

1153 2547 1259 2580 nicum
1288 2547 1335 2580 ius
1363 2546 1526 2580 reddimus
1553 2547 1583 2579 in
1606 2546 1774 2590 integrum.
1805 2546 1901 2580 Prae-

1154 2606 1237 2633 terea
1259 2599 1285 2633 si
1313 2599 1509 2646 praedictum
1533 2600 1758 2634 monasterium
1781 2600 1828 2634 vel
1846 2600 1905 2635 alia

1905 243 1954 271 An.
1975 244 2002 272 C.
2021 243 2088 272 1098

1939 583 2037 605 Urbanus
2051 584 2092 606 1³1³.

1910 616 2032 632 cnut-essum
2048 617 2061 632 a
2072 617 2094 632 su

1910 640 1998 658 monast.
2006 638 2031 657 d·-
2037 638 2095 658 Cara

1911 664 2043 689 privilegium
2058 665 2096 685 im-

1910 691 2025 715 munitatis,
2057 691 2096 712 da·

1912 719 1954 737 tum
1971 717 2047 738 fatetur
2057 723 2095 743 per

1911 743 2050 769 ignorantiam
2057 744 2097 769 pri-

1912 770 2035 796 vilegiorum
2057 770 2096 791 Sa-

1912 796 2038 818 lermitauae
2057 797 2111 817 Ec-.

1912 823 2002 847 clasiae,
2041 828 2098 850 qua·

1912 854 1962 870 suae
1970 849 2053 871 fuerant
2062 855 2100 871 no-

1912 877 1973 899 titiae
1988 878 2096 904 subrepta.

1944 2063 1994 2084 lllud
2011 2063 2085 2084 irritat:

1941 2221 2059 2246 Totumque
2075 2220 2106 2240 ius

1923 2247 2061 2267 salernitanis
2071 2253 2106 2267 ar-

1923 2273 2065 2300 rhiepiscupis
2075 2279 2107 2294 ro·

1923 2302 1997 2320 stituit.
