2180 3205
203 246 254 272 Au.
272 245 300 272 C.
316 247 382 272 <1¹71

214 298 345 325 sepulturam
358 300 384 320 iiii

200 329 246 350 {ore
255 330 341 350 liberam
351 331 385 350 de-

455 235 521 266 7350

402 313 475 335 vore
500 299 596 333 ollicia
632 296 798 331 celebrare.
834 291 1033 339 Sepulturaui
1063 301 1143 337 quo-

981 234 1082 258 unum
1088 233 1169 256 iurat
1197 231 1359 255 ROMANUM

1948 222 1996 250 An.
2015 220 2042 248 c.
2068 220 2128 248 ¹¹7¹

1524 283 1591 319 LX.

202 361 285 384 cerua,
327 361 382 380 sum
398 363 457 398 que
481 350 579 395 ipsius
606 347 664 382 loci
688 347 815 380 liberam
839 355 907 378 csse
929 339 1142 381 concedimus,
1188 359 1387 402 privileqhnn
1409 369 1467 403 pro
1489 357 1673 391 monaslerio
1688 356 1935 390 Morimundensi

201 391 288 417 iusum,
307 396 346 412 etc.

222 1489 270 1509 (Tum
285 1490 353 1510 solius

236 1520 342 1540 ιἸΛιιςιιὶίεΔ

214 1608 323 1628 alexandri
339 1607 377 1627 PP.

197 1712 215 1727 vt
232 1710 250 1728 5,
268 1708 290 1728 ll.
306 1708 379 1729 Eccle-

209 1748 240 1759 m—
280 1741 378 1760 rai-diua-

198 1774 244 1790 ι.ε;ιη
284 1772 378 1791 subscri-

197 1806 253 1829 ption
264 1808 287 1822 >23

396 408 562 434 uteorum
598 395 756 431 devotioni
791 402 823 429 et
848 401 1005 427 extremae
1033 389 1144 424 volun-

398 449 468 489 tati,
495 447 548 495 qui
581 459 615 481 se
642 446 704 480 illic
737 443 860 491 sepeliri
890 438 1143 478 deliberaverint,

396 499 455 533 nisi
489 497 566 532 sorte
603 493 864 531 excommunicati
901 491 948 526 vel
989 488 1143 524 interdicti

395 548 468 592 sint,
492 547 596 582 nullus
617 546 762 579 obsistat:
791 543 873 578 salva
896 550 998 576 tamen
1027 538 1142 573 iustitia

396 598 519 632 illarum
534 596 760 635 Ecclesiarum,
783 605 797 627 a
816 592 932 640 quibus
948 598 1142 624 mortuorum

394 659 523 694 corpora
574 652 788 681 assumuntur.
833 642 866 676 lu
913 638 1144 687 parochialibus

395 697 505 731 vestris
524 695 676 735 ecclesiiS,
698 705 777 741 quas
796 691 919 731 tenetis,
942 690 1042 742 liceat·
1055 686 1144 721 vobis

394 746 576 780 sacerdotes
614 745 730 790 eligere
770 751 799 777 et
837 742 954 776 electos
994 748 1143 784 episcopo

395 805 647 841 repraesentare:
675 793 802 841 quibus,
830 792 854 826 si
878 789 981 825 idonei
1017 786 1143 842 fuerint,

394 846 563 892 episcopus
599 845 773 879 animarum
813 852 920 875 curam
957 844 1143 876 committat,

395 904 427 929 ut
450 895 488 929 dc
517 894 616 941 plebis
638 893 767 941 (pridem
790 898 864 926 c'ura
895 888 951 929 illi,
980 886 1067 922 vobis
1092 898 1145 920 au-

394 958 457 984 tem
473 949 511 984 de
530 948 757 997 temporalibus
784 945 919 981 debeant
943 940 1141 989 respondere.

395 1003 560 1038 Praeterea
582 1002 829 1050 processionem,
851 1010 945 1046 quam
973 997 1066 1031 babet
1087 995 1144 1030 Ec-

397 1057 491 1092 clesia
528 1064 625 1092 vestra
658 1057 686 1090 in
725 1055 836 1089 ultimo
862 1052 912 1087 die
940 1050 1058 1085 mensis
1085 1062 1141 1084 au-

395 1112 490 1157 gusti,
512 1111 550 1146 ab
572 1109 821 1157 archiepiscopis
842 1116 872 1142 et
890 1104 1049 1153 episeopis
1067 1103 1142 1138 Bur-

393 1165 569 1212 degalensis
594 1163 773 1212 provinciae
799 1162 837 1196 ab
864 1160 1002 1207 antiquis
1027 1167 1143 1206 tempo-

394 1219 480 1255 ribus
502 1219 727 1254 rationabiliter
753 1228 952 1255 concessam,
982 1214 1141 1248 nihilomi-

394 1287 454 1309 nus
488 1274 730 1313 confirmamus2
768 1270 981 1319 prohibentes,
1012 1280 1050 1303 ne
1077 1267 1141 1306 bis,

392 1329 443 1376 qui
472 1329 509 1363 ad
538 1328 682 1364 eamdem
707 1326 942 1375 processionem
970 1337 1008 1359 ex
1043 1323 1141 1358 devo-

393 1384 476 1418 tione
503 1383 717 1425 accesserint,
747 1380 853 1416 eundo
881 1379 927 1414 vel
961 1377 1141 1422 redeundo,

393 1438 506 1485 aliquis
540 1437 717 1473 molestiam
756 1435 804 1470 vel
841 1434 987 1469 iniuriam
1028 1432 1142 1467 inferre

394 1501 583 1539 praesumat.
626 1491 834 1526 Decernimus
873 1501 959 1536 crgo,
998 1496 1029 1522 ut
1064 1487 1141 1522 nulli

393 1547 521 1581 omnino
544 1546 713 1581 hominum
737 1545 828 1579 liceat
855 1551 914 1578 etc.
936 1543 1050 1577 Amen.

442 1600 512 1636 Eoo
539 1601 739 1635 ALExaxnan
772 1598 943 1634 catholicae
982 1597 1142 1633 Ecclesiae

392 1655 573 1704 episcopus.

441 1709 510 1756 Ego
531 1709 675 1744 Ubaldus
696 1708 852 1744 Ostiensis
879 1707 1056 1755 episcopus.

441 1764 510 1811 Ego
544 1763 751 1798 ildebrandus
788 1762 934 1797 basilicae
966 1761 1140 1796 Duodecim

393 1819 537 1867 Apostol.
567 1819 671 1866 presb.
700 1818 784 1853 card.

442 1874 510 1920 Ego
533 1873 664 1908 Ioannes
686 1873 770 1907 card.
793 1871 826 1906 S.
850 1870 1044 1905 Anastasiae.

443 1928 511 1973 Ego
532 1926 720 1962 Guillehnus
743 1926 827 1961 card.
857 1925 962 1960 Sancti
992 1925 1076 1959 Petri
1105 1924 1141 1958 ad

394 1982 539 2017 Vincula.

442 2037 509 2083 Ego
531 2037 616 2071 Boso
637 2035 721 2071 card.
745 2035 778 2069 S.
803 2033 1032 2069 Pudentianae.

442 2091 512 2138 Ego
532 2091 681 2126 lacintius
703 2089 784 2124 diac.
808 2088 892 2124 card.
911 2088 955 2122 tit.
979 2087 1012 2122 S.
1027 2086 1143 2121 Mariae

394 2146 425 2180 in
448 2145 631 2181 Cosniedin.

443 2200 512 2245 Ego
538 2198 721 2234 Mansrcdus
748 2197 828 2233 diac.
851 2197 933 2233 card.
958 2196 991 2232 S.
1015 2195 1142 2242 Georgii

395 2254 433 2289 ad
456 2253 569 2288 Velum
593 2253 734 2287 Aureum
758 2265 799 2287 ss.

446 2309 558 2344 Datum
582 2307 752 2343 Tusculani
777 2319 832 2354 per
854 2318 982 2341 manum
1004 2304 1143 2340 Gratiani

397 2371 521 2399 sanctae
542 2363 580 2397 P..
604 2362 642 2397 E.
670 2361 813 2396 subdiac.
841 2369 873 2396 et
894 2360 1017 2402 notarii,
1042 2359 1146 2394 idibus

399 2418 484 2457 maii,
512 2417 684 2452 indictione
713 2429 754 2457 ir,
794 2415 1017 2450 incarnationis
1043 2414 1146 2448 dorni-

399 2472 485 2507 nicae
511 2483 594 2505 anno
620 2482 758 2510 nerui,
788 2469 988 2517 pontificatus
1017 2468 1145 2503 Alexan-

399 2526 446 2560 dri
475 2525 536 2560 I’P.
564 2525 605 2559 ΙΙΙ
629 2537 711 2559 auno
733 2537 788 2559 xii.

470 2587 528 2617 Dat.
551 2587 596 2617 die
624 2588 656 2616 15
675 2587 742 2616 maii
763 2595 838 2615 anuo
861 2585 973 2615 [bomini
998 2585 1079 2622 llil,

645 2631 744 2662 nonus.
768 2639 843 2660 anno
859 2639 906 2659 xii.

1234 410 1351 442 ordinis
1387 408 1546 442 Cistercen.
1584 407 1790 441 Mediolanen.
1817 407 1934 439 dioece-

1235 459 1274 492 sis
1302 460 1364 501 (4).

1442 526 1658 557 SUMMARIUM

1187 595 1374 625 l'rooeinium.
1406 612 1444 617 —
1475 594 1683 624 Monasterium
1716 593 1771 623 sub
1795 594 1824 624 S.
1856 593 1932 623 Petri

1227 640 1406 678 protectione
1424 640 1528 679 recipit
1539 638 1729 676 Pontifex3—
1743 638 1774 667 ln
1787 647 1820 667 eo
1833 647 1934 667 mona-

1225 685 1329 714 sticum
1346 685 1478 714 ordinem
1498 686 1608 714 servari
1628 683 1779 723 praecipit;
1799 700 1838 705 —
1856 681 1932 712 Bona

1226 730 1322 759 onmia
1352 730 1378 759 ei
1410 730 1582 762 confirmat:
1604 746 1644 751 —
1673 728 1802 764 Quorum
1835 727 1932 767 aliqua

1225 779 1386 803 enumerat.
1409 791 1449 796 —-
1469 773 1613 803 Nonnulla
1632 773 1764 803 concedit
1782 773 1932 812 privilegia

1218 828 1276 858 ‘pro
1309 819 1520 848 monachornm
1554 818 1762 848 indemnitate.
1784 833 1824 839 —
1849 817 1932 852 Quod

1225 863 1299 892 nulli
1322 863 1534 893 monachorum
1556 863 1643 892 liceat
1661 867 1727 902 post
1744 862 1848 892 factam
1869 871 1934 900 pro-

1226 908 1384 937 fessionem
1407 916 1462 937 suo
1485 907 1567 937 libito
1586 917 1601 936 e
1623 909 1747 937 mo'nast.
1770 907 1879 945 egredi.
1894 923 1932 930 —

1225 952 1379 982 Decretum
1407 951 1601 981 immunitatis
1623 962 1637 980 a
1661 960 1847 990 quacumque
1869 959 1932 980 mo-

1224 997 1317 1026 lestia.
1354 1013 1393 1018 —
1422 996 1531 1026 Solitae
1553 996 1691 1036 poenales
1714 996 1930 1026 conclusiones.

1223 1059 1262 1064 -
1283 1041 1440 1072 Alexandri
1462 1041 1516 1070 PP.
1535 1045 1562 1071 et
1581 1040 1609 1071 S.
1628 1041 1661 1070 R.
1683 1041 1714 1070 E.
1737 1040 1930 1071 cardinalium

1225 1086 1469 1126 subscriptiones.

1184 1158 1330 1186 Alexander
1349 1158 1489 1194 episcopus
1508 1164 1602 1186 servus
1622 1164 1760 1186 servorum
1778 1157 1833 1191 Dei,
1865 1156 1931 1186 dile·

1229 1211 1283 1240 ctis
1301 1211 1376 1246 filiis,
1394 1212 1487 1241 Iacobo
1507 1211 1600 1240 abbati
1618 1212 1777 1240 monasterii
1800 1211 1932 1240 Ecclesiae

1228 1262 1253 1290 S.
1277 1262 1377 1290 Mariae
1401 1262 1574 1294 morimundi,
1610 1262 1679 1297 quod
1708 1261 1790 1290 iuxta
1813 1262 1932 1290 Ticinum

1227 1311 1312 1340 situm
1322 1313 1376 1344 est,
1391 1312 1502 1347 eiusque
1521 1311 1657 1340 fratribus
1675 1313 1735 1340 tam
1743 1311 1931 1347 praesentibus

1229 1368 1308 1396 quam
1325 1361 1428 1390 futuris
1446 1361 1598 1397 regularem
1623 1362 1710 1390 vitam
1727 1360 1928 1397 profitentibus.

1227 1410 1255 1438 iu
1272 1412 1444 1447 perpetuum.

1233 1476 1424 1523 Religiosaui
1452 1477 1544 1512 vitam
1567 1476 1755 1524 eligentibus
1776 1477 1929 1524 apostoli·
1969 1491 2101 1514 emmaum.

1185 1538 1254 1560 cum
1278 1528 1425 1562 convenit
1445 1527 1554 1562 adesse
1576 1527 1778 1574 praesidium,
1797 1539 1835 1561 ne
1852 1526 1930 1562 forte

1185 1576 1350 1611 cuiuslibet
1385 1577 1568 1612 temeritatis
1594 1577 1738 1612 incursus
1759 1583 1813 1611 aut
1838 1588 1893 1611 eos
1913 1588 1929 1611 a

1186 1626 1344 1674 proposito
1368 1635 1500 1666 revocet,
1527 1634 1581 1661 aut
1603 1626 1708 1670 robur,
1730 1625 1813 1673 quod
1839 1626 1930 1667 absit,

1185 1688 1289 1710 sacrae
1316 1676 1477 1723 religionis
1499 1676 1654 1723 infringat.
1681 1675 1866 1723 Eapropter,
1888 1675 1932 1710 di·
1957 1681 2124 1718 Mon-werium,

1186 1725 1254 1760 lecti
1284 1727 1314 1760 in
1338 1725 1473 1761 Domino
1497 1726 1562 1771 filii⁷
1584 1726 1693 1760 vestris
1716 1725 1805 1759 iustis
1828 1711 2125 1772 postti·{¹‡2.0,fq1{0„gssi2'.¹

1186 1775 1355 1810 lationibus
1377 1776 1548 1811 clementer
1575 1776 1765 1815 annuimus,
1794 1783 1824 1809 et
1846 1776 1993 1821 prae-cipil
2008 1774 2112 1796 ''mstis“-

1186 1824 1280 1859 fatum
1304 1826 1543 1865 monasterium,
1570 1825 1601 1860 in
1624 1837 1687 1872 quo
1713 1825 1818 1859 divino
1846 1836 1930 1859 man-

1185 1875 1276 1921 cipati
1310 1876 1384 1910 estis
1409 1875 1584 1922 obsequio,
1624 1875 1683 1910 sub
1716 1874 1752 1909 B.
1786 1873 1871 1908 Petri
1898 1882 1930 1908 et

1186 1932 1289 1959 nostra
1325 1925 1518 1972 protectione
1549 1925 1761 1972 suscipimus,
1788 1931 1818 1958 et
1844 1936 1930 1970 prae·

1185 1975 1282 2009 sentis
1304 1975 1411 2022 scripti
1439 1975 1600 2021 privilegio
1627 1973 1880 2014 communimus;
1897 1973 1926 2007 in

1187 2024 1295 2071 primis
1316 2024 1471 2071 siquidem
1502 2032 1685 2069 statuentes,
1712 2032 1746 2058 ut
1766 2023 1843 2058 ordo
1865 2034 1929 2057 mo·
1956 2033 1979 2055 in
2001 2039 2027 2055 00
2049 2040 2124 2055 mona-

1187 2075 1336 2118 nasticus,
1358 2075 1408 2121 qui
1431 2074 1606 2108 secundum
1629 2074 1745 2117 Deum,
1767 2081 1797 2108 et
1824 2072 1854 2106 b.
1870 2072 1928 2106 Bc·
1942 2066 2126 2123 ζξξξζζίᾞζζξῖ

1187 2123 1300 2158 nedieti
1333 2123 1492 2169 regulam,
1526 2132 1620 2171 atque
1653 2123 1792 2158 instituta
1813 2121 1980 2156 cister-1211-

1186 2173 1337 2208 cieusium
1359 2174 1500 2214 fratrum,
1523 2174 1553 2208 in
1572 2173 1683 2208 eodem
1700 2173 1767 2208 loco
1790 2171 1929 2206 noscitur

1188 2223 1366 2267 institutus,
1400 2223 1562 2270 perpetuis
1595 2222 1711 2257 ibidem
1733 2221 1929 2268 temporibus

1187 2272 1405 2308 inviolabiliter
1432 2273 1624 2308 observetur.
1647 2272 1811 2307 Praeterea
1839 2283 1930 2317 quas-

1186 2334 1322 2370 cumque
1356 2323 1582 2370 possessiones,
1609 2333 1827 2370 quaecumque
1849 2320 1928 2355 bona

1187 2376 1269 2411 idem
1298 2377 1520 2412 monasterium
1544 2376 1833 2424 impraesentiarum
1850 2375 1930 2409 iuste

1187 2439 1217 2466 et
1239 2431 1389 2466 canonice
1411 2431 1564 2479 possidet,
1581 2439 1634 2466 aut
1652 2430 1682 2464 in
1707 2429 1845 2464 l'uturum
1860 2441 1931 2463 con-

1187 2486 1329 2521 cessione
1350 2485 1551 2526 Pontificum,
1571 2484 1734 2531 largitione
1760 2495 1868 2530 regum
1885 2481 1930 2516 vel

1222 2552 1261 2586 (i)
1278 2551 1315 2578 Ex
1332 2551 1471 2578 Tabulario
1487 2554 1599 2578 monast.
1618 2550 1695 2576 huius
1719 2548 1801 2575 edidit
1815 2547 1930 2581 ughell„

1187 2592 1314 2667 Loichissilt„
1333 2595 1393 2619 tom.
1416 2599 1454 2621 iv,
1477 2591 1519 2618 ubi
1545 2591 1577 2618 de
1603 2589 1730 2617 Riboaldo
1757 2587 1929 2615 Mediolanen.

1959 2316 2014 2337 Bana
2026 2317 2095 2337 numia
2105 2317 2125 2338 ol

1945 2349 2066 2372 coelii-man
