2180 3205
412 243 458 276 34

364 306 479 342 canoni
506 305 606 353 papali
641 304 680 340 ab
710 304 859 351 episcopo
892 312 1002 351 quarta
1027 312 1110 351 parte

361 354 558 390 decimarum
586 354 676 398 dari,
710 352 908 408 temporibus
935 365 1007 388 vero
1034 352 1111 387 reli-

360 405 433 451 quis
459 405 490 438 in
517 403 728 450 dispositione
757 402 896 449 episcopi
923 401 1109 449 praesiden-

152 265 200 289 An.
223 263 250 289 C.
270 263 335 290 10(ιὸ

189 317 201 336 A
212 317 322 335 vindi-nivii»

152 343 336 369 quartaedecima-

165 384 167 388 .
179 377 195 389 [ΙΙ

151 448 334 501 ¹¹¹.;¹¹¹‡]}¹¹¹f¹fi{f²{„¹
361 453 458 492 tibus,
485 452 670 506 episcopum
697 463 770 486 vero
806 451 1003 485 medietatem
1039 463 1110 485 om-

152 505 245 547 ¹5¹¹¹¹¹¹¹³¹5¹¹
256 508 289 547 ¹3
276 504 334 553 ¹¹¹¹¹¹¹ss
360 501 449 536 nium
472 500 694 548 primitiarum,
717 499 903 546 tertiamque
932 500 1026 534 totius
1053 500 1110 534 ob-

150 560 258 581 09¹⁵⁰⁰1⁰
360 549 484 584 lationis
516 558 701 584 cunctarum
733 549 946 584 Ecclesiarum
987 549 1110 602 episco-

361 607 464 653 patus,
492 598 631 633 sitorum
666 610 702 633 ac
729 606 940 637 mortuorum,
979 605 1042 632 tam
1078 610 1108 631 m

359 648 472 691 terris,
498 659 593 694 quam
621 647 652 681 in
689 647 816 690 vineis,
855 646 1026 681 mobilibus
1062 646 1108 680 vel

359 696 592 740 immobilibus,
619 708 674 730 seu
700 696 868 731 cuiuslibet
888 695 1011 741 generis
1034 706 1109 741 pos-

149 780 167 793 ¹¹
176 747 334 794 2¹¹¹1ffl¹¹¹¹¹¹¹¹33
359 745 556 780 sessionibus
586 745 701 780 habere
733 745 939 780 censuimus:
974 743 1110 779 oblatio-

147 780 210 822 nulia
358 794 452 829 nibus
484 795 683 840 antiquorum
712 793 974 828 monasteriorum
1015 804 1109 827 exce-

359 843 433 891 ptis,
457 842 612 882 videlicet
637 842 671 877 S.
690 842 854 890 Αιηῖῃωὶ,
878 841 911 876 S.
927 841 1108 880 Salvatoris‚

360 904 418 927 nec
457 904 520 926 non
547 891 581 926 S.
617 891 800 931 Benedicti,
831 899 860 926 et
888 890 996 925 Sancti
1024 890 1106 924 Petri

149 936 333 982 ¹¹J⁸⁰¹¹j¹¹ss¹¹¹3⁶2¹¹k
360 941 390 975 in
418 940 550 987 Campo.
574 939 730 974 Addimus
761 940 866 978 etiam
891 939 975 986 quod
1004 939 1109 973 nullus

149 989 511 1035 5¹5¹¹¹³¹¹13¹3fjlaicorum
534 988 689 1023 Ecclesias
711 997 834 1029 tenere,
859 988 904 1022 vel
934 988 1109 1022 oblationes

148 1042 246 1063 ¹¹⁰⁰¹¹¹⁹⁵·
362 1039 502 1073 vivorum
527 1046 558 1072 et
583 1046 779 1072 mortuorum
802 1038 832 1071 in
862 1037 1006 1083 pioprios
1034 1049 1108 1070 usus

361 1096 542 1142 retorquere
582 1094 779 1133 praesumam
818 1093 891 1120 sunt
922 1086 1008 1118 enim
1039 1085 1109 1139 plu-

359 1136 452 1176 rimi,
488 1135 543 1182 qui
570 1134 797 1169 ecclesiasticas
823 1146 890 1172 res,
920 1134 1008 1179 quasi
1041 1133 1108 1167 iure

359 1183 570 1219 haereditario
596 1195 611 1217 a
649 1183 832 1230 parentibus
866 1182 925 1216 sibi
963 1182 1108 1222 relictas,

360 1233 561 1287 impudenter
587 1239 753 1278 usurpant,
781 1230 878 1285 quod,
905 1230 977 1277 quia
1004 1230 1109 1265 eccle-

360 1281 495 1316 siasticis
532 1280 769 1315 statuitionibus
802 1280 896 1314 nimis
929 1286 1108 1326 oppugnat,

148 1368 168 1382 c
166 1334 333 1381 ⁸¹¹3¹¹¹2¹⁰Og²
360 1330 463 1365 modis
499 1329 648 1364 omnibus
682 1329 872 1364 inhibemus.
907 1328 1109 1375 Quicumque

148 1367 332 1434 n=⁹cn¹¹r³⁹1u
361 1391 436 1425 ergo
465 1378 629 1413 temerario
663 1390 740 1413 ausu
772 1378 846 1412 huic
881 1385 1004 1412 nostrae
1037 1388 1110 1411 san-

148 1415 175 1435 ⁰b
193 1419 286 1434 ΜΝ
363 1428 459 1463 ctioni
496 1427 689 1471 contraierit,
718 1434 749 1461 et
782 1427 843 1461 hoc
870 1433 1013 1461 nostrum
1039 1437 1111 1472 apo-

365 1476 512 1512 stolicum
550 1453 711 1510 decretuin
750 1476 782 1509 in
818 1482 918 1509 totum
952 1482 1110 1521 partemve

365 1524 539 1571 infregerit,
571 1524 597 1558 si
623 1536 661 1559 ex
688 1525 785 1559 sacris
811 1523 974 1558 ordinibus
1006 1523 1109 1566 suerit,

365 1575 412 1609 sui
447 1573 567 1608 ordinis
599 1572 775 1619 periculum
803 1573 957 1613 incurrat3
984 1573 1010 1605 si
1039 1583 1110 1606 vero

362 1622 473 1663 laicus,
507 1629 632 1656 nostrae
668 1621 856 1668 apostolicae
890 1620 1110 1655 excommuni-

363 1671 479 1706 cationi
517 1670 687 1705 subiaceat.
729 1670 769 1705 Et
807 1670 936 1717 insuper
970 1669 1110 1703 bannum

362 1728 506 1755 nostrum
539 1727 708 1766 componat
733 1719 930 1765 septuaginta
966 1718 1110 1752 videlicet

363 1769 473 1816 optimi
486 1768 554 1803 auri
567 1768 680 1808 libras,
695 1768 894 1803 medietatem
907 1767 1109 1801 Lateranensi

363 1818 492 1865 palatio,
525 1817 724 1852 medietatem
751 1817 830 1863 parti
864 1824 1007 1850 nostrum
1034 1828 1112 1862 apo-

363 1866 509 1902 stolicum
533 1865 667 1900 servanti
687 1865 858 1900 decretum.

414 1915 530 1950 Datum
552 1914 701 1949 Perusiae
721 1914 813 1949 tertio
828 1913 887 1948 kal.
911 1913 1042 1948 ianuarii
1059 1925 1113 1960 per

365 1976 479 1999 manus
499 1963 585 1998 Petri
608 1962 742 2007 Clerici,
764 1962 924 2008 fungentis
940 1963 1005 1996 vice
1027 1961 1110 1996 Petri

365 2013 400 2048 S.
428 2012 468 2047 R.
496 2012 534 2046 E.
568 2011 770 2055 subdiaconi,
798 2023 834 2046 ac
865 2010 1112 2051 bibliothecarii,

364 2074 416 2097 an.
435 2061 474 2095 ab
495 2061 710 2095 incarnatione
726 2060 855 2094 Domini
876 2061 980 2098 1068,
1003 2059 1112 2106 pontif.

366 2123 441 2145 vero
456 2110 495 2144 D.
511 2108 682 2144 Alexandri
705 2108 733 2143 ll
756 2120 839 2143 anno
852 2120 913 2151 vn,
927 2108 1033 2142 indict.
1054 2120 1112 2142 vii.

389 2166 451 2196 Dat.
471 2165 518 2196 die
537 2165 575 2195 30
593 2165 758 2195 decembris
777 2174 852 2194 anno
871 2164 986 2194 Domini
1004 2165 1091 2200 1008,

520 2204 625 2244 pontif.
644 2204 802 2234 Alexandri
821 2213 897 2234 anno
916 2212 963 2233 vu.

694 2304 766 2339 XV.

372 2372 569 2418 Confirmatio
591 2373 748 2406 erectionis
769 2379 795 2405 et
823 2372 990 2405 dotationis
1023 2371 1118 2404 Cano-

417 2423 505 2455 m'cae
536 2422 572 2455 S.
606 2421 731 2455 Mariae
756 2422 789 2454 in
815 2421 984 2465 Spoletana
1015 2420 1118 2452 cathe-

419 2471 505 2503 drali
523 2477 635 2503 erectae
647 2471 686 2504 ab
696 2471 823 2504 Andrea
837 2471 975 2514 episeopo
987 2469 1119 2502 eiusdem

418 2519 573 2552 Ecclesiae
594 2520 648 2560 (l).

372 2574 504 2637 ςοῖιὶῄλῖὶ)
518 2574 638 2610 originali
652 2574 734 2602 edidit
750 2574 851 2609 Ugheil.
869 2573 927 2602 Ital.
939 2574 997 2601 Sac.
1015 2576 1081 2601 tom.
1099 2581 1119 2606 1,

947 249 1135 273 BULLARIUM
1159 249 1324 272 ROMANUM

1422 299 1635 332 SUMMARIUM

1151 370 1319 400 Exordium.
1335 387 1374 392 —
1388 369 1466 399 Bona
1483 370 1703 406 consumantur,
1719 373 1747 399 et
1761 369 1816 399 sub
1835 378 1901 408 pro-

1192 410 1317 439 tectione
1337 409 1365 440 S.
1384 409 1417 438 A.
1438 410 1630 448 recipiuntur.
1655 408 1899 439 —Enumeiatio

1192 450 1362 479 huiusmodi
1389 449 1613 478 bonoru1n.—-
1642 447 1818 478 Eorumdem
1838 448 1898 477 im-

1192 489 1319 518 munitas
1343 489 1378 518 ab
1399 489 1478 518 omni
1502 488 1654 523 molestia,
1672 489 1698 517 vi
1717 492 1771 517 etc.
1798 488 1901 517 cuins-

1190 537 1315 567 cumque
1350 537 1503 567 personae.
1533 544 1573 549 —-
1606 528 1766 556 Anathema
1800 532 1898 556 contra

1191 568 1353 597 sanctionis
1373 568 1461 597 huius
1481 567 1647 596 violatores.

1149 637 1297 666 Alexander
1313 638 1453 674 episcopus
1473 643 1567 665 servus
1589 643 1728 664 servorum
1743 636 1799 669 Dei,
1819 636 1897 665 Petro

1194 682 1342 710 venerabili
1361 682 1517 718 praeposito
1533 681 1680 709 canonicae
1706 681 1819 709 Sanctae
1844 681 1898 709 Ma-

1194 727 1252 755 riae
1268 728 1296 755 in
1315 727 1426 755 matrice
1442 726 1558 755 Ecclesia
1569 726 1704 761 spoletani
1719 726 1900 761 episcopatus.

1195 771 1305 807 suisque
1322 771 1532 804 successoribus,
1552 771 1580 798 in
1599 771 1768 806 perpetuum.

1198 841 1355 883 Quoniam
1372 842 1494 876 divinae
1510 841 1720 876 miserationis
1733 841 1900 876 clementia

1152 903 1209 925 nos
1227 891 1256 924 in
1273 892 1401 945 speculo
1416 891 1601 925 universalis
1616 890 1900 925 administrationis

1150 940 1323 980 constituit,
1346 952 1382 974 ex
1404 939 1655 974 consideratione
1677 939 1775 973 nostii
1809 939 1901 974 officii

1150 1001 1197 1022 co
1189 989 1316 1034 giinur,
1351 988 1506 1023 universis
1534 987 1684 1022 Ecclesiis
1722 988 1898 1042 providere.

1150 1036 1288 1083 Ideoque
1312 1045 1377 1071 tum
1403 1037 1563 1082 rogatione
1595 1037 1736 1083 episcopi
1763 1038 1804 1071 tui
1828 1036 1902 1070 An-

1151 1085 1254 1123 dreae
1271 1094 1335 1119 tum
1359 1085 1420 1119 tuis
1441 1085 1562 1119 devotis
1577 1085 1735 1132 precibus,
1758 1085 1902 1119 Amande

1152 1134 1205 1173 fili,
1233 1134 1316 1174 flexi,
1333 1142 1362 1168 te
1383 1143 1516 1180 tuosque
1543 1134 1664 1174 fratres,
1679 1146 1714 1168 ac
1730 1134 1899 1180 praefatam

1151 1181 1343 1216 Canonicam
1378 1195 1449 1217 cum
1489 1182 1638 1216 omnibus
1673 1182 1730 1216 sibi
1762 1182 1904 1228 legaliter

1153 1231 1383 1277 pertinentibus
1401 1231 1460 1265 sub
1473 1231 1649 1265 munimine
1664 1242 1699 1265 ac
1714 1231 1808 1266 tutela
1823 1243 1902 1277 apo-

1151 1279 1279 1314 stolicae
1307 1280 1502 1314 defensionis
1536 1280 1742 1326 suscipimus;
1770 1288 1800 1314 et
1824 1292 1904 1314 con-

1151 1328 1314 1363 firmamus
1347 1329 1502 1375 praefatae
1530 1328 1711 1363 Canonicae
1749 1327 1901 1376 quicquid

1152 1389 1237 1411 nunc
1258 1377 1339 1412 iuste
1367 1377 1479 1416 habet,
1502 1385 1532 1411 et
1558 1377 1707 1424 quicquid
1724 1377 1904 1424 praedictus

1151 1425 1294 1461 Andreas
1332 1426 1504 1473 episcopus
1545 1426 1686 1461 eiusdem
1729 1426 1901 1470 Ecclesiae,

1151 1474 1253 1509 eidem
1273 1475 1455 1510 Canonicae
1471 1474 1597 1508 tradidit
1622 1483 1715 1522 atque
1736 1475 1904 1515 concessit,

1150 1523 1295 1558 videlicet
1313 1523 1434 1570 plebem
1458 1523 1564 1558 Sancti
1583 1523 1710 1559 Ioannis
1724 1524 1756 1558 in
1770 1523 1903 1570 Campo,

1151 1580 1182 1607 et
1199 1572 1352 1607 decimam
1368 1573 1502 1607 Sanctae
1517 1571 1634 1607 Mariae
1648 1572 1678 1606 in
1694 1572 1816 1620 Campo
1830 1584 1902 1607 cum

1152 1621 1272 1655 decima
1287 1620 1465 1656 Azzaninae
1477 1620 1617 1660 Fractae,
1636 1633 1672 1656 ac
1695 1621 1784 1668 plebe
1796 1621 1903 1656 Sancti

1152 1669 1295 1716 Gregorii
1312 1671 1343 1704 in
1362 1670 1454 1710 Nido,
1476 1678 1507 1703 et
1527 1670 1641 1704 curtim
1662 1670 1769 1705 Sancti
1790 1669 1905 1716 Angeli

1153 1719 1183 1752 in
1194 1718 1304 1764 Capite
1315 1731 1386 1753 cum
1401 1718 1551 1753 omnibus
1567 1718 1643 1753 infra
1657 1731 1690 1754 se
1702 1719 1905 1762 habentibus,

1153 1776 1181 1801 et
1218 1767 1342 1814 plebem
1376 1768 1414 1802 de
1447 1767 1618 1812 Verelano,
1652 1776 1683 1802 et
1715 1768 1839 1815 plebem
1866 1768 1906 1802 de

1152 1816 1283 1858 Tui-ino,
1305 1824 1335 1850 et
1358 1816 1482 1863 plebem
1497 1815 1536 1850 de
1557 1816 1715 1861 Bernano,
1729 1825 1759 1851 et
1777 1817 1903 1864 plebem

1153 1865 1191 1899 de
1213 1864 1399 1909 Lederano‚
1426 1873 1456 1899 et
1478 1872 1540 1899 tres
1573 1873 1676 1911 partes
1710 1866 1802 1900 totius
1828 1866 1906 1900 civi-

1153 1913 1241 1953 tatis,
1269 1913 1410 1948 decimae
1442 1913 1584 1948 videlicet
1616 1914 1797 1960 Spoletinae
1832 1926 1905 1948 cum

1153 1962 1251 1996 tribus
1291 1962 1432 2009 partibus
1466 1961 1662 1996 oblationum
1702 1963 1842 1997 vivorum
1869 1974 1906 1997 ac

1154 2019 1362 2052 mortuorum,
1389 2020 1420 2045 et
1447 2020 1558 2045 terram
1577 2018 1671 2045 totam
1695 2011 1905 2058 pertinentem

1156 2059 1310 2106 praefatae
1325 2059 1515 2100 Canonicae,
1530 2068 1560 2094 et
1581 2060 1732 2106 quicquid
1749 2060 1906 2106 praedicta

1155 2108 1316 2143 Canonica
1347 2108 1497 2155 deinceps
1528 2109 1608 2143 iuste
1640 2109 1850 2155 acquisitura,
1877 2118 1908 2144 et

1156 2165 1217 2191 tam
1240 2157 1404 2203 largitione
1421 2157 1569 2204 praedicti
1589 2158 1728 2205 episcopi
1751 2157 1907 2199 Andreae,

1157 2217 1221 2240 sive
1256 2218 1397 2240 omnium
1431 2218 1650 2241 successorum
1686 2207 1773 2250 eius,
1811 2218 1906 2253 quam

1157 2254 1314 2290 oblatione
1328 2267 1603 2302 quorumcumque
1624 2255 1763 2290 fidelium
1785 2255 1816 2289 in
1839 2255 1908 2301 ple-

1158 2303 1261 2344 bibus,
1279 2312 1309 2338 et
1323 2304 1483 2350 cappellis,
1499 2304 1642 2347 decimis,
1657 2312 1686 2338 et
1700 2303 1906 2350 pertinentiis,

1159 2353 1260 2393 terris,
1287 2360 1318 2387 et
1343 2353 1458 2393 vineis,
1495 2365 1551 2388 seu
1582 2352 1751 2387 cuiuslibet
1782 2352 1907 2398 generis

1160 2401 1429 2456 possessionibus:
1461 2402 1543 2436 salva
1574 2402 1603 2435 in
1636 2400 1784 2435 omnibus
1818 2413 1908 2435 reve-

1161 2450 1259 2484 rentia
1278 2451 1396 2497 proprii
1410 2450 1562 2504 episcopi.
1576 2449 1809 2484 Concedimns
1803 2457 1908 2496 itaque

1162 2497 1216 2532 tibi
1235 2499 1326 2533 Petro
1350 2499 1526 2546 praeposito
1552 2506 1582 2533 et
1603 2498 1750 2532 omnibus
1764 2498 1907 2532 eiusdem

1161 2545 1340 2582 Canonicae
1374 2547 1522 2582 fratribus
1551 2546 1723 2593 testrisque
1761 2558 1845 2581 omni
1839 2547 1908 2581 bus

1162 2596 1398 2632 successoiibus
1424 2596 1500 2632 haee
1533 2607 1661 2638 omnia,
1694 2607 1775 2643 quae
1812 2606 1909 2643 supra

1925 251 1973 275 An.
1994 247 2021 274 C.
2041 247 2107 275 1069

1951 848 2071 869 Exordium.

1954 1292 2013 1313 Bona
2037 1292 2112 1312 coufir-

1929 1322 2021 1342 mantur,
2037 1321 2057 1339 ot
2074 1319 2112 1339 sub

1929 1346 2060 1372 protectione
2090 1345 2113 1365 S.

1929 1374 1952 1393 Α.
1976 1372 2113 1397 recipiuntur.

1954 1583 2090 1604 Enumeratio

1929 1610 2048 1630 huiusmodi
2075 1610 2112 1630 bo-

1928 1642 2008 1659 norum.
