2180 3205
690 369 936 452 INDEX
990 369 1381 453 INITIALIS

398 538 641 574 BULLARUM
671 540 867 583 OMNIUM,
900 542 1002 583 011AE
1031 541 1074 576 IN
1105 542 1190 577 HOC
1219 542 1245 577 11
1275 543 1394 578 TOMO
1425 544 1666 579 HABENTUR

761 668 876 701 ordine
897 670 1099 712 alphabetico
1120 671 1302 714 dispositae.

642 1003 663 1032 Α

279 1105 469 1148 Accepimus
489 1116 507 1137 a
527 1105 731 1148 quibusdam,
753 1117 829 1149 paq.
853 1106 905 1138 46.

278 1160 430 1191 Actorum
452 1159 664 1202 synodalium.
688 1158 762 1191 915.

279 1212 326 1244 Ad
347 1212 548 1255 Apostolicae
569 1212 668 1249 Sedis,
694 1212 744 1245 99.

279 1265 325 1297 Ad
347 1265 542 1297 audientiam
565 1266 770 1308 apostolatus,
796 1265 867 1298 754.

278 1318 325 1351 Ad
347 1318 542 1351 audientiam
564 1325 718 1355 nostram,
744 1318 816 1351 710.

279 1371 326 1404 Ad
343 1371 422 1404 haec
444 1382 512 1408 nos,
538 1371 611 1403 901.

279 1424 325 1457 Ad
346 1424 406 1457 hoc
428 1424 458 1457 in
489 1425 690 1468 Apostolicae
723 1425 823 1463 Sedis,
844 1425 919 1464 949,
942 1424 1017 1462 300,

322 1477 397 1517 349,
418 1477 493 1515 375,
516 1477 592 1516 438,
613 1478 688 1517 461,
713 1478 787 1515 475,
811 1478 886 1516 480,
910 1478 983 1511 509,

278 1531 325 1563 Ad
346 1531 407 1563 hoc
428 1530 564 1563 iubenti
586 1531 681 1567 Petri,
703 1530 776 1564 380.

278 1584 325 1617 Ad
345 1583 404 1616 hoc
427 1584 457 1616 in
475 1590 583 1616 sancta
604 1585 700 1616 Matre
721 1585 875 1622 Ecclesia,
899 1584 972 1616 357.

278 1637 325 1670 Ad
345 1637 406 1669 hoc
428 1637 457 1669 in
479 1637 554 1669 sede
576 1637 723 1673 iustitiae.
747 1637 820 1670 580.

278 1691 325 1724 Ad
345 1690 405 1723 hoc
425 1690 528 1726 nobis,
553 1689 628 1730 356,
650 1690 725 1729 367,
749 1690 823 1727 381,
846 1691 919 1724 511.

278 1744 325 1777 Ad
346 1744 407 1777 hoc.
425 1744 525 1777 sancti
544 1745 663 1781 Patres„
689 1744 762 1776 550.

279 1797 326 1830 Ad
346 1797 406 1830 hoc
424 1797 612 1830 universalis
633 1798 783 1835 Ecclesia,
805 1798 878 1830 453.

279 1850 325 1883 Ad
347 1850 408 1883 hoc
429 1850 615 1883 universalis
636 1851 805 1888 Ecclesiae,
837 1850 910 1887 364,
944 1851 1017 1891 385,

323 1902 398 1941 389,
422 1902 496 1943 538,
522 1902 596 1943 540,
621 1902 695 1935 654.

279 1957 326 1989 Ad
347 1956 408 1989 hoc
429 1956 657 1988 universalium
676 1956 901 1994 Ecclesiarum,
928 1956 999 1989 715.

281 2010 329 2043 Ad
348 2010 565 2054 praesentium
587 2011 746 2048 notitiam,
771 2010 844 2043 159.

279 2063 462 2096 Admonere
484 2070 523 2100 te,
549 2064 658 2099 frater,
683 2063 734 2096 65.

278 2117 439 2151 Admonet
458 2127 526 2153 nos,
549 2116 621 2149 746.

280 2171 327 2204 Ad
347 2170 461 2204 Sedem
483 2170 711 2213 Apostolicam,
738 2170 788 2203 18.

280 2223 449 2267 AEquitatis
469 2230 499 2256 et
519 2223 668 2261 iustitiae,
690 2223 764 2256 460.

280 2276 419 2320 AEquum
437 2283 467 2310 et
487 2277 689 2317 rationabile,
713 2276 787 2318 488,
811 2277 885 2311 490.

281 2331 411 2364 AEterna
430 2336 461 2363 et
477 2331 761 2370 incommutabilis,
785 2330 859 2364 658.

281 2385 373 2416 Anno
387 2383 567 2416 dominicae
588 2383 818 2417 incarnationis
831 2395 930 2422 iuxcn,
946 2385 1018 2418 138.

282 2436 420 2480 Antiqua
439 2441 623 2468 sanctorum
645 2436 785 2476 Petrum,
807 2436 881 2470 104.

227 2496 235 2505 ·
281 2489 483 2533 Apostolicae
503 2489 644 2522 officium
666 2490 839 2532 dignitatis,
856 2490 930 2523 647.

282 2541 484 2586 Apostolicae
504 2542 603 2582 Sedis,
628 2542 702 2582 151,
735 2542 816 2583 170,
840 2543 914 2585 179,
950 2544 1020 2585 174,

327 2593 402 2635 958,
426 2593 500 2630 969,
524 2593 598 2630 970,
623 2594 697 2633 976,
726 2594 800 2633 317,
835 2595 910 2633 409,
946 2571 1042 2655 4331

327 2646 402 2685 548,
423 2646 498 2684 577,
521 2646 595 2687 619,
621 2646 693 2680 785.

1036 1002 1272 1036 ‹Arelatensem
1295 1004 1512 1046 metropolim,
1536 1003 1609 1036 609.

1054 1055 1269 1088 Atrebatensis
1290 1056 1439 1096 Ecclesia,
1463 1057 1537 1089 151.

1054 1108 1203 1146 Audistis,
1229 1109 1352 1149 fratres,
1379 1109 1428 1142 75.

1054 1162 1206 1194 Auditum
1228 1169 1273 1196 est
1293 1164 1377 1206 apud
1398 1174 1471 1202 nos,
1497 1163 1569 1197 ⁹202).

1053 1215 1240 1249 Audivimus
1261 1223 1289 1249 et
1311 1217 1486 1256 audientes,
1512 1217 1585 1250 200.

1054 1268 1159 1299 Austri
1181 1274 1311 1309 terram,
1336 1268 1409 1302 939.

1416 1376 1436 1408 Β

1054 1480 1147 1513 Beate
1168 1481 1270 1520 Petre‚
1296 1480 1346 1519 74,
1372 1480 1444 1513 107.

1054 1534 1224 1566 Beatorum
1247 1534 1329 1566 Petri
1351 1541 1380 1566 et
1398 1534 1498 1573 Pauli,
1524 1534 1596 1567 587.

1054 1586 1245 1619 Benedictus
1264 1587 1356 1623 Deus,
1382 1586 1454 1619 781.

1055 1640 1161 1673 Bonae
1180 1641 1366 1674 memoriae.
1392 1640 1464 1673 757.

1055 1693 1150 1726 Bonis
1169 1694 1316 1733 fratrum,
1341 1693 1414 1726 344.

1055 1747 1149 1779 Bonis
1170 1747 1382 1779 saecularium
1402 1747 1525 1786 studiis,
1550 1746 1623 1779 321-2.

1056 1800 1217 1832 Bonorum
1239 1800 1383 1833 omnium
1406 1800 1572 1841 Largitori,
1601 1799 1669 1831 166.

1056 1853 1160 1885 Bonus
1182 1859 1210 1884 et
1232 1853 1377 1894 diligens,
1402 1851 1476 1884 406.

1418 1960 1438 1991 C

1039 2066 1223 2100 Charitatis
1244 2066 1364 2098 bonum
1385 2072 1442 2105 est,
1466 2064 1540 2098 987.

1056 2120 1224 2153 Charitatis
1245 2126 1288 2152 est
1309 2120 1440 2159 donum,
1465 2118 1538 2151 953.

1056 2172 1253 2205 Christianae
1273 2172 1347 2205 fidei
1368 2172 1492 2215 religio,
1517 2171 1590 2204 618.

1057 2226 1183 2259 Clamor
1203 2225 1325 2258 abbatis
1346 2225 1590 2261 Aureliacemis.
1620 2224 1688 2256 110.

1057 2279 1251 2313 Clericorum
1267 2285 1387 2312 vestrae
1398 2278 1556 2311 Ecclesiae
1568 2288 1707 2316 causam,
1717 2277 1791 2310 «106,

1057 2332 1271 2366 Cluniacensis
1293 2331 1489 2371 monasterii,
1514 2330 1586 2363 984.

1057 2386 1290 2427 Cognoseentes
1310 2385 1395 2428 quod
1416 2384 1671 2424 Fructuariense,
1702 2385 1747 2416 17.

1057 2438 1231 2472 Commissa
1252 2438 1356 2477 nobis,
1380 2437 1454 2470 447.

1057 2491 1249 2524 Commissae
1267 2491 1370 2530 nobis,
1394 2489 1467 2530 560,
1492 2489 1566 2529 569,
1591 2489 1664 2529 704,
1688 2490 1761 2523 806.

1057 2543 1224 2578 Communi
1246 2550 1275 2576 et
1295 2543 1425 2586 speciali
1447 2543 1566 2584 debito,
1591 2542 1664 2576 794.

1058 2598 1183 2631 Constat
1205 2596 1376 2629 Ecclesiam
1398 2597 1636 2637 Coloniensem,
1659 2596 1712 2630 69.

1040 2657 1042 2660 '
1059 2649 1224 2684 Constituti
1246 2660 1263 2682 a
1283 2649 1429 2688 Domino,
1455 2649 1527 2683 735.

284 2699 457 2743 Apostolici
478 2700 719 2739 moderaminis,
743 2700 817 2738 596,
841 2701 915 2742 574,
947 2701 1021 2735 890.
1040 2673 1043 2735 1
1059 2702 1194 2744 Contigit
1215 2702 1303 2738 olim,
1328 2701 1400 2735 684.

353 2762 429 2789 Bull.
446 2761 528 2788 Rom.
550 2760 607 2786 Vol.
625 2761 662 2787 ΙΙ.
810 2774 816 2783 ·
884 2765 927 2788 111
