2180 3205
143 230 192 256 An.
213 228 241 256 C.
261 229 326 256 10215

143 345 217 363 trando

143 376 187 390 snm·

176 317 263 337 Pathum
278 317 326 337 Bet·-

241 350 325 365 runt-es-

408 209 474 242 156

350 286 425 309 nere
453 272 663 307 decernimus.
691 269 825 304 Palliutn
849 278 951 302 autem
989 268 1097 302 frater-

350 323 439 357 nitati
458 331 527 356 tuae
550 320 587 355 ad
614 321 778 353 missarum
804 327 923 351 tantum
946 317 1097 351 solemnia

349 370 537 406 celebranda
564 382 601 403 ex
631 381 716 402 more
738 367 958 407 concedimus3
986 367 1096 413 quoin

926 214 1115 236 bt'tlAettmi

348 466 506 513 quendam
530 464 568 499 ab
591 464 658 498 eius
677 463 840 498 monachis
857 458 1097 502 extumulatum,

348 524 379 550 et
413 515 491 549 infra
524 526 616 548 suum
647 513 873 547 monasterium
908 513 1096 546 tumulatum

348 564 492 599 asseruit.
521 562 605 597 luter
632 569 752 597 caetera
780 561 1007 608 praeiudicium
1040 561 1096 595 sibi

347 614 464 648 sactum
492 612 530 647 de
563 612 845 647 Tarraconensium
874 611 1096 657 episcoporum

347 662 562 697 subtractione
575 673 630 708 per
644 660 818 695 Romanam
833 660 1009 694 Ecclesiam
1028 672 1097 706 sup-

349 712 473 759 pliciter
500 710 666 749 intimavit,
701 722 773 744 curn
796 721 850 744 cos
882 708 1098 743 Narbonensis

347 759 532 807 metropolis
559 772 614 806 per
635 771 734 794 annos
761 758 1009 805 quadringentos
1031 758 1097 792 sine

347 811 476 845 alterius
488 809 649 844 Ecclesiae
667 808 888 843 reclamatione
913 807 1096 853 possederit.

347 860 460 894 Nostra
484 859 578 904 igitur
613 859 678 892 vice
706 858 735 891 in
759 857 902 904 partibus
929 856 992 890 illis
1026 856 1099 890 fun-

348 921 445 954 gens,
472 906 762 942 'Tarraconensibus
796 906 965 953 episcopis.
993 914 1097 939 nostra

347 959 532 993 auctoritate
555 956 744 1003 praecipito,
772 964 806 989 ut
827 956 954 989 interim
976 954 1096 988 Narbo-

346 1008 437 1041 nensi
486 1015 644 1052 tamquam
687 1004 813 1050 proprio
856 1003 1097 1050 metropolitano

347 1056 508 1095 obediant,
531 1055 630 1089 donec
654 1061 830 1100 praestante
854 1052 992 1087 Domino
1018 1052 1098 1086 Tar-

347 1105 529 1140 raconensis
552 1111 741 1138 restauretur
766 1101 918 1136 Ecclesia.
944 1101 1097 1136 Toletano

346 1162 450 1189 autern
489 1155 567 1187 sicut
603 1152 724 1198 primati
762 1151 967 1185 rerer-entiam
1006 1150 1097 1185 exhi-

346 1203 453 1245 beant,
476 1202 579 1237 denec
599 1200 815 1235 Narbonensis
836 1199 1097 1246 archiepiscopus

347 1265 381 1287 se
417 1264 524 1286 eorum
555 1250 721 1298 primatem
760 1249 857 1284 fuisse
882 1257 964 1284 certa
999 1249 1097 1295 possit

345 1301 533 1336 auctoritate
557 1307 741 1334 monstrare.
764 1299 857 1333 'Novit
872 1298 1028 1344 siquidem
1046 1307 1095 1333 tua

346 1350 527 1384 fraternitas
555 1350 719 1396 primatem
742 1360 758 1382 a
785 1348 876 1382 nobis
907 1347 1096 1382 Toletannm

1145 212 1304 234 titulatam!

1141 266 1305 312 suscriptis
1331 264 1382 298 tibi
1407 262 1607 297 solummodo
1625 262 1731 297 licebit
1750 261 1792 296 uti
1817 261 1892 297 die-

1142 316 1212 353 bos,
1234 315 1352 349 seilicet
1375 313 1489 347 diebus
1508 313 1538 346 in
1562 312 1728 346 Nativitate
1752 311 1891 352 Domini,

1141 366 1169 399 iu
1194 363 1385 411 Epiphania,
1415 363 1444 396 in
1468 361 1619 395 omnibus
1641 361 1750 395 beatae
1773 361 1890 395 Mariae

1141 413 1370 454 sestiritatibus,
1400 412 1428 445 iu
1456 409 1563 445 Coena
1590 409 1734 450 Domini,
1769 410 1800 444 in
1831 409 1892 444 Re-

1140 463 1333 497 surrectione
1367 459 1495 499 Domini
1525 459 1650 494 duobus
1685 458 1817 499 diebus,
1856 459 1890 494 in

1142 511 1334 546 Ascensione
1370 509 1508 550 Domini,
1544 509 1575 543 in
1602 508 1825 548 Pentecosten,
1857 508 1889 542 in

1140 561 1305 595 Natis-itate
1328 559 1408 594 beati
1426 557 1563 602 loannis,
1586 558 1617 592 in
1634 556 1791 592 natalibus
1807 557 1891 604 Apo-

1139 611 1290 645 stolorum
1307 609 1462 651 omnium,
1482 608 1512 641 in
1535 607 1613 642 festo
1633 607 1714 641 beati
1744 606 1888 648 Martini,

1140 659 1169 693 iu
1207 657 1460 694 solemnitatibus
1496 664 1676 691 sanctorum
1717 664 1889 703 martyrum

1140 708 1214 743 Iusti
1237 717 1266 742 et
1289 707 1438 747 Pastoris,
1461 718 1497 741 ac
1519 706 1605 740 Pauli
1634 705 1837 745 confessoris,
1855 705 1888 740 in

1139 758 1374 792 consecratione
1414 756 1635 802 episcoporum
1674 763 1705 790 et
1735 754 1891 789 Ecclesia-

1140 819 1220 844 rum,
1249 808 1278 840 in
1306 806 1504 840 ordinatione
1532 805 1732 840 elericorum.
1765 803 1801 838 In
1824 816 1888 851 quo

1140 856 1215 902 quid
1251 855 1401 902 ponderis
1441 855 1508 899 tibi⁷
1535 867 1569 888 ac
1592 853 1802 888 solicitudinis
1836 854 1889 888 in-

1140 904 1502 950 iutigitur·,corisiderat‘e
1517 912 1546 938 te
1561 903 1802 949 diligentissime
1815 915 1889 938 con-

1140 955 1233 988 venit.
1257 954 1359 988 Huius
1380 954 1464 988 enim
1488 952 1663 987 indumenti
1687 952 1797 993 honor,
1824 952 1887 987 hu-

1140 1003 1270 1043 militas,
1311 1012 1404 1049 atque
1440 1002 1554 1036 iustitia
1593 1010 1649 1036 est.
1695 1001 1773 1035 Tota
1812 1013 1887 1048 ergo

1139 1061 1243 1087 mente
1270 1052 1444 1098 fraternitas
1471 1059 1572 1085 restra
1599 1063 1632 1085 se
1659 1050 1808 1085 exhibere
1835 1051 1889 1086 se—

1138 1102 1232 1136 stinet
1254 1101 1284 1135 in
1309 1101 1467 1148 prosperis
1489 1099 1653 1140 humilem,
1681 1100 1755 1134 etin
1777 1099 1888 1135 adver-

1137 1151 1198 1194 sis,
1220 1151 1245 1185 si
1268 1152 1394 1197 quaudo
1420 1150 1575 1189 venerint,
1597 1161 1668 1183 cum
1689 1149 1811 1183 iustitia
1823 1161 1890 1184 ere-

1137 1208 1230 1238 ctam,
1244 1200 1375 1234 amicam
1394 1199 1497 1242 bonis⁷
1518 1198 1673 1244 perversis
1687 1197 1887 1240 contrariam,

1138 1249 1257 1283 nullius
1284 1261 1422 1296 unquam
1457 1248 1565 1283 faciem
1591 1256 1698 1282 contra
1727 1247 1886 1283 veritatem

1138 1299 1314 1345 recipiens,
1355 1297 1472 1332 nullius
1511 1309 1650 1343 unquam
1687 1296 1800 1331 faciem
1831 1309 1888 1344 pro

1137 1348 1265 1382 veritate
1292 1347 1473 1393 loquentem
1509 1358 1677 1393 premens,
1704 1346 1888 1380 misericor-

347 1400 393 1434 sic
417 1400 607 1437 institutum,
636 1406 669 1432 ut
690 1397 772 1432 salta
793 1398 855 1432 sint
881 1396 1097 1442 metropolita·
1114 1401 1118 1436 ἑ
1137 1396 1206 1431 diae
1228 1396 1378 1443 operibus
1405 1396 1491 1430 iuxta
1520 1395 1667 1429 virtutem
1690 1394 1887 1430 substantiae

347 1461 461 1483 norum
499 1447 659 1494 privilegia
695 1455 900 1481 caeterorum.
941 1446 1095 1480 Abbatem
1113 1437 1118 1472 Ῑ
1138 1446 1296 1485 insistens,
1325 1454 1354 1479 t=t
1381 1453 1484 1479 tamen
1513 1457 1606 1490 snpra
1629 1444 1774 1479 virtutem
1806 1444 1886 1479 insi-

347 1510 488 1544 quoque,
513 1505 545 1531 ut
563 1504 689 1531 sanctae
707 1496 865 1542 opinionis
882 1495 994 1534 virum,
1014 1507 1097 1529 com-
1113 1474 1118 1533 l
1137 1503 1218 1529 stere
1241 1495 1383 1541 cupiens,
1416 1494 1548 1528 infirmis
1566 1493 1772 1540 compatiens,
1804 1493 1887 1529 hene

347 1556 475 1581 moneto
514 1546 730 1592 praecipiens,
758 1557 797 1579 ne
833 1545 983 1588 ulterius,
1016 1556 1096 1590 quae
1114 1547 1118 1603 ἰ
1137 1544 1312 1578 valentibus
1333 1543 1546 1589 congaudens,
1567 1542 1608 1576 'de
1627 1542 1739 1577 alienis
1764 1543 1888 1589 gaudiis

347 1595 535 1643 episcopalis
562 1595 640 1628 iuris
657 1603 740 1633 sunt,
768 1594 835 1628 sine
858 1593 996 1640 episcopi
1020 1605 1118 1635 con-1
1137 1602 1295 1640 tamquam
1320 1592 1358 1627 de
1382 1592 1515 1639 propriis
1536 1591 1691 1635 exultans,
1726 1592 1758 1626 in
1781 1592 1888 1626 corri-

348 1645 490 1680 cessionc
521 1644 660 1690 recipiat,
687 1651 717 1677 et
743 1642 781 1676 de
810 1643 932 1677 iniuriis
967 1642 1097 1676 Narbo-
1115 1637 1118 1659 '
1137 1643 1248 1688 gerulis
1272 1643 1352 1676 vitiis
1373 1642 1509 1685 fervens,
1536 1641 1568 1675 in
1591 1641 1734 1676 fovendis
1757 1641 1888 1676 virtuti-

348 1695 438 1728 nensi
485 1693 724 1739 archiepiscopo
766 1692 859 1726 illatis
905 1692 1196 1737 competentibus
1228 1692 1407 1726 auditorum
1442 1692 1582 1725 animum
1616 1690 1821 1735 demulcens,
1854 1691 1886 1726 in

347 1743 567 1777 emendatione
589 1741 772 1776 satisfaciat:
799 1741 839 1775 de
861 1750 984 1775 caetero
1011 1753 1095 1778 eum,
1115 1740 1118 1787 ξ
1137 1741 1180 1775 ira
1203 1741 1354 1775 iudicium
1382 1741 1450 1775 sine
1472 1740 1657 1780 iratenens,
1680 1740 1711 1774 in
1734 1740 1886 1787 tranquil-

347 1801 382 1827 ut
419 1792 600 1839 proprium,
635 1798 665 1825 et
691 1798 817 1825 sanctae
850 1790 1095 1824 conversationis
1114 1791 1118 1835 l
1137 1790 1220 1824 litate
1240 1795 1353 1824 autem
1386 1789 1563 1824 serenitatis
1590 1789 1688 1823 iustae
1716 1801 1882 1823 censor-ain

347 1850 524 1876 revereatur
561 1840 748 1879 antistitem,
775 1847 804 1874 ct
833 1851 939 1884 pacem
962 1851 1033 1873 cum
1059 1851 1096 1873 eo
1115 1837 1118 1885 ᾖ
1139 1851 1200 1873 uon
1218 1839 1378 1874 deserens.
1400 1838 1485 1873 Haec
1501 1847 1559 1879 est,
1582 1838 1676 1873 frater
1691 1838 1888 1882 charissime,

349 1891 502 1925 fraternae
539 1889 676 1923 caritatis
710 1888 930 1923 inviolabiliter
962 1888 1096 1922 retinere
1115 1886 1118 1907 ¹
1138 1888 1221 1935 pallii
1256 1889 1376 1936 accepti
1409 1888 1555 1934 dignitas,
1583 1899 1676 1935 quam
1704 1887 1731 1922 si
1752 1887 1887 1922 sollicite

348 1947 507 1987 procuret.
535 1939 582 1973 Tu
605 1947 709 1972 autem
733 1938 764 1971 in
781 1937 928 1972 omnibus
951 1949 1097 1972 romanae

348 1988 543 2023 auctoritatis
564 1999 686 2022 memor
707 1987 747 2021 ita
762 1994 792 2021 te
814 1986 938 2026 exhibe,
963 1994 995 2020 ut
1013 1986 1097 2021 nulla

348 2039 387 2072 «le
415 2047 443 2072 te
477 2038 592 2084 cuique
622 2037 725 2084 possit
754 2036 894 2083 suspicio
921 2047 1095 2070 remanere.

348 2087 428 2129 Quia
472 2099 545 2121 vero
589 2085 803 2120 Nabornensis
841 2084 1098 2131 archiepiscopus

350 2136 510 2182 privilegia
533 2136 572 2171 de
594 2136 728 2184 primatu
743 2134 917 2169 Ecclesiam
934 2146 1021 2168 suam
1040 2134 1098 2167 lra—
1116 2139 1118 2151 ¹

350 2186 455 2220 baisse
477 2185 672 2223 memorarit,
695 2196 774 2231 quae
796 2196 812 2218 a
835 2195 892 2217 suo
910 2182 1098 2230 praedeces·
1116 2220 1118 2222 ,

349 2247 420 2269 sore
434 2234 593 2277 translata,
615 2242 655 2268 se·
672 2242 774 2268 tamen
797 2240 901 2279 sperat
924 2241 1097 2278 praestante
1116 2229 1119 2266 Ξ

349 2284 485 2318 Domino
508 2291 716 2330 reperturum,
746 2290 777 2316 tn
800 2294 925 2316 causam
954 2281 1035 2315 hanc
1050 2268 1119 2329 dn}

351 2333 485 2378 lige-nter
499 2333 634 2379 inquire,
655 2332 834 2378 inquisitam
857 2331 896 2366 ad
913 2343 969 2365 nos
984 2330 1099 2364 referre
1117 2342 1119 2378 ᾗ

353 2394 493 2427 procura.
511 2382 602 2423 Quod
624 2381 650 2416 si
665 2381 899 2427 privilegiorum
922 2379 1099 2426 nequiverit
1117 2382 1119 2405 ‘³

351 2431 518 2465 auctoritas
545 2431 690 2470 inveniri,
720 2438 753 2464 tu
776 2442 848 2464 cum
870 2428 1099 2476 principalibus

352 2488 453 2514 terrae
480 2479 518 2513 de
542 2479 740 2514 restitutione
768 2478 1014 2513 Tarraconensis
1035 2477 1119 2514 Ec-}

352 2528 464 2563 clesiae
500 2528 600 2562 stude.
640 2528 768 2562 Interim
809 2536 912 2562 tamen
948 2527 1100 2561 Tarraco-

352 2589 467 2616 nenses
494 2577 660 2625 episeopos
681 2577 709 2612 ei
736 2585 895 2624 tamquam
918 2575 1122 2630 metropoli—⁴

1138 2012 1211 2038 tauo
1227 2004 1351 2050 proprio
1366 2003 1494 2037 obedire
1510 2002 1696 2049 praecipito.
1718 2000 1889 2036 Etenensis

1138 2065 1266 2100 quoque
1288 2053 1427 2098 episcopi
1452 2063 1578 2086 causam
1601 2051 1770 2097 diligo-ater
1790 2051 1889 2097 inqui-

1116 2104 1209 2141 .rito,
1241 2110 1271 2136 et
1298 2103 1378 2135 inter
1401 2101 1636 2136 Narbonensem
1668 2100 1890 2146 archiepisco-

1116 2164 1214 2198 pum
1248 2159 1279 2185 et
1309 2152 1412 2197 ipsum
1441 2150 1522 2186 iusto
1547 2150 1652 2184 omnia
1678 2149 1797 2184 iudicio
1831 2148 1889 2183 de-

1137 2201 1238 2234 finito.
1262 2200 1349 2235 Idem
1365 2211 1490 2246 quoque
1512 2207 1542 2232 te
1565 2199 1604 2233 de
1625 2198 1790 2233 Crassensi
1812 2210 1888 2232 coe-

1139 2250 1234 2284 nobio
1251 2250 1330 2284 inter
1346 2249 1585 2283 Narbonensem
1613 2248 1889 2293 archiepiscopum

1139 2307 1169 2334 et
1196 2299 1369 2333 monachos
1400 2298 1541 2332 eiusdem
1569 2296 1715 2332 coenobii
1741 2306 1890 2331 exercere

1140 2348 1352 2395 praecipimus
1367 2350 1422 2391 (l).
1742 2353 1748 2359 '

1175 2427 1214 2462 (l)
1239 2428 1312 2454 Hauc
1332 2427 1465 2462 Raynerio
1490 2427 1517 2453 S.
1543 2427 1575 2452 R.
1597 2426 1627 2452 E.
1653 2424 1778 2451 cardinali
1803 2424 1889 2459 legato

1139 2467 1226 2493 datam
1238 2467 1379 2502 exscripsit
1404 2467 1527 2493 Baluzius
1545 2474 1576 2492 ex
1603 2465 1763 2491 chartulario
1788 2465 1891 2489 archie-

1141 2508 1239 2542 piscopi
1257 2507 1444 2538 Narbonensis,
1468 2510 1494 2532 et
1511 2506 1606 2541 putuit-'1
1630 2506 1693 2530 riri<
1717 2505 1771 2529 swr=
1796 2505 1818 2529 'nr
1841 2513 1890 2536 :rp-

1140 2547 1249 2580 pendicc
1261 2548 1388 2572 Actorum
1399 2546 1430 2572 ad
1443 2547 1514 2572 Petr.
1522 2545 1556 2571 de
1565 2545 1663 2576 Mat-ca,
1674 2544 1712 2570 De
1722 2544 1889 2579 primatibus.

1142 2588 1205 2614 Eam
1224 2587 1261 2614 sic
1276 2587 1376 2622 accipe.

1915 218 1965 246 An.
1985 219 2013 248 C.
2030 220 2097 250 ¹095
