2180 3205
66 272 104 300 An
135 271 162 300 C.
181 271 248 300 1133

887 259 1096 282 ixsocexiii‘s
1120 260 1141 282 ii
1166 260 1213 283 vr.
1694 259 1761 290 387
1842 271 1930 299 An.C.
1953 273 2020 299 itali

272 320 302 348 et
329 312 461 348 clericos
488 313 658 355 ordinetis;
692 326 746 349 vos
775 321 878 348 autem
907 314 936 348 in
969 326 1021 348 ec-
1062 314 1166 348 oiiiiiia
1199 315 1315 361 integra
1339 327 1573 361 conserventur,
1609 332 1730 366 eorum,
1755 335 1810 370 pro

272 362 365 398 clesia
389 371 489 399 vestra
523 364 665 399 canonici
688 363 729 398 ob
757 363 959 398 reverentiam
983 363 1017 397 Β.
1061 375 1196 409 quornm
1231 366 1456 410 gubernatione
1489 369 1809 408 et'substentatione

271 411 423 447 Antonini
473 414 636 461 martyris,
678 413 768 447 cuius
811 412 1019 447 sacratissimo
1060 424 1206 447 concessa
1235 423 1323 458 sunt,
1353 416 1460 452 tisibus
1487 419 1677 455 omnimodis
1699 421 1810 468 prosu-

269 472 400 507 corpore
427 461 595 508 ipselocus
620 462 706 508 prius
719 462 817 496 extitit
839 461 1017 500 decoratus,
1060 461 1137 496 sura.
1173 462 1205 497 Si
1235 476 1294 509 qua
1319 465 1413 510 igitur
1435 467 1466 501 in
1490 466 1628 504 futurum
1659 471 1809 506 ecclesia-

269 510 299 544 iu
329 510 363 545 B.
390 510 505 546 Mai—iae
532 512 754 546 Purilicatioue
783 511 881 557 ipsam
910 511 1018 557 capel-

268 558 328 594 lam
351 560 443 595 annis
455 561 586 607 singulis
609 560 787 595 visitabitis:
812 560 841 593 iii
861 560 1015 594 territorio

266 607 406 644 Plectula
440 609 605 645 ecclesiam
632 609 737 644 Sancti
764 608 915 642 Antonini
940 621 1014 643 niar-

267 658 342 704 tyris
368 670 439 693 cum
472 667 554 693 sorte
581 659 700 704 integra
731 666 760 692 et
787 657 858 692 dote
885 665 913 692 et
942 670 1012 692 cuni

264 706 477 742 oblationibus
504 708 599 742 totius
625 708 716 746 anni,
745 706 1011 754 quemadmodum

263 767 278 790 a
303 755 402 791 bonae
430 756 581 792 recordat.
606 756 748 791 Diouisio
767 756 916 802 episcopo
942 756 1007 790 Pla-

262 805 390 840 centino
429 818 484 853 pro
518 806 648 841 ecclesia
679 805 711 840 S.
748 804 816 852 Syri
858 805 947 839 robis
981 806 1010 840 in

261 855 529 890 contracambium
545 867 692 890 concessa
716 867 784 890 esse
803 854 1009 901 dignoscitur:

263 903 292 938 in
320 916 380 951 qua
409 905 557 939 nimirum
592 904 765 939 secundum
795 903 896 939 Deum
924 904 1009 938 ordi-

263 953 356 987 nandi
381 954 542 989 ministros
563 953 658 988 libera
686 954 725 988 sit
752 953 838 987 tobis
865 953 1007 988 facultas:

261 1002 291 1036 in
317 1001 484 1049 Gragnauo
518 1003 667 1049 capellani
706 1003 811 1037 Sancti
847 1002 1009 1037 Michaelis

260 1063 332 1087 cum
364 1052 449 1086 omni
472 1065 527 1087 sua
555 1052 626 1087 dote
657 1060 686 1086 ct
714 1052 808 1086 totius
831 1052 902 1086 anni
926 1052 1009 1087 obla-

259 1100 409 1144 tionibus,
444 1114 460 1136 a
488 1101 657 1136 venerabili
691 1102 783 1135 fratre
816 1109 921 1136 nostro
954 1102 1006 1136 Ar-

258 1149 369 1193 duino,
390 1150 572 1186 Placentino
594 1151 756 1198 episcopo,
784 1150 943 1185 Ecclesiae
961 1164 1007 1185 re-

257 1206 339 1234 strae
361 1199 420 1235 boc
448 1201 541 1235 modo
563 1212 757 1240 concessam,
787 1208 818 1234 ut
841 1200 869 1234 in
896 1200 1004 1234 eadem

255 1249 373 1296 capella
408 1249 543 1296 ponendi
576 1250 720 1289 clericos,
755 1258 784 1283 et
809 1250 1004 1293 removendi,

255 1298 295 1333 sit
315 1298 412 1333 libera
440 1298 527 1334 vobis
550 1307 697 1345 potestas,
720 1307 749 1332 et
776 1298 812 1332 ad
829 1310 934 1332 sacros
953 1311 1004 1333 oi·-

257 1346 348 1382 dines
370 1348 601 1395 promovendos
629 1360 685 1382 suo
713 1355 854 1393 tempore
872 1347 1003 1382 Placen-

256 1397 321 1431 tino
343 1397 493 1444 episcopo
516 1397 749 1444 praesentandi3
777 1409 792 1430 a
817 1396 906 1442 plebe
930 1410 1004 1431 vero

254 1445 396 1481 Turiensi
427 1447 526 1494 ipsius
542 1447 599 1482 loci
625 1446 784 1493 presbyter
805 1445 950 1480 Cbrisina
974 1455 1002 1481 et

253 1494 369 1531 Oleum
393 1505 535 1531 sanctum
564 1496 730 1543 suscipiat3
759 1503 789 1530 et
816 1504 942 1530 vocatus
964 1496 1001 1530 ad

254 1543 403 1580 laetanias
425 1553 455 1580 et
481 1545 518 1580 ad
546 1545 748 1592 baptismum,
770 1544 860 1584 illuc.
883 1544 1002 1591 absque

252 1594 501 1630 contradictione
522 1595 637 1642 aliqua,
661 1594 764 1629 vadat:
788 1593 871 1628 salta
890 1593 1002 1629 Ecclc-

251 1644 316 1686 siae
345 1652 462 1678 vestrae
498 1644 527 1678 iu
556 1643 703 1679 omnibus
729 1643 798 1678 aliis
828 1643 943 1678 iustitia
972 1652 1001 1679 et

252 1694 438 1728 reverentia.

297 1742 461 1777 Praeterea
488 1754 599 1777 omnes
631 1742 707 1776 alias
735 1742 910 1785 libertates,
945 1754 999 1777 seu

250 1791 450 1827 rationabiles
475 1791 738 1831 consuetudines,
766 1804 781 1826 a
810 1790 1001 1826 Placentinis

248 1841 406 1888 episcopis
447 1841 609 1887 Ecclesiae
657 1848 776 1875 vestrae
816 1851 999 1884 concessas,

248 1890 370 1937 quietas
386 1890 474 1925 vobis
487 1898 517 1924 ct
532 1891 668 1936 integras
679 1889 790 1939 suturis
805 1889 1000 1936 temporibus

248 1951 375 1975 manere
403 1939 613 1975 decernimus.
642 1939 740 1974 Porro
763 1939 788 1973 si
813 1947 853 1982 te,
878 1939 922 1972 vel
938 1938 1000 1974 cle-

248 1988 330 2023 ricos
364 1996 435 2023 tuos
462 1989 581 2034 gravari
616 1988 848 2035 praesensei-i5‚
882 1987 998 2023 Sedem

247 2037 482 2084 Apostolicam‚
518 2050 598 2084 quae
631 2037 799 2072 subvenire
828 2037 907 2072 solet
940 2049 999 2085 op-

246 2088 376 2134 pressis,
398 2087 485 2122 vobis
500 2087 595 2121 libere
614 2086 704 2122 liceat
721 2087 889 2134 appellare.
910 2086 997 2121 Bona

245 2136 339 2182 igitur
360 2144 391 2171 et
419 2137 645 2183 possessiones,
673 2149 750 2183 quas
775 2138 804 2170 in
838 2142 997 2182 posterum

244 2186 451 2221 concessione
481 2185 690 2226 Pontificum,
727 2185 890 2231 largitione
918 2186 999 2231 prin-

243 2234 366 2282 cipum,
389 2234 547 2268 oblatione
565 2234 717 2277 fidelium,
740 2246 795 2268 seu
818 2233 887 2268 aliis
909 2234 997 2268 iustis

245 2284 360 2324 modis,
383 2283 553 2317 auxiliante
575 2283 653 2322 Deo,
683 2283 824 2330 poteritis
851 2282 996 2328 adipisci,

246 2332 334 2367 firma
358 2332 446 2366 vobis
473 2341 502 2366 et
530 2332 647 2378 integra
674 2344 800 2366 manere
827 2332 995 2366 sancimus:

243 2382 327 2417 salva
353 2381 500 2416 nimii-um
521 2381 699 2415 dioecesani
716 2381 855 2428 episcopi
881 2381 996 2415 iustitia

243 2439 274 2466 et
304 2430 486 2466 reverentia.
515 2429 599 2464 'Nulli
632 2442 706 2475 ergo
738 2430 867 2464 omnino
895 2430 995 2463 borni-

245 2492 322 2515 num
351 2479 397 2514 fas
432 2480 489 2520 sit,
522 2479 788 2526 praenominatam
822 2478 995 2513 Ecclesiam

247 2537 366 2564 temere
394 2528 595 2576 perturbare,
618 2536 670 2562 aut
692 2528 761 2562 eius
783 2528 997 2574 possessiones

246 2578 383 2622 auferre,
420 2578 465 2612 vet
493 2577 611 2612 ablatas
642 2577 798 2620 retinere,
832 2577 996 2620 minuere,

247 2635 302 2663 aut
331 2626 491 2671 aliquibus
522 2625 741 2661 vexationibus
774 2625 915 2672 fatigare3
941 2626 994 2661 sed

1057 511 1132 545 stica
1167 513 1372 548 saecularisve
1396 527 1546 561 persona,
1580 518 1660 554 lianc
1683 528 1808 556 nostrae

1057 568 1293 596 constitutionis
1320 564 1463 609 paginam
1487 566 1601 611 sciens,
1624 576 1682 603 etc.

1105 609 1177 644 Euo
1206 610 1417 647 luxoceu‘rius
1447 615 1618 651 catholicae
1645 618 1806 654 Ecclesiae
1847 644 1868 665 ,η
1954 646 2012 668 «Ἡ,

1055 658 1223 705 episcopus
1248 660 1430 708 subscripsi.
1834 675 1855 692 ⁹¹
1870 650 2019 710 gofffngiw.

1105 707 1169 754 Ego
1196 708 1386 745 Guillelmus
1416 711 1639 749 Praenestinus
1672 717 1805 763 episco-
1833 699 2016 752 *ficiii¹‘⁴i›¹t¹1⁸‹¹›'ri⁵‹³s-⁶ab¹

1055 769 1114 804 pus
1139 757 1324 805 subscripsi.

1101 806 1168 853 Ego
1210 807 1365 844 lohannes
1408 809 1583 847 Hostiensis
1632 814 1802 863 episcopus

1051 855 1235 903 subscripsi.

1100 904 1167 959 Ego
1190 905 1302 941 Petrus
1330 907 1493 955 papiensis
1513 911 1683 960 episcopus
1717 914 1802 949 sub-

1050 955 1172 999 scripsi.

1097 1003 1165 1050 Ego
1186 1005 1356 1041 Anselinus
1379 1008 1541 1056 presbyter
1562 1009 1730 1047 cardinalis
1751 1013 1796 1049 tit.

1049 1052 1153 1088 Sancti
1179 1054 1338 1089 Laurentii
1369 1056 1398 1091 in
1421 1057 1539 1093 Lucina
1567 1059 1751 1107 subscripsi.

1096 1102 1164 1148 Ego
1193 1103 1345 1140 Ioselinus
1374 1107 1535 1154 presbyter
1560 1109 1729 1146 cardinalis
1751 1112 1795 1147 tit.

1047 1151 1181 1187 Sanctae
1203 1153 1338 1189 Ceciliae
1365 1155 1550 1204 subscripsi.

1096 1201 1163 1247 Ego
1190 1202 1292 1237 Lucas
1328 1204 1490 1252 presbyter
1516 1206 1684 1243 cardinalis
1712 1210 1793 1244 tituli

1046 1249 1236 1285 Sanctorum
1266 1252 1413 1288 lobannis
1441 1263 1470 1289 ct
1498 1255 1585 1290 Pauli
1608 1257 1793 1306 subscripsi.

1097 1299 1162 1346 Ego
1183 1300 1347 1336 Romanus
1369 1302 1520 1339 diaconus
1548 1305 1715 1342 cardinalis
1744 1308 1790 1343 tit.

1045 1347 1178 1384 Sanctae
1209 1350 1325 1385 Mariae
1349 1352 1378 1386 in
1402 1352 1531 1388 Porticu
1558 1354 1742 1402 subscripsi.

1094 1397 1161 1444 Ego
1195 1398 1269 1434 Otto
1303 1401 1455 1436 diaconus
1491 1403 1658 1439 cardinalis
1685 1405 1795 1442 Sancti

1044 1446 1172 1494 Georgii
1195 1448 1380 1497 subscripsi.

1092 1496 1160 1542 Ego
1183 1497 1289 1532 Guido
1322 1500 1474 1535 diaconus
1508 1501 1676 1538 cardinalis
1709 1504 1792 1540 San-

1044 1553 1164 1580 ctorum
1187 1546 1321 1583 Cosmae
1347 1556 1377 1583 et
1401 1550 1544 1585 Dainiani
1567 1552 1752 1601 subscripsi.

1092 1594 1206 1630 Datum
1227 1596 1402 1633 Cremonae
1419 1611 1473 1646 per
1488 1613 1614 1635 manuni
1634 1601 1793 1650 Aymerici

1043 1652 1168 1680 sanctae
1196 1645 1356 1682 Romanae
1382 1648 1543 1684 Ecclesiae
1569 1651 1691 1686 diaconi
1721 1665 1792 1687 car-

1042 1693 1157 1728 dinalis
1171 1703 1199 1729 et
1221 1696 1363 1732 similiter
1385 1698 1572 1740 cancellarii,
1595 1700 1792 1744 idibusiulii,

1044 1743 1213 1778 indictione
1240 1745 1361 1781 decima
1385 1750 1441 1790 (t),
1478 1748 1702 1785 incarnationis
1734 1751 1793 1785 do-

1042 1792 1175 1828 minicae
1196 1805 1279 1828 anno
1300 1807 1472 1835 ⁴ucxxxiii,
1497 1798 1697 1844 pontificatus
1720 1813 1792 1835 vero

1041 1842 1147 1876 domni
1178 1842 1351 1878 innocentii
1381 1845 1441 1879 PP.
1462 1847 1592 1881 secundi
1622 1860 1705 1883 anuo
1723 1861 1768 1883 lv.

1110 1899 1170 1929 Dat.
1194 1900 1240 1930 die
1265 1901 1301 1930 15
1320 1902 1386 1931 iulii
1403 1912 1479 1932 anno
1498 1902 1613 1934 Domini
1637 1905 1722 1943 1133,

1280 1945 1380 1983 pontis.
1401 1955 1476 1975 anuo
1499 1955 1534 1976 iv.

1384 2077 1456 2111 XX.

1055 2142 1254 2186 Pri'vileyiuin
1281 2144 1435 2177 canonicis
1462 2146 1596 2179 nmeri'ci's
1620 2146 1773 2180 Ecclesiae

1270 2193 1467 2226 Placentinae
1503 2195 1557 2237 (2).

1311 2265 1526 2297 suatatatittssat

1039 2320 1207 2350 Exordium.
1225 2338 1265 2344 —
1286 2321 1474 2352 Innocentius
1499 2323 1552 2353 ΡΡ.
1578 2323 1653 2354 bona
1677 2330 1704 2354 et
1720 2335 1790 2365 pos-

1078 2366 1211 2395 sesiones
1230 2366 1381 2396 Ecclesiae
1402 2367 1490 2396 liuius
1510 2374 1663 2399 enumerat
1681 2374 1709 2399 et
1723 2380 1793 2399 con-

1078 2410 1189 2439 firmat:
1207 2427 1246 2432 —
1263 2410 1303 2440 Ne
1328 2411 1405 2440 ullus
1428 2412 1518 2450 episc.
1542 2413 1722 2443 exactionem
1742 2414 1788 2444 ul-

1078 2453 1134 2482 lani
1157 2463 1247 2492 super
1269 2463 1300 2483 ea
1326 2455 1464 2494 imponat,
1492 2456 1648 2487 interdicit.
1676 2475 1715 2480 —
1743 2458 1790 2488 ln-

1078 2498 1203 2527 iiocentii
1224 2497 1277 2527 ΙΨ.
1299 2503 1324 2528 et
1342 2498 1368 2528 S.
1392 2498 1424 2528 lt.
1443 2499 1474 2529 E.
1495 2501 1689 2531 cardinalium
1713 2502 1785 2532 sub—

1078 2542 1264 2580 scriptiones.

1072 2599 1111 2634 (t)
1132 2600 1198 2634 Lego
1214 2608 1253 2626 xi.
1293 2599 1331 2634 (⁹2)
1352 2600 1390 2626 Ex
1407 2600 1510 2627 arcbiv.
1530 2601 1659 2629 Ecclesiae
1686 2603 1792 2630 Maioris

1038 2639 1152 2665 Placent.
1173 2638 1254 2666 edidit
1271 2639 1372 2674 Campi,
1391 2643 1454 2667 tom.
1474 2649 1492 2673 i,
1510 2649 1568 2676 pag.
1591 2642 1652 2669 55lt.
