2180 3205
76 246 135 291 Lc.
149 262 216 291 1133

59 315 184 342 Corporales
195 317 217 336 et

33 342 152 369 spirituate-
167 347 216 372 pos·

40 374 77 390 nnn
103 368 212 389 constituit.

33 394 216 416 conti-nhutusmo·

32 420 216 468 ξ’ζ,”ἳ’;ἳξῇξᾞ3ζ
244 421 412 462 minuere
438 429 492 456 aut
519 420 651 457 Sanctae
685 421 759 456 Sedi

33 476 71 498 ton.
85 476 124 495 otc.

834 267 1046 292 'NNOCENTIL'S
1068 269 1091 291 ti
1115 268 1163 291 Μ’.

243 330 361 359 temere
389 324 493 359 venire
517 323 725 370 temptaverit,
747 330 799 358 aut
816 322 994 358 Ferrarien-

242 384 309 407 sem
332 372 502 408 Ecclesiam
518 372 688 418 superbis
710 384 789 419 quae
812 372 992 412 dictasunt,

795 421 994 467 Apostolicae

243 481 298 505 sua
319 470 350 505 in
378 471 424 505 eis
448 471 526 510 iur,a
549 482 628 517 quac
655 470 800 517 superius
821 469 993 515 significata

242 528 328 560 sunt,
359 520 482 554 auferre
518 519 776 566 praesuinpseiit,
813 530 930 564 poenae
964 527 993 553 et

241 569 483 615 compositionis
498 580 624 602 nomine
637 568 743 602 reddat
755 567 856 601 eidem
870 574 993 601 sauctae

241 615 317 652 Sedi
351 617 553 672 Apostolicae
574 617 640 651 auri
668 616 775 663 optimi
804 615 898 649 libias
915 628 992 650 ecn-

240 675 329 700 ium:
353 674 385 701 et
408 666 479 706 nisi,
502 677 582 712 quae
602 665 680 700 male
695 673 892 711 praesumpta
907 673 991 705 sunt,

238 714 456 749 satisfactione
477 726 616 760 contrua
639 713 870 754 emendaverit,
902 722 992 759 pote·

237 763 327 798 statis
369 763 560 809 honorisque
599 763 646 797 sui
686 762 838 808 dignitate
872 770 990 803 careat,

237 823 392 859 reamque
413 824 446 847 se
468 811 574 846 divino
590 811 705 846 iudicio
718 811 850 846 existere
872 810 910 845 de
925 823 992 857 per·

239 869 360 916 petrata
393 861 556 908 iniquitate
583 864 764 906 cognoscat,
785 868 814 894 et
841 872 857 894 a
883 872 990 894 sacia-

239 909 363 946 tissimo
392 909 533 957 Corpore
555 917 584 944 et
606 908 767 955 Sanguine
792 908 849 943 Dei
872 917 902 942 ct
924 908 990 943 Do-

237 958 316 993 mini
362 957 582 1005 Redemptoris
625 959 720 993 nostri
759 957 828 992 lesu
872 956 988 992 Christi

222 1006 337 1045 aliena
356 1008 419 1051 siat,
446 1015 539 1054 atque
563 1008 592 1042 in
616 1016 757 1042 extremo
778 1006 921 1041 examine
940 1007 990 1041 di-

235 1056 362 1091 strictae
386 1035 498 1091 ultioni
522 1056 693 1091 subiaceat.
728 1055 861 1090 Cunctis
883 1063 986 1090 autem

237 1105 386 1152 praefatis
422 1105 573 1140 Ecclesiis
608 1106 688 1140 iusta
718 1104 917 1139 servantibus
951 1105 989 1139 sit

235 1165 295 1201 pax
318 1154 445 1189 Domini
469 1155 566 1189 nostri
590 1154 660 1189 lesu
682 1153 812 1198 Christi,
834 1161 989 1200 quatenus

235 1200 266 1238 et
293 1202 344 1238 hic
371 1203 507 1238 fructum
535 1203 636 1238 bonae
655 1203 789 1238 actionis
816 1203 989 1249 percipiant

233 1259 265 1286 et
290 1252 376 1300 apud
403 1252 581 1288 districtum
608 1252 749 1287 Iudicem
773 1252 910 1298 praemia
941 1264 986 1286 ae-

234 1307 344 1337 ternae
371 1302 457 1349 pacis
481 1301 652 1336 inveniant.
680 1301 795 1335 Amen.

283 1349 357 1386 Eco
390 1350 605 1386 livixociznrics
629 1349 800 1385 catholicae
825 1348 987 1384 Ecclesiae

235 1399 420 1447 episcopus.

284 1447 424 1484 Datum
418 1461 448 1483 in
464 1448 619 1483 territorio
640 1447 828 1482 Vulterrano
851 1459 906 1494 per
926 1459 987 1482 ma-

233 1510 313 1533 num
352 1498 510 1546 Aymerici
556 1497 589 1532 S.
626 1496 788 1532 Romanae
825 1496 986 1531 Ecclesiae

233 1546 357 1583 diaconi
385 1546 553 1582 cardinalis
586 1555 616 1582 et
643 1545 838 1589 cancellarii,
872 1557 891 1578 v
916 1545 987 1580 idus

233 1595 338 1631 martii
361 1595 534 1631 indictione
556 1608 613 1637 xii,
639 1595 862 1630 incarnationis
883 1594 987 1629 domi-

233 1645 324 1680 nicae
344 1657 429 1680 anno
451 1657 617 1685 mcxxxiii,
651 1644 851 1691 pontificatus
877 1643 984 1679 domni

232 1692 410 1729 Innocentii
439 1694 543 1742 Papae
565 1693 592 1728 ll
614 1705 697 1728 anno
718 1705 763 1727 iv.

285 1750 348 1780 Dat.
367 1750 413 1781 die
438 1751 469 1780 11
491 1750 589 1780 martii
613 1759 689 1780 anno
706 1749 822 1780 Domini
843 1750 928 1787 1133,

482 1793 584 1834 pontif.
607 1803 684 1824 anno
702 1802 738 1823 iv.

573 1916 641 1951 Xll.

232 1994 393 2028 Ianuensi's
417 1994 553 2028 Ecclesia
569 1994 601 2026 in
619 1993 912 2037 archiepiscopatum
930 1992 986 2025 eri·

280 2044 366 2087 yi'tur
386 2056 452 2077 cum
480 2043 688 2087 assi'qnalione
714 2043 848 2086 quinque
879 2042 985 2074 Eccle-

279 2093 399 2126 siarum
422 2092 697 2138 suffraganearum
719 2092 774 2133 (i).

500 2167 717 2199 SUMMARiUM

232 2233 421 2265 Prooemium.
442 2250 482 2256 —
511 2233 670 2263 Diuturnae
694 2233 770 2263 inter
800 2232 923 2262 Pisanos
957 2235 985 2261 et

272 2277 434 2307 lanuenses
449 2276 613 2306 discordiae
632 2287 647 2306 a
663 2276 735 2315 Syro
748 2277 887 2316 episeopo
903 2285 984 2305 com-

271 2322 395 2361 positae.
421 2337 462 2343 —
478 2320 574 2357 Quare
596 2321 840 2359 archiepiscopali
873 2321 983 2349 honore

271 2370 411 2402 ornatur,
433 2365 542 2395 additis
576 2364 670 2394 tribus
699 2364 841 2393 Ecclesiis
874 2363 983 2393 suffra-

271 2410 372 2448 ganeis
390 2410 419 2439 in
437 2409 563 2445 Corsica,
582 2412 610 2438 et
628 2408 742 2438 duabus
758 2408 825 2437 aliis
843 2407 983 2436 adiacen-

270 2453 359 2484 tibus.
388 2469 429 2475 -
458 2452 578 2482 lanucn.
601 2452 843 2491 archiepiscopus
875 2460 890 2480 a
921 2450 982 2479 solo

273 2494 356 2528 Rom.
383 2494 464 2527 Pont.
492 2496 662 2536 dependens
689 2500 717 2525 et
754 2494 983 2525 consecrandus
1009 2521 1012 2526 ,

269 2558 311 2565 -
325 2541 484 2572 Concessio
503 2541 594 2580 pallii.
612 2557 652 2562 —
667 2539 768 2570 Eidem
792 2539 985 2569 committitur

267 2598 307 2634 (l)
326 2599 364 2626 Ex
385 2598 503 2633 originali
520 2597 602 2625 edidit
617 2597 733 2632 Ugheii„
751 2596 809 2623 Ital.
827 2597 899 2628 Sac.,
918 2599 982 2623 tom.

233 2645 272 2673 tv,
290 2638 333 2665 ubi
349 2638 382 2665 de
398 2638 465 2665 Hist.
484 2638 616 2664 Ecclesiae
633 2637 721 2664 huius.

352 2682 426 2714 Bali.
445 2682 523 2713 Rom.
549 2681 606 2711 voi:
625 2681 660 2711 11.
827 2680 865 2711 48

1671 259 1741 290 577

1080 321 1195 351 abbatia
1216 321 1250 350 de
1273 321 1359 360 Tyro.
1383 338 1422 345 -
1439 321 1548 351 Solitas
1570 320 1731 351 clausulae.
1753 338 1791 345 -

1076 365 1238 395 lnnoceiitii
1279 365 1331 395 l’l'.
1363 371 1389 396 et
1421 365 1449 396 S.
1480 365 1511 395 R.
1541 365 1561 395 E
1603 366 1681 396 card.
1715 366 1790 396 sub-

1075 410 1261 447 scriptiones.

1034 468 1181 499 lnnoeentius
1203 470 1321 508 episcopiis
1344 480 1421 500 servus
1443 480 1559 500 servorum
1587 470 1638 508 Dei,
1661 470 1788 502 venerabil?

1074 512 1135 542 fratri
1159 513 1224 552 Syro,
1244 513 1348 543 liiiiueiisi
1372 514 1554 553 arehiepiscopo,
1578 516 1672 553 eiusque
1697 524 1788 545 succes-

1073 556 1162 586 soribus
1184 558 1294 586 canonice
1311 557 1487 596 substituendis,
1505 560 1527 588 in
1549 563 1695 597 perpetuum.

1082 617 1186 652 Iustus
1220 618 1374 653 Dominus
1409 628 1439 653 et
1473 621 1621 654 iustitiam
1654 620 1784 664 dilexit,

1033 667 1220 713 aequitatem
1251 668 1325 702 vidit
1353 668 1457 702 vultus
1483 670 1550 703 eius
1569 672 1621 712 (α).
1662 669 1694 704 Si
1725 682 1780 716 pro

1034 716 1161 750 lioiiiiiic
1191 717 1311 762 peidito
1335 717 1524 752 liiiniaiiatus
1542 726 1588 752 cst
1610 718 1667 752 Dei
1688 719 1783 763 filim,

1032 772 1062 798 et
1084 777 1140 811 pro
1162 765 1229 799 eius
1248 765 1464 812 redemptione
1480 775 1572 813 atque
1586 768 1686 802 salute
1706 780 1782 802 moi-

1033 820 1093 847 tem
1118 814 1360 860 ignominiosam
1386 815 1528 861 pertulit,
1556 816 1736 851 catholica
1731 818 1784 861 iri-

1032 869 1082 896 tui·
1103 870 1133 897 ct
1151 872 1257 898 sancta
1285 863 1341 898 Dei
1367 872 1464 898 mater
1487 864 1640 904 Ecclesia,
1664 878 1702 899 ne
1727 865 1781 899 filii

1031 911 1078 946 sui
1101 911 1290 947 damnentur
1312 921 1476 959 perpetuo,
1505 913 1585 948 bona
1613 926 1668 947 sua
1693 913 1782 948 hilari

1032 960 1116 995 vultu
1144 969 1174 995 et
1202 969 1306 996 mente
1334 962 1481 1005 iucunda,
1504 962 1652 1009 quoniam
1675 963 1712 996 ad
1735 966 1780 1006 (1)

1031 1009 1133 1055 ipsum
1158 1010 1322 1057 aequitatis
1337 1018 1366 1045 et
1382 1011 1516 1045 iustitiae
1533 1011 1610 1045 ratio
1625 1011 1779 1058 postulat,

1030 1058 1123 1107 debet
1164 1059 1357 1106 impendere.
1398 1060 1553 1102 Quocirca
1585 1068 1782 1095 sacrosancta

1030 1107 1129 1142 Sedes
1156 1108 1356 1154 Apostolica,
1383 1111 1557 1143 animarum
1586 1109 1676 1144 saluti
1705 1122 1780 1156 pro-

1031 1156 1149 1197 videns,
1169 1158 1317 1203 quoniam
1342 1170 1397 1204 pro
1424 1158 1579 1192 discordia
1602 1166 1631 1192 et
1654 1171 1778 1204 guerra,

1029 1218 1107 1251 quae
1131 1207 1210 1241 inter
1231 1207 1344 1240 dictam
1368 1206 1551 1242 Ianuensem
1575 1207 1730 1242 civitatem
1750 1215 1780 1241 et

1030 1254 1118 1289 Pisas
1132 1256 1217 1298 olim,
1240 1255 1437 1301 argutissimo
1460 1256 1488 1290 id
1509 1256 1632 1291 fovente
1652 1256 1779 1291 inimico

1029 1303 1155 1338 humani
1177 1306 1315 1350 generis,
1343 1313 1409 1339 orta
1431 1313 1489 1345 est,
1513 1305 1778 1352 incomparabiles

1029 1352 1191 1387 hominum
1227 1353 1343 1395 clades,
1371 1354 1615 1388 christianorum
1651 1355 1778 1401 captivi-

1029 1409 1106 1436 tates
1136 1410 1166 1437 et
1199 1402 1403 1437 ecclesiarum
1430 1403 1663 1438 destructiones
1690 1404 1777 1438 innu-

1028 1462 1132 1485 merae
1161 1460 1392 1498 proveneruut;
1430 1460 1461 1486 ut
1495 1452 1533 1487 de
1565 1461 1687 1487 caetero
1715 1462 1777 1487 tain

1028 1499 1221 1535 detestabilis
1255 1500 1292 1535 lis
1314 1509 1344 1535 et
1378 1501 1532 1536 dissensio
1556 1502 1777 1548 conquiescat,

1028 1561 1194 1595 personam
1218 1557 1302 1584 tuam
1322 1558 1353 1585 et
1379 1562 1434 1597 per
1460 1558 1490 1585 te
1512 1550 1699 1585 lanuensem
1715 1550 1779 1585 Ec-

1027 1597 1153 1633 clesiam
1181 1611 1197 1633 a
1223 1599 1358 1645 praefata
1394 1599 1539 1640 civitate,
1575 1611 1655 1646 quae
1687 1599 1777 1634 beato

1026 1646 1132 1688 Petro,
1155 1660 1191 1682 ac
1213 1656 1339 1683 sanctae
1368 1648 1528 1683 Romanae
1555 1648 1712 1683 Ecclesiae
1741 1648 1778 1682 fi-

1027 1696 1123 1737 delis,
1150 1696 1240 1731 etad
1270 1697 1472 1732 serviendum
1493 1706 1637 1744 prompta
1664 1698 1776 1737 extitit,

1026 1753 1057 1780 et
1083 1745 1122 1780 de
1143 1753 1267 1781 caetero
1293 1758 1326 1781 se
1353 1746 1382 1781 id
1408 1746 1558 1783 facturam
1584 1747 1775 1793 propensius

1027 1794 1203 1841 pollicetur,
1225 1795 1371 1830 decorem
1389 1803 1420 1830 et
1437 1795 1668 1836 exaltationem,
1691 1807 1778 1841 prae-

1027 1844 1162 1889 rogativa
1177 1844 1311 1890 gloriosa
1326 1844 1482 1879 sublimat.
1503 1844 1547 1879 Te
1564 1845 1667 1890 igitur,
1683 1844 1777 1878 frater

1027 1893 1208 1927 charissime
1223 1893 1300 1940 Syre
1317 1894 1564 1948 archiepiscope,
1583 1893 1699 1940 palliiD
1682 1893 1775 1927 uenio

1026 1941 1211 1977 decorantes
1241 1951 1271 1977 et
1299 1943 1396 1988 gratia
1423 1943 1567 1990 ampliori
1603 1942 1773 1982 donantes,

1028 1991 1057 2025 in
1088 1991 1361 2038 archiepiscopum
1385 2004 1625 2039 promovemus,
1653 1998 1683 2025 et
1713 1999 1775 2025 tres

1026 2040 1227 2086 episcopatus
1243 2041 1272 2074 in
1289 2040 1429 2080 Corsica,
1444 2041 1602 2075 Maranen.
1618 2039 1774 2083 videlicet,

1026 2089 1235 2124 Nebolensem
1250 2116 1259 2134 ,
1297 2097 1326 2124 et
1365 2091 1509 2129 tertium
1544 2090 1632 2124 cuius
1665 2066 1774 2123 set-leni

1026 2139 1247 2173 constituimus
1271 2138 1442 2173 Ecclesiam
1477 2138 1584 2173 Sancti
1620 2138 1704 2172 Petri
1735 2137 1775 2172 de

1026 2188 1114 2231 Acci,
1136 2188 1189 2234 qui
1210 2187 1321 2221 habeat
1345 2200 1437 2221 unam
1459 2187 1579 2233 plebem
1596 2186 1634 2221 de
1648 2186 1774 2220 Maraua

1026 2244 1055 2270 et
1081 2236 1172 2270 aliam
1198 2236 1237 2270 de
1271 2236 1379 2277 Maria,
1406 2246 1498 2283 atque
1525 2235 1721 2270 Vobzensem
1744 2244 1774 2269 et

1027 2284 1113 2318 illum
1146 2284 1185 2319 de
1212 2285 1365 2325 Brunate,
1399 2298 1493 2332 quem
1527 2284 1622 2318 modo
1656 2296 1773 2318 novum

1025 2334 1203 2374 statuimus,
1229 2334 1282 2367 tibi
1311 2334 1433 2380 tuisque
1456 2333 1691 2368 successoribus
1709 2345 1772 2367 me-

1026 2383 1177 2437 tiopolico
1215 2383 1281 2417 iuie
1314 2382 1511 2417 subiiciinus.
1547 2382 1772 2416 Verumtamen

1025 2433 1238 2479 episcopatum
1257 2431 1441 2466 lmuensem
1464 2439 1495 2466 et
1512 2439 1540 2466 te
1557 2431 1712 2474 videlicet,
1736 2442 1772 2465 ac

1026 2489 1166 2535 posteros
1190 2489 1273 2520 tuos
1296 2480 1335 2514 ab
1357 2481 1441 2514 omni
1459 2480 1673 2527 emancipatos
1694 2480 1773 2514 sub-

1025 2530 1168 2573 iectione,
1196 2530 1225 2563 iii
1254 2541 1347 2564 manu
1384 2530 1507 2576 propria
1538 2529 1635 2564 libere
1662 2529 1773 2575 retine-

1026 2591 1108 2623 mus,
1130 2587 1311 2618 statuentes,
1336 2586 1367 2612 ut
1382 2578 1544 2614 larinensis
1566 2578 1773 2624 arehiepisco-

1059 2640 1097 2675 (u)
1116 2639 1209 2666 Psalm.
1229 2647 1256 2672 x,
1274 2639 1299 2666 8.
1327 2639 1416 2674 (mr.)
1453 2638 1492 2674 (1)
1505 2639 1603 2666 Forsan
1621 2641 1656 2665 id.
1684 2640 1721 2675 (n.
1734 2639 1773 2675 T.)

1811 266 1858 292 Λη.
1880 266 1907 292 C.
1928 264 1993 293 1133

1828 622 1968 643 Prooemium.

1831 1069 1934 1116 tmuium
1929 1078 1948 1091 ia
1962 1072 1990 1091 ii-i

1896 1104 1927 1117 an
1930 1105 1946 1118 is
1972 1102 1992 1118 et

1807 1103 1878 1143 131111111
1888 1130 1920 1143 aa
1950 1125 1981 1143 «isi

1807 1155 1831 1169 (Νι
1835 1150 1878 1169 nint

1807 1181 1906 1201 episcopo
1935 1158 1990 1197 cdiii-

1807 1202 1896 1227 positae.

1830 1847 1899 1870 Quare
1918 1848 1987 1868 archi·

1809 1874 1925 1900 episcopali
1949 1875 1986 1895 hu-

1809 1906 1859 1920 nore
1889 1903 1982 1924 ornatur,

1809 1926 1887 1946 additis
1921 1928 1987 1947 tribus

1805 1953 1819 1973 i·
1822 1953 1904 1973 eclesiis
1913 1953 1986 1973 suffra-

1804 1979 1905 2003 1111ηεί5111
1918 1979 1985 1999 Cursi-

1804 2012 1840 2028 ca.
1863 2007 1883 2025 et
1904 2005 1986 2026 duabus

1803 2032 1849 2051 :iliis
1869 2031 1987 2052 adiacenti-
