2180 3205
60 281 108 310 Λη.
121 281 150 308 C.
173 279 238 306 1168

253 344 328 368 rano
357 339 475 367 curtem
508 344 602 367 unam
647 338 677 366 et
702 330 820 366 casales
843 329 938 365 duos:
966 329 996 364 in

251 382 364 416 Basico
399 390 518 417 curtem
556 393 667 422 unam;
697 380 872 415 oblationes
907 391 997 427 prae-

70 434 238 488 ξῑυζωῗξέᾞ-
252 439 333 467 terca
356 431 392 466 ad
416 431 499 466 idem
527 430 751 465 monasterium
775 429 948 472 venientes,
967 436 998 463 et

57 473 236 525 {intiniebiseopi
251 489 371 516 caetera
391 481 456 515 iura
485 488 515 515 et
536 480 706 522 libertates,
727 492 782 514 seu
799 479 996 522 donationes,

57 530 238 582 :fgfflnssfflfffi
251 542 328 577 quas
367 530 466 565 bonae
498 530 668 564 memoriae
700 528 878 573 Rodull'us,
904 528 997 562 lam-

57 588 184 618 ‹imttuow
197 595 238 609 an·
252 579 370 620 bertus
386 579 609 626 Hieronymus
625 579 811 625 &stulpbum
825 577 995 617 Litlierius

57 627 128 680 ζζξζῖἷ
139 621 434 678 „ossfgffl'l'uringius
466 629 645 668 Eccilinus,
672 628 841 682 Henricus,
875 626 996 662 Lotbo—

56 685 182 708 Μαι-ηπ·
252 691 349 722 vicus,
374 679 531 725 quondam
558 656 715 712 Viceiitini
748 677 900 724 episcopi,
928 688 996 711 mo-

251 728 387 763 nasterio
425 736 527 762 vestro
563 735 624 761 tam
660 726 691 761 in
734 726 867 761 decimis
901 737 995 773 quam

249 777 496 821 conditionibus,
511 776 673 823 operibus
688 776 843 815 escaticis
860 776 994 822 pascuis,

250 828 357 874 pratis,
379 826 483 874 sylvis
507 826 629 861 rubinis
652 828 706 869 (l),
729 825 901 867 montibus,
926 824 995 871 pla-

250 877 311 920 nis,
332 877 439 924 aquis,
466 888 618 922 aquatum
639 874 841 916 decursibus,
866 874 996 909 molen-

249 925 344 971 dinis,
367 924 605 972 piscationibus,
622 924 839 959 venationibus
852 923 890 959 ad
911 936 997 970 prae-

249 975 330 1010 dicta
369 975 434 1010 loca
477 974 727 1022 pertinentibus,
770 973 995 1008 rationabiliter

249 1032 488 1064 concesserunt,
509 1032 540 1059 et
562 1036 615 1058 vos
638 1024 666 1058 in
682 1022 886 1070 quadraginta
904 1023 995 1057 annis

250 1082 333 1110 retro
353 1073 473 1121 absque
498 1073 635 1120 legitima
664 1072 892 1119 interruptione
916 1084 995 1119 pos-

248 1124 386 1165 sedistis,
409 1123 513 1164 vobis,
535 1135 570 1157 ac
597 1135 652 1178 per
679 1134 732 1157 vos
754 1122 854 1156 eidem
878 1133 995 1156 mona-

249 1175 356 1216 sterio,
378 1173 487 1220 scripti
510 1173 606 1207 nostri
631 1171 806 1206 munimine
827 1171 995 1207 confirma-

68 1229 129 1252 snm
166 1235 236 1252 ³n¹¹u⁰
251 1235 337 1258 mus:
359 1222 444 1258 salvo
458 1222 584 1270 quidem
607 1234 656 1266 eo,
678 1221 782 1268 quod
777 1221 834 1268 ipsi
857 1221 993 1267 episcopi

57 1267 121 1319 32⁸⁰
134 1261 236 1319 ‘2¹2’ssssssssss
250 1272 309 1308 sibi
332 1285 390 1320 pro
415 1272 466 1306 his
498 1271 647 1306 omnibus
675 1272 706 1306 in
740 1270 899 1325 praedicto
927 1283 994 1305 mo-

56 1323 193 1351 ⁹¹⁸⁶“⁸¹’⁶⁰·
250 1322 386 1357 nasterio
407 1329 616 1362 reservarunt,
645 1320 798 1364 videlicet,
827 1328 911 1354 utin
933 1319 996 1354 Na-

249 1372 370 1407 tivitate
402 1379 433 1406 et
454 1371 485 1405 in
509 1371 628 1406 Pascba
651 1370 790 1409 Domini,
813 1378 844 1403 et
861 1369 994 1415 singuiis

249 1420 468 1456 festivitatibus
481 1420 732 1467 supradictorum
755 1427 924 1466 martyrum
940 1418 994 1453 Fe-

249 1470 318 1506 licis
338 1482 374 1505 ac
399 1469 560 1505 Fortunati
580 1482 675 1504 unam
694 1468 873 1508 candelam,
896 1481 992 1502 unum

249 1532 375 1568 panem,
397 1528 428 1554 et
454 1519 623 1566 ampullam
650 1518 775 1566 plenam
804 1518 875 1552 vino
898 1517 993 1552 abbas

249 1569 297 1604 vel
323 1569 468 1604 monachi
490 1568 633 1604 eiusdem
661 1568 721 1603 loci
748 1568 918 1615 episcope,
941 1568 992 1615 qui

250 1631 306 1666 pro
320 1628 460 1666 tempore
474 1618 579 1659 suerit,
601 1618 723 1662 debeat,
745 1618 830 1652 omni
845 1617 902 1651 alia
922 1629 994 1652 con-

250 1668 436 1704 tradictione
480 1675 616 1709 remota,
656 1667 820 1703 annuatim
861 1666 992 1702 deferre.

249 1718 459 1753 Probibemus
479 1718 584 1762 etiam,
620 1724 655 1751 ut
676 1716 754 1751 nulli
781 1716 910 1751 fratrum
939 1729 994 1751 ve-

248 1776 383 1803 strorum
411 1776 482 1815 post
504 1767 614 1802 factam
639 1767 668 1800 in
691 1766 804 1801 eodem
827 1766 895 1801 loco
918 1778 994 1813 pro-

249 1817 416 1853 fessionem
438 1817 542 1865 aliqua
563 1816 687 1852 levitate
708 1816 777 1851 sinc
804 1815 926 1850 abbatis
944 1816 993 1850 sui

249 1866 374 1902 licentia
395 1866 441 1902 fas
461 1867 502 1902 sit
527 1866 566 1901 de
592 1866 784 1901 monasterio
812 1865 993 1906 discedere;

249 1915 463 1952 discedentem
507 1928 579 1951 vero
617 1915 736 1963 absque
773 1915 992 1950 communium

248 1965 422 2001 litterarum
440 1966 584 2001 cautione
598 1965 705 2000 nullus
721 1965 834 1999 audeat
849 1965 992 2000 retinere.

249 2014 425 2051 Statuimus
459 2023 637 2071 praeterea,
671 2023 706 2049 ut
741 2026 841 2062 neque
870 2014 992 2057 comiti,

250 2077 351 2112 neque
370 2065 515 2113 principi,
542 2077 601 2100 nec
621 2064 714 2099 alicui
738 2064 910 2103 saeculari,
947 2065 991 2098 vel

249 2115 479 2150 ecclesiasticae
515 2125 668 2162 personae
713 2114 802 2148 liceat
840 2113 993 2148 indebitas

250 2171 282 2198 et
303 2164 436 2199 iniustas
466 2164 644 2199 exactiones
664 2176 695 2198 m
723 2163 859 2210 praefato
882 2175 994 2198 mona-

250 2214 346 2249 sterio
362 2225 518 2249 exercere.
537 2213 620 2249 Sane
636 2212 792 2248 novalium
807 2220 992 2257 vestrorum

251 2275 331 2310 quae
371 2263 506 2319 propriis
546 2262 691 2297 manibus
731 2270 783 2296 aut
815 2262 994 2309 sumptibus

251 2313 368 2358 colitis,
404 2313 468 2347 sive
505 2312 544 2346 de
576 2312 777 2347 nutrimentis
810 2311 992 2346 animalium

250 2361 358 2398 nullus
383 2374 400 2397 a
426 2361 514 2397 vobis
548 2361 687 2407 decimas
713 2363 838 2407 exigere
866 2373 995 2416 praesu-

251 2418 327 2447 mat.
356 2411 503 2446 Oheunte
524 2423 596 2446 vero
619 2418 664 2455 te,
686 2418 745 2445 etc.
767 2423 860 2456 usque
887 2410 995 2457 provi-

252 2461 355 2497 derint
368 2461 560 2507 eligendum.
576 2459 777 2508 Sepulturam
793 2472 919 2507 quoque
932 2468 991 2495 etc.

251 2523 345 2557 usque
373 2522 504 2558 corpora
537 2517 753 2545 assumuntur.
784 2508 994 2545 Decernimus

68 2013 188 2036 immunitas
210 2013 236 2034 ab

57 2046 112 2067 amnt
128 2045 235 2071 violentam

70 2266 94 2288 82
133 2266 238 2294 exemptio

57 2297 193 2320 unm-rum:

287 2589 327 2626 (Ι)
342 2591 443 2616 Robina
457 2592 484 2616 et
503 2591 602 2615 rabina
616 2588 712 2615 canalis
731 2597 778 2624 per
793 2597 871 2623 quem
888 2589 995 2616 deriva-

254 2634 297 2658 tnr
314 2638 383 2666 aqua
398 2629 471 2656 fluvii
490 2630 652 2665 generatim‚·
678 2629 810 2656 interdum
834 2634 860 2656 et
884 2630 995 2657 navibus

254 2670 381 2698 vehendis
395 2675 483 2706 aptus.
501 2670 536 2706 (n.
555 2669 593 2705 τ.)

857 275 1047 298 ΑΙᾸΞΧΑΝΙΠΞΙΙ
1076 275 1111 296 ΙΙΙ
1137 275 1184 296 ΙΨ.

1666 259 1728 290 70¹

1039 341 1112 375 ergo
1142 336 1201 363 etc.
1232 341 1323 373 usquc
1356 327 1438 362 salva
1467 325 1561 362 Sedis
1583 324 1786 380 Apostolicae

1038 378 1240 417 auctoritate,
1272 386 1301 412 ct
1324 376 1501 411 dioecesani
1524 374 1661 422 episcopi
1690 385 1786 408 cano-

1040 428 1106 463 nica
1135 428 1261 462 iustitia
1296 427 1330 461 Si
1358 439 1418 474 qua
1443 426 1537 471 i1ritut·
1559 433 1618 459 etc.
1652 423 1785 465 Cunctis

1038 486 1142 512 autem
1170 485 1229 511 etc.
1252 476 1367 520 Amen,
1394 488 1499 516 amen,
1520 486 1622 509 amen.

1087 527 1155 561 Eoo
1182 527 1386 561 Ari-:xisnan
1421 524 1592 560 catliolicac
1629 521 1786 556 Ecclesiae

1037 576 1217 624 episcopus.

1086 626 1154 673 Ego
1178 624 1321 660 Ubaldus
1340 623 1442 672 presb.
1465 623 1550 658 card.
1579 622 1623 657 tit.
1653 620 1785 656 Sanctae

1037 675 1149 711 Crucis
1171 675 1200 709 in
1225 673 1434 709 Hierusalem.

1085 725 1152 771 Ego
1173 724 1258 759 Βο5ο
1280 723 1382 772 presb.
1406 722 1490 758 card.
1518 721 1550 757 S.
1569 719 1786 756 Pudentianae

1038 774 1083 809 tit.
1112 774 1262 809 Pastoris.

1086 824 1153 870 Ego
1180 824 1292 858 Petrus
1329 821 1431 870 presb.
1461 820 1545 856 card.
1573 820 1618 855 tit.
1641 819 1675 854 S.
1699 817 1786 853 Lau-

1038 874 1125 909 rentii
1150 874 1177 907 iu
1207 873 1353 907 Damaso.

1085 923 1152 968 Ego
1173 922 1349 957 Tbeoditus
1372 921 1474 970 presb.
1504 918 1589 955 card.
1616 917 1650 952 S.
1674 916 1785 952 Vitalis

1108 973 1267 1008 Vestinae.

1086 1022 1152 1068 Ego
1175 1022 1310 1057 lacintus
1331 1021 1463 1056 Sanctae
1480 1017 1596 1054 Mariae
1611 1017 1641 1052 in
1658 1016 1784 1051 Cosme-

1036 1072 1090 1107 din
1114 1072 1194 1107 diac.
1224 1071 1308 1106 card.

1086 1121 1152 1168 Ego
1169 1121 1295 1156 Arslicio
1322 1120 1402 1155 diac.
1430 1117 1514 1154 card.
1536 1117 1570 1152 S.
1592 1115 1762 1151 Theodori.

1084 1171 1150 1217 Ego
1173 1170 1354 1205 Minfredus
1375 1169 1453 1204 diac.
1481 1166 1566 1203 card.
1591 1165 1624 1201 S.
1653 1165 1782 1213 Georgii

1036 1221 1073 1256 ad
1095 1221 1204 1255 Velum
1227 1221 1379 1255 Aureum.

1084 1270 1152 1318 Ego
1192 1270 1284 1316 Hugo
1318 1269 1397 1303 diac.
1436 1266 1520 1302 card.
1556 1265 1589 1300 S.
1622 1264 1782 1299 Eus·acbii

1037 1300 1131 1355 iuxta&
1139 1320 1291 1367 templum
1319 1318 1488 1365 Agrippae.

1084 1370 1151 1416 Ego
1183 1370 1296 1404 Petrus
1331 1367 1411 1402 diac.
1439 1364 1522 1401 card.
1551 1364 1585 1399 S.
1614 1363 1757 1398 Mariae
1752 1376 1782 1398 in

1036 1420 1169 1467 Aquiro.

1083 1470 1197 1504 Datum
1220 1465 1389 1502 Beneventi
1413 1477 1468 1512 per
1491 1475 1617 1498 manum
1641 1462 1781 1497 Gratiani

1035 1527 1160 1554 sanctae
1190 1517 1230 1552 R.
1254 1517 1292 1551 E.
1321 1514 1506 1550 subdiaconi
1541 1520 1571 1548 et
1598 1512 1730 1555 notarii,
1757 1525 1782 1547 11

1036 1569 1105 1604 idus
1126 1567 1324 1615 septembris,
1348 1564 1454 1599 indict.
1482 1576 1506 1604 1,
1534 1562 1652 1598 incarn.
1680 1562 1784 1596 domi-

1036 1619 1123 1654 nicae
1162 1630 1212 1652 an.
1251 1627 1426 1655 mccxvnr,
1471 1612 1671 1661 pontificatus
1710 1624 1782 1646 nro

1035 1667 1143 1703 domni
1169 1665 1340 1702 Alexandri
1366 1664 1470 1711 Papae
1496 1662 1537 1697 Ill
1560 1674 1643 1696 anno
1668 1674 1707 1695 tx.

1055 1725 1114 1756 Dat.
1133 1725 1180 1755 die
1204 1723 1239 1754 102
1256 1721 1432 1763 septembris
1455 1730 1530 1750 anno
1547 1719 1662 1750 Domini
1679 1718 1764 1756 1168,

1281 1767 1383 1808 pontif.
1406 1775 1482 1796 anno
1501 1774 1537 1795 tx.

1038 973 1083 1008 tit.

1341 1930 1472 1967 xxvtl.

1037 2007 1238 2052 Privileqium
1267 2005 1450 2039 monasterio
1477 2005 1512 2038 S.
1549 2005 1719 2048 Reparatae
1747 2004 1783 2035 de

1084 2057 1249 2091 Marradio
1270 2056 1387 2089 ordinis
1410 2053 1696 2087 Vallis-Umbrosae
1721 2052 1782 2085 Fa-

1081 2107 1220 2140 ventinae
1245 2105 1384 2139 dioecesis
1406 2106 1461 2147 (l).

1301 2182 1515 2214 SUMMARIUM

1035 2249 1188 2280 Exordium
1224 2246 1387 2287 (omissum).
1418 2262 1457 2268 —
1489 2244 1695 2275 Monasterium
1725 2245 1779 2274 sub

1074 2293 1251 2332 protectione
1263 2292 1347 2321 Sedis
1358 2290 1543 2330 Apostolieae
1562 2291 1781 2329 suscipitur,—

1072 2339 1210 2377 Bonaque
1227 2336 1324 2367 omnia
1341 2336 1561 2372 confirmantur3
1574 2352 1613 2357 —
1627 2334 1657 2364 In
1673 2335 1781 2374 quibus

1074 2382 1213 2413 nonnulla
1243 2385 1461 2411 enumerantur.
1497 2396 1537 2402 —
1566 2379 1779 2410 Decimationes

1073 2432 1151 2457 ratae
1164 2425 1317 2456 habentur.
1328 2424 1560 2463 —Sepulturam
1572 2424 1694 2454 liberam
1706 2424 1780 2454 inibi

1074 2481 1139 2501 esse
1157 2470 1335 2500 decernitur.
1357 2486 1396 2492 —-
1410 2469 1480 2499 Cum
1498 2469 1593 2499 solitis
1612 2468 1781 2498 cont-lusio-

1074 2516 1173 2546 nibus.
1189 2532 1230 2537 —
1249 2514 1405 2544 Alexandri
1429 2512 1483 2543 PP.
1506 2517 1534 2543 et
1555 2512 1583 2543 S.
1612 2512 1644 2542 R.
1672 2513 1701 2542 E.
1717 2522 1781 2543 car-

1074 2560 1215 2591 dinalium
1238 2559 1469 2599 subscriptiones
1493 2559 1533 2597 (n.
1556 2558 1606 2597 τ.).

1070 2631 1108 2665 (1)
1125 2630 1165 2657 Α1)
1180 2630 1323 2665 exemplari
1345 2630 1439 2657 Codice
1463 2629 1544 2656 edidit
1570 2629 1670 2664 Ughell.
1686 2649 1692 2661 ,
1722 2629 1777 2657 Ital.

1035 2671 1105 2703 Sao,
1124 2675 1186 2698 tom.
1207 2679 1237 2697 ιι.

1805 267 1854 293 An.
1872 266 1901 291 C.
1916 263 1982 291 1168

1827 438 1875 458 Cum
1890 437 1957 457 solitis

1841 469 1941 489 clausulis

1815 535 1926 556 Alexandri
1945 534 1984 555 ΙΨ.

1800 634 1820 651 Μ
1836 631 1857 651 S.
1880 631 1902 650 tt.
1927 631 1982 651 Eccl.

1821 663 1957 682 cardinalium

1800 694 1976 721 subscriptiones.
