2180 3205
135 227 139 230 ”
180 231 230 255 An.
251 229 280 256 C.
296 228 362 255 ΗΒΘ

427 218 498 251 418

376 291 500 317 sanctae
526 282 688 316 Romanae
716 280 878 315 Ecclesiae
899 280 1022 315 diaconi
1050 293 1124 315 car-

377 333 500 369 dinalis,
523 341 551 365 et
564 331 751 369 cancellarii,
767 342 825 365 viti
842 329 991 364 kalendas
1006 330 1122 375 aprilis.

377 381 549 415 indictione
570 392 621 418 m,
645 380 869 414 incarnationis
896 391 978 414 anno
1004 390 1124 419 merxr,

377 429 576 477 pontificatus
589 441 660 464 vero
673 429 779 463 domni
796 428 968 464 innocentii
983 427 1084 476 Papae
1098 427 1124 462 ll

375 491 459 514 anno
478 491 524 513 ῑιι
548 481 601 522 (l).

430 535 491 566 Dat.
510 536 557 567 die
578 535 617 566 ⁶25
639 535 735 566 martii
759 544 835 565 anno
852 534 969 565 Domini
989 534 1075 571 1140,

625 579 727 619 pontif.
751 588 826 609 anno
844 587 882 610 ιιι.

698 741 809 777 vat.

400 818 604 865 Prim‘leyr'um
631 829 688 863 pro
710 818 831 851 ecclesia
853 818 887 852 S.
917 817 1042 851 Nicolai
1067 819 1102 850 de

530 869 694 902 Miseram
717 867 885 900 Bi'turt‘cen.
915 868 968 909 (2).

645 943 857 975 SUMMARtmt

375 1014 541 1046 Exordium,
571 1031 611 1037 —
640 1014 802 1044 Ecclesiam
831 1014 866 1043 de
899 1013 1049 1044 Miseraico
1073 1014 1127 1043 sub

418 1060 502 1090 Sedis
522 1059 709 1098 Apostolicae
728 1058 907 1097 protectione
931 1058 1129 1097 recipitur.—

416 1104 492 1134 Bona
513 1105 547 1134 ad
570 1113 634 1133 eam
657 1104 819 1142 spectantia
843 1103 1062 1132 confirmantur.
1090 1120 1129 1125 —-

416 1147 550 1178 Decimas
582 1149 618 1178 ab
650 1157 683 1177 ea
706 1148 801 1185 exigi,
835 1147 876 1176 vel
910 1156 1128 1186 quamcumque

417 1192 503 1222 aliam
519 1192 686 1222 molestiam
703 1192 798 1220 eidem
812 1191 915 1220 inferri
935 1192 1128 1221 interdicitur.

415 1253 455 1259 —
475 1236 639 1266 innocentii
656 1235 710 1265 Pr.
736 1241 761 1266 et
786 1234 814 1265 S.
834 1235 866 1264 R.
884 1235 915 1264 E.
935 1236 1127 1266 cardinalium

417 1281 664 1320 subscriptiones.

377 1352 523 1382 Innocentius
545 1351 665 1389 episcopus
682 1359 760 1379 sertus
779 1359 894 1380 servorum
917 1350 968 1388 Del,
991 1350 1082 1380 dilectis
1107 1352 1128 1380 in

418 1396 506 1426 Christo
527 1396 590 1433 filiis,
613 1395 712 1425 Geraldo
739 1395 808 1433 priori
831 1395 859 1424 de
874 1395 1012 1431 miseraico,
1035 1396 1130 1433 eiusque

417 1438 524 1469 fratribus
541 1444 587 1469 tam
609 1438 768 1478 praesentibus
789 1448 857 1477 quani
879 1438 969 1476 inlinis,
997 1441 1019 1468 in
1048 1440 1129 1469 eodeni

418 1483 469 1513 loco
484 1483 617 1522 religiosam
633 1483 701 1511 ritant
727 1481 843 1521 professis,
862 1483 884 1512 iu
907 1488 1054 1522 perpetuum.

428 1550 490 1591 Qut
524 1550 689 1595 religiosos
722 1548 822 1591 foret,
859 1557 887 1583 et
927 1549 986 1596 piis
1021 1562 1127 1584 eorum

380 1599 545 1634 desideriis
566 1598 688 1633 facilem
713 1597 839 1644 praebet
862 1610 1038 1641 assensum,
1056 1612 1130 1643 gra-

381 1657 445 1683 tum
472 1648 610 1683 Domino
632 1647 773 1682 immolat
805 1647 1033 1682 holocaustum.
1067 1649 1129 1682 Ea-

382 1706 521 1746 propter,
553 1697 658 1732 dilecti
687 1698 716 1730 in
752 1696 890 1731 Domino
924 1697 992 1737 filii,
1019 1699 1130 1732 vestris

205 1756 341 1791 §cetea-ide
383 1746 649 1795 postulationibus
685 1754 811 1792 paterna
848 1746 1039 1792 benignitate
1073 1759 1130 1781 an-

186 1786 531 1844 5⁸22,}¹“,¹[,21⁵‡‚¹1¹1'-nuin1us,
562 1804 592 1830 et
622 1795 786 1830 ecclesiam
816 1795 902 1829 Beati
935 1795 1054 1830 Nicolai
1091 1797 1130 1830 de.

183 1849 366 1899 {ggipislfffjffiffle
381 1845 565 1889 Miseraico,
588 1846 617 1879 in
640 1857 701 1891 qua
729 1844 835 1878 divino
855 1845 969 1888 vacatis
991 1846 1129 1886 servitio,

231 1886 241 1905 p
290 1896 293 1898 ’
381 1895 441 1930 sub
462 1895 543 1930 beati
566 1895 649 1929 Petri
672 1901 702 1928 et
725 1902 827 1928 nostra
856 1895 1049 1940 protectione
1076 1907 1130 1929 su-

381 1945 546 1991 scipimus,
568 1953 599 1979 et
620 1943 715 1978 buius
735 1943 841 1989 scripti
856 1944 1018 1990 privilegio
1040 1956 1130 1978 com-

383 1995 560 2035 munimus,
579 2001 762 2032 statuentes,
780 2001 813 2027 ut
828 2005 1046 2040 quascumque
1063 2006 1131 2040 pos-

197 2048 253 2091 ΒΨ
275 2049 299 2090 ὃξῑ
321 2054 366 2069 2³¹¹*
381 2044 550 2083 sessiones,
572 2054 790 2090 quaecumque
817 2041 910 2085 bona,
935 2042 1018 2076 idem
1044 2055 1130 2077 reue-

183 2083 302 2130 {CZJJSYSY
318 2086 368 2100 ⁰⁰¹¹*
382 2093 487 2128 rabilis
525 2092 613 2127 locus
652 2092 945 2138 impraesentiarum
982 2092 1061 2126 iuste
1100 2101 1130 2127 et

382 2143 533 2177 canonice
555 2141 705 2189 possidet,
728 2141 774 2175 vel
790 2141 820 2174 in
841 2141 981 2175 futurum
1005 2153 1131 2176 conces-

381 2193 471 2226 sione
504 2190 717 2234 Pontiticum,
755 2190 918 2236 largitione
944 2203 1053 2237 regum
1082 2192 1128 2226 vel

383 2241 575 2288 principum,
599 2239 757 2278 oblatione
786 2239 935 2280 fidelium,
970 2252 1026 2275 seu
1059 2240 1130 2274 aliis

382 2291 471 2325 iustis
498 2290 610 2330 modis,
637 2289 704 2324 Deo
726 2289 872 2336 propitio,
897 2290 1009 2336 poterit
1027 2289 1130 2336 adipi-

214 1561 331 1582 Exordium.

417 2364 458 2399 (l)
475 2363 623 2398 Legendum
635 2364 781 2393 undecimo,
798 2366 923 2397 computo
939 2362 1008 2389 enim
1025 2363 1129 2398 Diony-

382 2404 454 2430 siano
468 2411 552 2430 annus
566 2404 629 2429 ttttt
643 2402 832 2437 correspondet
844 2403 1051 2437 superiorianno
1066 2403 1131 2429 liltO

382 2451 458 2470 aerae
475 2444 603 2478 vulgaris,
622 2447 701 2478 prout.
716 2442 814 2468 indicat
833 2442 941 2468 indictio
959 2443 1046 2474 tertia,
1063 2450 1131 2476 quae

382 2484 485 2509 nonnisi
506 2483 555 2509 hoc
579 2490 648 2509 anno
673 2483 873 2514 numerabatur,
899 2487 926 2508 et
953 2482 1130 2517 respondebat

382 2530 451 2549 anno
468 2530 496 2548 xi
516 2522 684 2557 pontificatus
703 2522 857 2548 Innocentii.
897 2523 935 2557 (2)
948 2523 1016 2548 luter
1029 2522 1131 2550 [nstru-

383 2566 469 2588 menta
495 2562 624 2588 Ecclesiae
654 2562 824 2588 Bituricensis
848 2561 930 2589 edidit
954 2562 1129 2598 Samtnartb.,

383 2600 449 2638 Gatl,
467 2601 575 2635 Christ.,
594 2605 656 2630 tom.
675 2609 705 2635 ιι,
725 2610 783 2637 pag.
801 2602 845 2629 59.

967 226 1066 249 nt'tJA
1073 226 1102 248 nt
1110 225 1153 248 [Ἤ
1181 226 1250 248 nou
1257 226 1347 248 ANUM

1164 723 1288 767 ‘minum
1311 723 1414 766 liceat,
1449 722 1616 770 praefatam
1650 731 1780 757 vestram
1804 721 1917 757 Eccle-

1932 226 1980 253 Aa.
2000 212 2113 253 cliuo

1167 280 1228 319 sci,
1257 279 1345 314 firma
1369 279 1456 314 vobis
1479 280 1652 327 vestrisque
1677 280 1916 316 successoribus

1167 337 1196 363 et
1231 329 1344 363 illibata
1373 339 1586 375 per-naneant.
1613 330 1782 364 Sancimus
1808 331 1915 370 etiam,

1169 387 1200 412 nt
1223 379 1251 412 iu
1275 378 1385 415 eodeni
1414 378 1481 413 loco
1516 379 1674 424 perpetuis
1702 378 1812 413 futuris
1836 388 1915 413 tein-

1169 427 1298 474 poribus
1338 427 1488 462 enitescat
1528 427 1659 473 religio,
1699 427 1916 465 interdicimus

1167 477 1273 519 ctiam,
1302 485 1334 511 ut
1363 476 1438 510 nulli
1461 477 1590 511 omuino
1615 477 1778 511 bominum
1802 477 1846 511 sas
1866 478 1916 521 sit,

1168 526 1206 560 de
1233 526 1342 560 vestris
1369 525 1540 565 laboribus,
1569 538 1649 572 quos
1684 526 1816 572 propriis
1849 538 1916 560 tna-
2137 529 2145 549 ¹-

1169 575 1261 610 nibus
1282 584 1334 609 aut
1353 574 1532 621 sumptibus
1554 575 1667 615 colitis,
1690 575 1735 609 vel
1759 587 1794 609 ex
1814 574 1914 610 Fructu
2131 580 2147 612 '-

1170 633 1343 659 vestrorum
1370 624 1571 665 animalium,
1606 623 1746 659 decimas
1779 624 1914 670 exigere.
1943 633 2110 657 Decimum-nizea
2129 631 2147 657 »ξ

1169 673 1377 713 Decernimus
1403 685 1490 719 ergo,
1524 681 1556 707 ut
1589 673 1664 708 nulli
1697 673 1826 707 omnino
1859 673 1916 707 bo—
1929 666 2144 723 ῗζξῇζξᾚζζῖ

1938 726 2056 748 molestiam
2071 727 2105 748 el-
2130 735 2146 747 ν.

1168 772 1245 807 siam
1269 781 1386 807 temere
1413 772 1608 819 perturbare,
1629 779 1683 806 aut
1701 772 1769 806 eius
1792 784 1917 818 posses·
1930 757 2065 809 ffffidiiffim
2079 763 2112 778 ω’
2134 752 2146 783 ’ξ

1168 822 1275 856 siones
1307 821 1446 865 auferre,
1476 821 1520 855 vel
1545 821 1664 856 ablatas
1686 822 1832 864 retinere,
1856 821 1917 855 mi-

1171 883 1278 915 nuere,
1301 883 1355 905 seu
1379 870 1572 917 quibuslibet
1594 870 1747 905 molestiis
1773 869 1917 916 fatigare;

1169 920 1222 955 sed
1250 921 1356 955 omnia
1384 922 1504 966 integra
1531 928 1768 963 conserventur,
1794 931 1917 959 eorum,

1171 982 1226 1015 pro
1257 982 1390 1016 quorum
1423 970 1648 1016 gubernatione
1678 977 1708 1004 et
1728 969 1917 1003 substenta-

1170 1019 1254 1053 tione
1282 1031 1429 1055 concessa
1458 1027 1549 1058 sunt,
1584 1018 1697 1053 usibus
1725 1017 1918 1052 omnimodis

1172 1068 1343 1115 profutura.
1366 1067 1399 1102 Si
1423 1069 1495 1114 quis
1518 1068 1610 1113 igitur
1632 1068 1661 1102 in
1682 1067 1820 1102 futurum
1843 1067 1917 1101 huic

1171 1126 1277 1152 nostro
1308 1117 1434 1151 decreto
1466 1117 1620 1152 contraire
1653 1116 1917 1164 praesumpserit,

1171 1166 1417 1211 indignationem
1441 1166 1668 1213 omnipotentis
1693 1166 1770 1206 Dei,
1792 1174 1822 1200 et
1843 1165 1919 1199 bea-
2108 1212 2110 1214 Ι
2140 1199 2148 1209 .

1172 1224 1272 1250 torum
1297 1215 1379 1250 Petri
1415 1224 1445 1249 et
1479 1215 1567 1250 Pauli
1602 1215 1816 1262 apostolorum
1851 1215 1919 1249 eius
2108 1228 2144 1252 πρ

1171 1265 1326 1309 incurrat,
1353 1273 1383 1299 et
1409 1265 1726 1299 excommunicationi
1750 1263 1918 1299 subiaceat.
2136 1271 2137 1274 ’

1171 1313 1404 1349 Conservantes
1429 1323 1533 1349 autem
1562 1314 1660 1352 baec,
1691 1313 1920 1360 omnipotentis

1171 1364 1228 1398 Dei
1264 1371 1293 1398 et
1327 1363 1511 1398 eorumdem
1539 1363 1752 1410 apostolorum
1787 1362 1920 1397 benedi·

1171 1414 1306 1448 ctionem
1335 1421 1363 1447 et
1382 1414 1512 1459 gratiam
1535 1420 1781 1459 consequantur.
1804 1411 1920 1456 Amen,

1171 1475 1274 1504 amen,
1297 1475 1398 1496 amen.

1221 1511 1290 1546 Euo
1322 1511 1534 1546 tsxocmmcs
1569 1511 1739 1546 catholicae
1760 1509 1921 1545 Ecclesiae
1949 1513 2145 1548 innocentum}

1171 1561 1347 1608 episcopus.
2136 1576 2138 1578 v

1220 1610 1288 1656 Ego
1315 1609 1482 1644 Conradus
1508 1609 1658 1644 Sabinen.
1689 1609 1870 1657 episcopus.

1220 1659 1285 1705 Ego
1299 1659 1533 1693 Theodewinus
1546 1659 1579 1693 S.
1590 1658 1724 1694 Rufinae
1740 1659 1918 1706 episcopus.

1220 1708 1288 1754 Ego
1310 1708 1470 1742 Ger-ardus
1498 1708 1660 1755 presbyter
1691 1708 1859 1743 cardinalis
1884 1706 1918 1742 S.

1172 1757 1285 1792 Crucis
1309 1758 1337 1791 in
1363 1756 1570 1792 Hierusalem.

1221 1807 1288 1852 Ego
1317 1807 1464 1841 Athenas
1492 1806 1683 1841 Albanensis
1714 1806 1893 1854 episcopus.

1220 1856 1289 1902 Ego
1311 1856 1481 1890 Anselmus
1508 1856 1669 1903 presbyter
1695 1856 1813 1891 cardin.
1839 1855 1918 1890 tituli

1172 1904 1204 1940 S.
1233 1905 1394 1940 Laurentii
1423 1905 1452 1939 in
1476 1905 1605 1939 Lucina.

1222 1955 1289 2001 Ego
1317 1954 1483 1989 Albericus
1504 1954 1681 1989 Hostiensis
1703 1954 1882 2000 episcopus.

2137 787 2146 796 ι

2131 808 2147 829 '⁴3

1935 1627 1956 1644 at
1976 1622 1999 1644 R.
2020 1622 2044 1644 fl.
2060 1622 2117 1645 Ecel.

1956 1654 2095 1676 cardinalium
2129 1682 2135 1687 .

1935 1685 2111 1712 subscriptiones.
2131 1687 2143 1701 ἐ

1220 2004 1288 2050 Ego
1315 2003 1541 2051 Chrysogonus
1563 2003 1725 2051 presbyter
1742 2003 1861 2038 cardin.
1880 2002 1920 2037 ti-

1172 2053 1227 2088 tuli
1255 2053 1390 2087 Sanctae
1414 2053 1576 2088 PraxediS:
2120 2062 2130 2098 ·.

1220 2106 1288 2153 Ego
1313 2106 1481 2141 Raiuerius
1504 2106 1666 2154 presbyter
1687 2106 1808 2142 cardin.
1836 2105 1918 2140 tituli
2125 2119 2136 2143 ··,

1171 2161 1205 2196 S.
1234 2161 1369 2195 Priscae.
2122 2156 2134 2198 ἶ

1220 2215 1287 2261 Ego
1323 2214 1429 2250 Guido
1470 2215 1572 2262 presb.
1609 2213 1729 2250 cardin.
1770 2212 1850 2248 tituli
1884 2212 1918 2247 S.
2124 2214 2140 2257 3

1171 2268 1336 2304 Caeciliae.
2120 2263 2134 2286 '³‘

1220 2323 1289 2369 Ego
1319 2322 1512 2358 Octavianus
1542 2322 1694 2357 diaconus
1728 2320 1848 2357 cardin.
1882 2321 1918 2356 S.
2121 2334 2125 2343 =

1171 2376 1288 2411 Nicolai
1316 2376 1347 2410 in
1371 2376 1516 2411 Carcere.
2110 2368 2134 2430 Q·-

1219 2430 1335 2465 Datum
1356 2429 1519 2473 Laterani,
1545 2441 1601 2477 per
1623 2440 1736 2464 manus
1757 2427 1914 2475 Aymerici
2105 2419 2134 2458 „¹-

1171 2492 1295 2518 sanctae
1316 2483 1478 2517 Romanae
1504 2482 1664 2518 Ecclesiae
1692 2481 1814 2516 diaconi
1848 2493 1919 2515 car-

1171 2536 1285 2571 dinalis
1311 2544 1341 2571 et
1371 2536 1558 2577 cancellarii,
1593 2549 1631 2571 ιιι
1664 2547 1762 2571 nonas
1797 2535 1917 2582 aprilis,

1173 2589 1345 2625 indictione
1381 2602 1436 2632 111,
1476 2589 1698 2625 incarnationis
1740 2588 1921 2626 dominicae
