2180 3205
113 241 162 267 An.
179 239 206 267 C.
230 239 296 267 1068

150 294 180 313 les
197 294 215 313 in
228 299 252 313 eo
264 300 296 317 ‚ze-

114 324 160 340 ›tae
176 326 213 345 pro
228 320 296 340 Stil-¹1⁴·

112 349 183 366 nitaua
195 346 296 367 litavit-zia.

147 1432 191 1452 Atia
212 1430 303 1451 Salerni-

121 1461 170 1479 tana
181 1457 271 1483 synodus

147 1485 235 1505 Nomina
270 1489 304 1503 eo-

121 1517 165 1532 rum
188 1512 222 1535 qui
243 1512 304 1531 inter-

121 1539 209 1561 metunt.

174 2183 196 2197 es
227 2182 236 2196 a
270 2175 312 2194 Wi-

130 2205 209 2224 lintmo,
226 2208 312 2227 eiusque

129 2230 228 2250 militibffl
245 2228 313 2248 red-lt-

379 226 424 258 32

330 288 415 324 Petri
455 287 665 334 apostolorum
705 283 877 331 principiS,
911 294 991 328 quae
1029 289 1076 316 est

331 337 472 373 ciusdem
495 336 628 371 civitatis
643 334 734 369 sedes
755 333 965 377 episcopatus,
983 342 1076 377 prae-

331 386 508 421 sidentibus
536 384 647 426 nobis,
675 391 703 416 et
730 381 798 415 aliis
825 380 1021 426 coepiscopis
1047 386 1076 413 et

329 435 515 473 abbatibus,
543 433 592 467 dic
629 430 832 465 kalendarum
871 436 1074 473 augustarum

330 484 482 519 celebrata
510 490 567 520 est,
595 479 750 514 confrater
777 486 882 512 noster
912 477 1076 523 Alphanus

330 534 363 567 S.
392 531 607 566 Salernitanac
634 528 794 562 Ecclesiae
820 526 1077 572 archiepiscopus

331 582 369 615 dc
397 578 640 614 haereditatibus
666 577 767 611 eidem
795 575 953 609 Ecclesiae
981 574 1077 621 perti-

329 629 502 671 nentibus,
542 639 619 674 quas
658 625 838 660 Guilelmus
877 624 958 658 titius
992 623 1077 657 Tan-

328 679 439 713 crcdae
455 705 462 714 ,
486 685 515 710 et
543 676 656 710 milites
678 675 724 709 sui
754 674 948 715 invaserant,
975 673 1078 719 queri-

329 728 465 762 moniam
489 726 570 760 fecit.
594 724 685 759 Unde
707 736 777 758 eunt
801 735 817 757 a
841 722 932 756 nobis
959 721 1017 756 bac
1039 721 1077 755 de

331 777 448 811 ratione
471 781 626 811 vocatum,
656 781 686 806 ut
709 784 788 818 quae
817 771 968 805 violenter
994 770 1079 804 inva-

330 833 434 864 serat,
463 825 543 858 iuste
576 822 679 857 eidem
717 821 877 855 Ecclesiae
913 819 1077 860 redderet,

330 883 459 922 paterna
486 873 612 907 caritate
639 871 835 905 monuimus:
863 868 916 904 sed
945 869 1018 915 quia
1046 869 1077 902 in

329 922 526 959 contumacia
555 933 610 955 sua
638 919 814 967 perdurans
835 918 964 953 obedire
987 918 1078 953 nobis

332 981 362 1008 et
390 980 473 1007 tauto
500 969 666 1006 conventui
693 969 812 1009 noluit,
842 967 956 1002 iudicio
984 967 1078 1002 totius

330 1022 410 1057 sacri
436 1020 560 1056 concilii
583 1016 655 1053 eum
686 1026 716 1052 et
738 1018 874 1052 fautores
904 1029 980 1052 suos
1001 1029 1017 1051 a
1045 1015 1080 1050 li-

330 1071 469 1105 minibus
496 1069 529 1104 S.
556 1068 715 1102 Ecclesiae
742 1067 1021 1113 sequestravimuS,
1048 1073 1079 1099 et

331 1119 541 1155 anathematis
563 1117 697 1156 vinculo,
725 1128 891 1163 quousque
917 1116 1080 1161 resipisce-

332 1177 395 1212 ret,
424 1168 662 1206 innodavimus,
689 1167 743 1201 sed
774 1173 880 1213 postea
907 1165 1080 1210 inspirante

333 1218 394 1254 sibi
423 1218 488 1257 illo,
515 1217 569 1264 qui
603 1215 761 1250 neminem
797 1215 862 1249 vult
890 1214 1022 1260 perire,'
1040 1212 1078 1247 ad

333 1267 560 1315 poenitentiam
587 1273 617 1299 et
642 1264 680 1299 ad
709 1264 980 1303 emendationem,
1007 1274 1079 1296 cum

331 1317 455 1352 Salerni
483 1327 637 1357 essemus,
664 1322 735 1348 ante
766 1323 903 1347 nostram
932 1323 1080 1358 praeseu-

332 1367 406 1400 tiam
429 1378 500 1400 curn
527 1363 679 1399 militibus
705 1364 773 1398 suis
795 1361 957 1397 humiliter
984 1360 1080 1401 venit;

332 1422 526 1463 quapropter
552 1414 775 1460 episcoporum
810 1421 839 1446 et
872 1410 1022 1446 abbatum
1050 1418 1081 1444 et

335 1466 466 1500 aliorum
498 1463 637 1498 fidelium
671 1469 860 1508 congregato
900 1467 1080 1502 conventu,

335 1515 415 1549 inter
444 1525 527 1560 quos
548 1512 674 1546 fuerunt
704 1511 837 1545 loannes
858 1509 1081 1544 Tusculanen—

335 1564 378 1598 sis
404 1563 574 1610 episcopus
601 1560 788 1600 cardinatis,
819 1567 849 1594 et
875 1558 1082 1593 Ildebrandus

335 1613 369 1648 S.
404 1612 441 1646 R.
469 1612 507 1646 E.
541 1610 804 1650 archidiaconus,
837 1617 867 1644 et
893 1607 1082 1642 Ambrosius

335 1662 570 1696 Terracinensis
607 1661 798 1707 episcopus,
838 1666 868 1693 et
908 1657 1082 1691 Baldonius

336 1711 472 1758 Melphis
492 1710 673 1757 episcopus,
687 1716 717 1744 et
732 1707 913 1755 Stephanus
926 1706 1082 1741 Troianus

337 1761 518 1808 episcopus,
545 1767 575 1793 et
601 1758 791 1804 lngilbertus
811 1755 982 1791 Tuscensis
1012 1755 1084 1802 epi-

338 1822 452 1857 scopus
477 1816 507 1844 et
528 1808 669 1843 Gisulfus
695 1806 911 1842 Salernitanus
937 1805 1084 1852 princeps

339 1871 410 1894 cum
443 1858 592 1893 fratribus
620 1857 685 1892 suis
718 1856 865 1891 Guidoue
899 1863 929 1890 et
957 1853 1083 1894 Ioanne,

338 1908 501 1943 Robertus
522 1907 598 1951 dux,
624 1914 654 1941 et
681 1905 835 1952 Rogerius
857 1915 964 1939 eomes
993 1903 1086 1938 frater

340 1958 420 1997 eius,
448 1966 476 1992 ct
503 1957 553 1991 alii
585 1955 691 2003 plures
716 1953 915 2001 Lougobardi
945 1961 974 1987 et
1003 1952 1086 1986 Nor-

341 2007 464 2046 manni,
503 2005 585 2040 idem
612 2004 792 2040 Guilelmus
829 2011 859 2037 ct
893 2001 1087 2037 Girmcndus

342 2056 425 2091 filius
446 2054 620 2093 Gimundi,
659 2054 711 2100 qui
749 2053 864 2088 dicitur
908 2051 947 2086 de
980 2050 1087 2094 Muls,

343 2106 433 2139 miles
459 2105 526 2139 eius
550 2103 792 2142 haereditarius,
814 2102 849 2136 S.
874 2100 1088 2136 Salernitanae

343 2154 513 2197 Ecclesiae,
529 2153 713 2187 nominatim
737 2159 855 2186 curtem
879 2150 912 2185 S.
928 2149 1012 2184 Petri
1031 2149 1090 2184 Da-

343 2211 425 2242 taro,
455 2211 485 2237 ct
510 2210 630 2237 curtem
657 2201 690 2236 S.
721 2200 781 2235 Viti
810 2201 847 2235 de
879 2199 974 2239 Siler,
1009 2210 1090 2245 quae

345 2260 415 2287 sunt
437 2254 519 2286 iuxta
535 2251 679 2286 eumdem
704 2251 851 2291 fluvium,
874 2256 905 2283 ct
925 2248 1089 2283 ecclesiam

347 2301 380 2336 S.
408 2301 568 2335 Michaelis
589 2299 785 2345 archangeli,
813 2310 892 2345 quae
918 2298 976 2332 sita
999 2296 1089 2332 estin

346 2359 452 2397 crypta
478 2350 612 2393 montis,
635 2349 687 2396 qui
711 2348 824 2382 dicitur
851 2347 991 2391 Aureus,
1019 2358 1090 2380 cum

347 2399 495 2434 omuibus
522 2398 701 2433 hominibus
732 2405 762 2432 et
784 2396 981 2444 pertinentiis
1008 2394 1091 2434 suis3

348 2448 432 2484 unde
459 2447 539 2482 idem
567 2447 824 2493 archiepiscopus
850 2445 962 2480 multas
981 2443 1092 2478 inscri-

348 2498 472 2544 ptiones
499 2496 646 2534 ostendit,
671 2496 748 2529 iuris
774 2495 866 2529 etiam
896 2492 1092 2528 haereditarii

348 2547 509 2582 Ecclesiae
532 2557 606 2580 suae
632 2556 719 2585 esse,
747 2552 872 2590 paratus
898 2548 1094 2577 sacramento

350 2596 474 2631 firmare
501 2594 614 2639 voluit,
641 2601 671 2630 et
704 2601 840 2629 castrum
867 2592 993 2628 Olibani
1021 2602 1094 2626 eum

909 227 1098 251 BULLARIUM
1123 225 1287 249 ROMANUM

1117 280 1266 315 omnibus
1288 278 1471 313 hominibus
1492 285 1523 312 et
1549 278 1748 325 pertinentiis
1774 278 1840 312 suis
1855 306 1863 318 ,

1117 337 1146 364 et
1166 341 1215 364 res
1236 329 1274 362 de
1296 328 1363 362 lacu
1389 328 1505 361 maiore
1523 339 1594 362 cum
1617 335 1681 362 toto
1704 329 1770 374 ipso
1785 328 1864 366 lacu,

1117 387 1147 412 et
1174 390 1223 412 res
1245 377 1283 411 dc
1307 376 1475 416 Tnsciano,
1499 383 1530 410 et
1556 376 1595 411 de
1624 376 1737 421 Lama,
1768 385 1797 411 et
1827 378 1865 411 ‹le

1118 425 1306 466 Rivo-Atm,
1328 433 1357 460 et
1381 425 1419 459 de
1442 425 1522 468 Asa,
1549 433 1579 460 et
1606 426 1644 460 de
1670 425 1864 465 Pacentino,

1117 484 1147 509 et
1168 475 1296 519 lufuni,
1323 482 1354 509 et
1380 474 1594 517 Salsanicum,
1633 482 1664 508 et
1685 474 1800 510 Forino
1835 484 1865 509 et

1119 524 1325 570 Anguillario,
1353 531 1382 557 ct
1400 523 1505 563 Prato,
1527 531 1557 558 et
1579 535 1689 558 omnes
1703 524 1777 558 alias
1799 537 1864 567 res,

1118 573 1175 619 ipsi
1204 573 1293 607 matri
1321 572 1480 607 Ecclesiae
1502 580 1532 607 ct
1558 572 1691 608 caeteris
1716 572 1866 607 Ecclesiis

1117 622 1322 657 Salernitauis
1339 622 1541 668 pertinentes.
1560 622 1619 656 sub
1635 622 1762 656 nomine
1781 621 1865 663 fidei,

1118 684 1211 718 quam
1247 671 1315 705 Deo
1347 679 1377 705 ct
1414 671 1447 705 S.
1486 671 1579 706 Petro
1618 670 1797 711 debebant,
1834 671 1864 705 in

1119 733 1212 754 manu
1242 729 1345 755 nostra
1378 719 1590 755 refutaverunt
1615 728 1708 767 atque
1737 720 1868 755 dimise-

1118 779 1203 809 runt,
1228 777 1258 804 et
1279 782 1312 804 se
1334 769 1595 804 confirmaverant
1616 781 1685 804 esse
1707 769 1766 803 sub
1790 782 1868 804 ana-

1120 820 1278 859 themate,
1315 819 1341 853 si
1380 830 1432 853 eas
1464 818 1599 866 amplius
1631 827 1868 866 praesumerent

1120 868 1276 903 invadere.
1305 867 1382 902 Inde
1406 880 1480 912 nos,
1502 868 1650 902 omnibus
1680 868 1868 915 supradictis

1119 930 1225 952 coram
1247 917 1460 958 adstantibus,
1482 918 1704 964 episcoporum
1730 917 1867 961 iudicio,

1119 975 1149 1001 et
1187 967 1367 1002 laudatione
1402 966 1682 1013 Lougobardorum
1723 975 1752 1001 et
1785 967 1867 1001 Nor-

1121 1028 1320 1057 mannorum,
1348 1016 1401 1063 qui
1430 1016 1612 1055 intererant,
1641 1025 1766 1051 sanctae
1802 1015 1868 1050 Sa-

1120 1065 1290 1100 lernitanae
1322 1065 1498 1107 Ecclesiae,
1526 1072 1557 1100 et
1596 1077 1650 1112 per
1684 1077 1750 1100 eam
1785 1065 1866 1105 tibi,

1120 1115 1275 1149 confrater
1287 1114 1397 1149 Atfane
1407 1114 1604 1149 Salernitane
1619 1114 1867 1162 archiepiscope,

1120 1164 1422 1210 successoribusque
1449 1165 1521 1207 tuis,
1543 1163 1740 1211 supradictas
1768 1176 1816 1197 res
1837 1171 1868 1199 et

1121 1213 1331 1248 haereditates
1364 1213 1574 1247 stabilivimus
1589 1241 1596 1254 ,
1628 1213 1844 1248 concessimus
1859 1240 1868 1257 ,

1121 1271 1151 1298 et
1178 1263 1207 1297 iu
1237 1270 1423 1310 perpetuum
1454 1262 1697 1303 confirmamus3
1725 1271 1753 1296 et
1785 1262 1869 1296 dein-

1121 1324 1206 1359 ceps,
1233 1312 1318 1346 salvo
1348 1319 1400 1346 tuo
1427 1323 1712 1358 successorumque
1743 1319 1868 1346 tuorum

1123 1362 1240 1408 vigore,
1261 1373 1368 1396 earum
1391 1361 1551 1396 invasores
1571 1369 1602 1395 et
1628 1361 1870 1407 depraedatores

1122 1419 1152 1445 et
1174 1418 1390 1457 persecutores
1409 1419 1560 1457 perpetuo
1582 1410 1789 1445 anathematis
1807 1410 1872 1444 vin-

1121 1460 1192 1495 culo
1216 1460 1394 1506 religamus.
1415 1459 1448 1494 Si
1471 1460 1542 1506 quis
1555 1472 1628 1494 vero
1646 1467 1754 1494 contra
1774 1459 1870 1493 huius

1123 1517 1248 1544 nostrae
1286 1509 1513 1556 praeceptionis
1558 1509 1708 1555 scriptum
1756 1517 1872 1543 temere

1122 1571 1213 1604 agere
1242 1558 1500 1605 praesumpserit,
1522 1566 1575 1592 aut
1601 1557 1704 1592 fautor
1724 1558 1872 1601 extiterit,

1123 1608 1200 1643 sciat
1221 1620 1254 1643 se
1281 1609 1463 1643 auctoritate
1485 1608 1522 1642 B.
1549 1607 1635 1642 Petri
1657 1607 1873 1653 apostolorum

1125 1657 1277 1705 principis
1299 1666 1329 1692 et
1354 1665 1471 1697 nostra,
1499 1669 1514 1691 a
1542 1669 1640 1703 regno
1666 1656 1724 1691 Dei
1751 1656 1874 1691 aliena—

1124 1716 1211 1746 tum,
1246 1715 1337 1753 atque
1364 1719 1436 1741 cum
1463 1706 1538 1740 Iuda
1566 1705 1715 1740 traditore
1742 1705 1872 1740 Domini

1125 1756 1156 1791 in
1178 1764 1340 1791 aeternum
1357 1756 1552 1790 damnatum.
1571 1755 1633 1797 Qui
1653 1763 1757 1790 autem
1778 1755 1873 1789 huius

1125 1814 1249 1841 nostrae
1263 1805 1479 1840 concessionis
1493 1813 1523 1840 et
1539 1805 1787 1840 confirmationis
1803 1816 1873 1839 con·
1921 1829 1923 1833 ι

1125 1855 1319 1890 stitutionem
1337 1854 1548 1890 observaverit
1569 1854 1713 1898 devotus,
1728 1866 1744 1887 a
1759 1853 1874 1888 Sancta

1126 1912 1156 1939 et
1194 1904 1358 1939 Individua
1393 1904 1544 1938 Trinitate
1580 1903 1806 1945 benedicatur,
1844 1910 1875 1936 et

1127 1954 1242 1989 aeterni
1270 1954 1376 2000 regni,
1403 1952 1686 1988 intervenientibus
1711 1952 1769 1987 Dei
1803 1951 1875 1986 Ge-

1127 2003 1237 2038 nitrice
1260 2003 1370 2043 Maria,
1397 2010 1427 2037 et
1447 2002 1484 2036 B.
1507 2002 1663 2037 Matthaeo
1688 2001 1830 2048 apostolo
1846 2008 1877 2035 et

1128 2057 1339 2104 evangelista,
1372 2069 1506 2104 quornm
1545 2068 1671 2091 causam
1707 2055 1876 2096 adiuverit,

1130 2113 1287 2159 particeps
1308 2111 1387 2147 effici
1415 2118 1573 2146 mereatur
1599 2113 1643 2154 (t)

1178 2166 1251 2201 Eoo
1280 2166 1506 2209 Amxmnan,
1541 2164 1638 2199 solius
1666 2164 1724 2198 Dei
1753 2163 1879 2198 miseri-

1132 2221 1237 2256 cordia
1260 2219 1332 2255 licet
1348 2219 1499 2265 indignus
1519 2218 1553 2253 S.
1568 2218 1608 2252 R.
1632 2225 1662 2253 et
1679 2216 1879 2264 Apostolicae

1131 2274 1292 2310 Ecclesiae
1313 2274 1494 2322 episcopus,
1517 2273 1547 2307 in
1571 2273 1628 2307 hac
1648 2271 1880 2306 constitutionis

1133 2329 1245 2377 pagina
1285 2327 1322 2363 ad
1360 2326 1613 2363 confirmandum
1653 2324 1762 2360 volens
1803 2322 1880 2358 sub-

1134 2383 1256 2429 scripsi.

1182 2437 1250 2483 Ego
1276 2436 1409 2472 loannes
1429 2433 1675 2470 Tusculanensis
1701 2431 1880 2479 episcopus,

1136 2503 1185 2525 me
1210 2491 1337 2526 atl'uisse
1360 2489 1541 2529 testificans,
1568 2486 1750 2533 subscripsi.

1170 2563 1208 2597 (t)
1229 2563 1301 2589 llanc
1321 2561 1418 2587 bullam
1451 2560 1582 2594 Ughotlius
1610 2557 1697 2584 datam
1727 2555 1784 2582 vult
1813 2562 1882 2581 anuo

1139 2603 1213 2636 2008,
1231 2602 1302 2637 quod
1317 2603 1341 2629 ei
1357 2601 1466 2628 libenter
1482 2599 1585 2626 damus.

1887 227 1934 253 An.
1957 226 1986 253 C.
2004 225 2072 253 1058

1922 1082 2015 1103 Eaedem
2032 1088 2066 1102 res

1909 1109 2057 1129 Salernitauae

1894 1135 2004 1156 Ecclesiae
2032 1140 2079 1155 con-

1895 1162 2017 1182 firmantur:

1922 1187 1972 1217 Cum
1987 1187 2083 1214 amante-2

1903 1217 1966 1235 matis
2004 1220 2073 1240 poena

1905 1243 1977 1261 contra
2002 1246 2074 1261 earum

1897 1268 2016 1291 invasores,
2045 1267 2082 1287 de-

1896 1294 2031 1320 predatores,
2042 1295 2082 1314 etc.

1931 2130 1971 2151 PF.
1999 2130 2089 2151 subscri·

1904 2158 1962 2187 ptic,
1986 2156 2044 2177 card.
2070 2159 2090 2176 et

1907 2189 2060 2210 episcoporum.
