2180 3205
449 302 518 323 0⁸0

181 329 230 356 An.
248 328 276 356 c.
300 328 368 357 1¹05
451 320 519 335 ’Ν

393 367 488 410 Quod
521 367 545 401 si
581 365 707 407 cognita
741 364 836 399 liuius
867 364 964 398 nostri
992 364 1144 411 privilegii

397 417 521 464 pagina,
544 415 592 450 vel
610 415 801 449 Mantuanus
817 414 996 460 episcopus,
1020 413 1065 448 rel
1081 426 1145 448 cae-

395 467 466 505 tei-i,
490 466 518 499 in
547 476 680 511 quorum
711 463 911 498 dioecesibus
934 472 1052 497 restrae
1073 471 1145 497 sunt

395 514 570 553 facultates,
596 513 760 548 temerario
776 525 856 547 ausu
879 512 1060 559 perturbare
1080 524 1144 556 vos,

395 572 425 597 et
449 576 497 597 rrs
524 562 669 597 coenobii
692 561 887 602 diminuere,
914 561 962 596 vel
985 562 1050 595 suis
1073 561 1144 596 usi-

392 612 451 646 bus
486 612 637 660 deinceps
673 623 822 658 usurpare
863 611 1144 658 praesumpserint,

392 673 519 696 omnem
547 673 592 702 se,
628 673 721 708 quam
758 661 910 695 liat-tenus
948 659 1142 701 habuerunt,

393 711 568 745 amissuros
595 710 742 745 noverint
766 717 962 756 potestatem.
989 709 1054 743 Vos
1086 721 1144 743 an—

395 768 469 800 tem,
493 760 615 801 fratres,
637 759 751 794 divinis
778 759 928 794 solicitius
945 759 1058 792 instare
1077 770 1144 793 ser-

392 809 487 848 vitiis,
503 818 538 844 et⁴
551 809 728 856 regularem
746 808 918 843 districtius
942 807 1142 854 disciplinam

392 858 559 893 observare
596 865 713 893 curate.
759 857 806 891 Ad
848 857 999 891 indicium
1038 865 1142 891 autem

393 907 486 941 liuius
509 916 674 955 perceptae
697 907 735 941 ab
753 906 835 941 Sede
851 906 1031 953 ,apostolica
1047 904 1144 940 liber-

393 957 464 991 tatis
487 957 565 992 duas
587 957 653 991 auri
679 956 788 990 uncias
814 955 975 989 annuatim
1008 954 1143 989 Latera-

393 1007 483 1040 ncnsi
508 1006 622 1053 palatio
646 1005 838 1052 persolvetis.
863 1004 930 1038 Hoc
958 1004 1053 1050 igitur
1078 1016 1142 1038 no-

392 1063 474 1090 strae
511 1055 710 1101 privilegium
745 1053 916 1088 sanctionis
949 1053 974 1087 si
1010 1053 1079 1099 quis
1111 1054 1141 1087 in

391 1105 564 1139 crastinum
587 1103 860 1149 archiepiscopus,
889 1110 941 1136 aut
962 1102 1142 1149 episcopus,

987 308 1174 331 cucumim
1197 307 1358 330 nonaxon
1959 326 1998 354 An
2029 326 2048 355 c
2076 328 2142 356 1105

1515 361 1618 396 XXII.

1190 436 1389 479 Confirmatio
1408 435 1644 480 pri'oi'leyt'orum
1667 435 1763 478 pallii
1783 440 1810 467 et
1837 433 1935 467 cruris

1237 486 1385 529 papiensi
1419 485 1557 528 episcopo
1592 496 1660 517 cum
1692 485 1764 517 aliis
1795 484 1935 527 pluribus

1231 534 1401 578 pri'vileyt'is
1428 546 1447 566 α
1480 534 1628 566 Romanis
1669 533 1866 577 Pontificibus
1892 533 1936 564 ei-

1233 585 1300 617 dem
1321 591 1346 616 et
1367 583 1602 616 antecessoribus
1623 593 1828 615 concessorum
1844 583 1921 623 (1)..

1453 646 1668 677 SUMMARIUM

1186 701 1353 731 Exordium.
1372 718 1412 724 ——
1428 700 1514 730 Pallii
1527 709 1598 729 usus
1613 699 1864 728 confirmatur.-
1877 698 1938 728 Mo-

1225 747 1351 775 nasteria
1373 746 1400 776 S.
1420 745 1521 775 Donati
1541 744 1576 774 de
1595 743 1720 773 Scovilla
1736 747 1764 772 et
1780 741 1809 772 S.
1828 742 1936 772 Mariae

1225 791 1253 820 in
1277 790 1389 819 Cairate
1407 789 1543 828 Papiensi
1569 788 1707 827 episcopo
1726 786 1937 823 subiiciuntnr;

1223 851 1264 857 —
1281 834 1311 864 ln
1339 834 1525 871 caeterisque
1548 831 1736 861 monasteriis
1767 830 1936 860 omnimoda

1225 879 1398 909 conceditur
1429 878 1605 907 iurisdictio.
1636 892 1677 897 -
1698 875 1850 904 Decretum
1883 883 1935 913 pro

1225 923 1409 952 immunitate
1428 922 1571 951 bonorum
1595 925 1622 950 et
1653 920 1762 950 iurium
1786 919 1935 949 Ecclesiae

1224 967 1391 1006 Pupiensis3
1423 976 1490 996 cum
1513 965 1742 995 comminatione
1774 971 1935 1002 poenarum

1224 1016 1322 1040 contra
1343 1010 1556 1040 inobedientes.
1578 1026 1618 1031 —
1640 1007 1894 1046 I'P.subscriptio.

1183 1064 1319 1092 paschatis
1333 1065 1472 1099 episcopus
1492 1070 1586 1091 servus
1603 1069 1742 1090 servorum
1754 1061 1810 1093 Dei,
1823 1067 1934 1089 venera·

1228 1110 1277 1137 oili
1294 1109 1403 1136 Gnidoni
1421 1108 1588 1143 Papiensium
1605 1107 1736 1143 episcopo,
1754 1106 1862 1142 eiusque
1875 1112 1934 1134 suc·

202 888 296 908 Annuus
317 892 369 908 cen-

182 920 219 936 sus
232 921 243 935 a
254 914 368 935 monachis

182 942 322 962 Laterauensi
332 946 367 966 pa-

181 969 233 989 latio
244 968 368 995 persolven-

182 997 232 1016 dus.

194 1045 281 1065 Poenae
292 1047 368 1065 contra

202 1072 255 1091 haec
267 1074 347 1091 statuta

181 1098 354 1119 inobservantes.

208 1869 245 1900 ΡΡ.
271 1869 370 1890 subscri-

182 1899 236 1922 puo.

393 1165 457 1192 rex,
485 1153 645 1200 princeps,
668 1152 744 1192 dux,
772 1151 925 1196 marchio,
953 1150 1142 1198 praefectus,

391 1211 444 1237 aut
460 1202 565 1247 iudex,
591 1213 709 1246 comeS,
731 1201 919 1245 vicecomes,
943 1200 991 1235 vet
1010 1212 1143 1247 persona

391 1251 551 1298 quaelibet
578 1263 690 1297 magna
718 1250 764 1285 vel
794 1262 906 1297 parva,
933 1250 1070 1284 scienter
1094 1250 1143 1284 in-

392 1301 527 1347 fringere
554 1308 607 1335 aut
634 1308 788 1336 temerare
820 1300 1086 1346 praesumpserit,
1113 1307 1143 1334 et

393 1350 619 1385 monasterium
643 1349 718 1384 illud
739 1361 868 1395 gravare
886 1356 938 1383 aut
961 1348 1143 1395 perturbare

393 1409 512 1434 temere
533 1406 665 1434 conatus
698 1398 809 1442 suerit,
844 1398 986 1433 secundo
1013 1398 1143 1433 tertiove

394 1448 621 1492 commonitus,
644 1448 747 1482 sinon
770 1447 981 1482 satisfactione
1004 1459 1142 1493 congrua

393 1498 621 1541 emendaverit,
643 1509 659 1532 a
686 1496 816 1540 Christi,
838 1505 867 1531 et
890 1496 1050 1531 Ecclesiae
1072 1508 1144 1531 cor-

393 1559 468 1594 pore
491 1547 674 1582 auctoritate
697 1546 859 1593 potcstatis
885 1546 1074 1593 apostolicae
1093 1558 1143 1580 se-

394 1605 554 1643 gregetur.
595 1595 863 1631 Conservantibus
900 1602 1004 1629 autem
1042 1606 1099 1641 pax
1127 1607 1143 1629 a

395 1646 463 1680 Dro
480 1654 510 1680 et
527 1644 740 1680 misericordia
756 1645 971 1691 praesentibus
983 1656 1018 1678 ac
1031 1643 1144 1679 futuris

393 1695 527 1729 saeculis
549 1702 763 1729 conservetur.
787 1693 900 1728 Amen.
917 1692 1077 1740 Scriptum
1089 1706 1144 1740 per

394 1757 522 1779 manum
557 1743 706 1791 Raynerii
733 1743 876 1778 scrinarii
907 1743 1087 1788 regionarii,
1114 1751 1144 1777 et

394 1794 507 1828 notarii
536 1794 615 1827 sacri
641 1792 755 1839 palatii.

442 1843 514 1877 Euo
554 1842 737 1877 pascimus
774 1841 947 1876 catholicae
983 1840 1144 1877 Ecclesiae

393 1893 564 1940 episcopus
586 1903 627 1926 ss.

443 1941 510 1987 Ego
528 1940 686 1975 Iohannes
698 1939 945 1974 Tusculanensis
975 1939 1071 1986 episc.
1101 1952 1143 1974 ss.

442 1990 576 2025 Ioannes
609 1989 777 2024 cardinalis
813 1989 976 2036 presbyter
1003 1989 1082 2023 tituli
1110 1988 1143 2024 S.

394 2039 580 2074 Anastasiae
606 2051 648 2073 ss.

443 2088 599 2123 Ricardus
625 2086 816 2122 Albanensis
837 2086 1006 2133 episcopus
1028 2098 1069 2121 ss.

444 2137 603 2173 Robertus
630 2136 797 2172 cardinalis
820 2136 982 2184 presbyter
1003 2135 1042 2170 de
1058 2136 1146 2170 titulo

395 2187 429 2222 S.
458 2187 586 2222 Eusebii
610 2199 652 2220 ss.

444 2236 540 2271 Risus
559 2235 721 2283 presbyter
742 2233 912 2269 cardinalis
935 2233 1016 2268 tituli
1039 2233 1145 2269 Sancti

397 2284 523 2320 Damasi
553 2297 595 2320 ss.

445 2335 561 2369 Datum
589 2332 733 2368 Laterani
758 2345 813 2379 per
839 2344 967 2366 manum
998 2331 1146 2366 Iohannis

395 2392 521 2419 sanctae
554 2383 716 2418 Romanae
743 2382 904 2416 Ecclesiae
926 2381 1049 2415 diaconi
1078 2393 1148 2415 car-

397 2433 527 2473 dinalis,
549 2444 584 2467 ac
605 2431 851 2474 bibliothecarii,
875 2430 1047 2465 indictione
1071 2442 1147 2473 xm,

396 2494 459 2516 xm
486 2481 546 2516 kal.
574 2481 691 2528 aprilis,
719 2480 943 2515 incarnationis
970 2478 1148 2513 dominicae

396 2543 479 2565 anno
500 2543 580 2575 MCV,
602 2530 805 2578 pontificatus
827 2537 932 2564 autem
957 2527 1064 2562 domni
1088 2528 1149 2562 Pa-

397 2579 512 2614 sclialis
538 2579 668 2614 secundi
694 2579 816 2626 Papae,
834 2590 879 2612 vi.

458 2643 519 2675 Dat.
537 2645 584 2676 die
601 2645 639 2676 ΞΟ
657 2645 752 2675 martii
770 2654 844 2674 anno
862 2642 978 2673 Domini
1002 2642 1086 2679 1105,

652 2688 754 2728 pontis.
773 2698 848 2718 anno
865 2695 903 2718 vi.

1228 1155 1389 1186 cessorstms.
1410 1153 1438 1180 in
1456 1153 1626 1188 perpetuum,

1232 1212 1322 1246 Sicut
1360 1212 1474 1245 iniusta
1515 1209 1716 1256 poscentibus
1756 1208 1862 1244 nullus
1887 1215 1935 1244 est

1185 1261 1369 1296 tribuendus
1390 1260 1537 1303 effectus,
1564 1259 1610 1294 sic
1636 1258 1772 1305 legitima
1800 1258 1936 1293 deside-

1186 1312 1319 1345 rantium
1343 1322 1406 1344 non
1428 1318 1474 1344 cst
1501 1307 1673 1343 differenda
1701 1308 1820 1355 petitio.
1856 1307 1935 1342 Tuis

1185 1361 1297 1406 igitur,
1325 1359 1418 1394 frater
1441 1359 1470 1393 in
1498 1357 1626 1392 Christo
1648 1357 1824 1396 carissime,
1859 1369 1936 1404 pre-

1184 1410 1273 1444 cibus
1285 1417 1471 1447 annuentes,
1494 1419 1620 1442 omnem
1638 1405 1932 1450 vestraelEcclesiae

1184 1458 1368 1505 dignitatem
1381 1471 1434 1504 poi·
1450 1457 1728 1504 praedecessorum
1753 1464 1932 1491 nostrorum

1186 1509 1361 1554 privilegia,
1388 1508 1435 1541 vel
1462 1506 1640 1540 authentica
1663 1506 1779 1552 scripta
1801 1517 1935 1540 conces·-

1185 1570 1272 1598 sam,
1309 1570 1367 1591 nos
1403 1568 1528 1604 quoque
1568 1556 1740 1602 praesentis
1779 1553 1934 1601 privilegii

1184 1608 1364 1641 auctoritate
1394 1606 1566 1640 firmamus.
1594 1604 1759 1651 Siquidem
1786 1603 1934 1638 fraterni-

1187 1665 1279 1691 tatem
1320 1665 1402 1691 toam
1450 1655 1531 1689 inter
1575 1654 1740 1688 missarum
1780 1652 1934 1688 solemnia

1187 1705 1280 1752 pallio
1315 1705 1549 1748 decoravimus,
1582 1711 1612 1738 et
1644 1711 1705 1738 tam
1743 1702 1800 1737 tibi
1838 1714 1934 1749 quam

1185 1755 1421 1789 successoribus
1443 1754 1503 1788 tuis
1526 1752 1732 1787 concedimus
1754 1752 1785 1786 in
1809 1763 1935 1798 proces-

1185 1805 1274 1839 sione
1294 1804 1485 1842 Palmarum,
1508 1812 1537 1837 et
1556 1802 1650 1836 seriae
1673 1814 1698 1836 11
1722 1809 1792 1848 post
1812 1800 1935 1835 Pascha

1186 1866 1302 1900 equum
1316 1854 1422 1888 album
1440 1853 1590 1899 equitare,
1614 1851 1717 1886 udone
1737 1854 1780 1895 (2)
1798 1862 1935 1897 cooper-

1186 1911 1268 1937 tum:
1292 1915 1418 1937 crucem
1435 1903 1515 1936 inter
1529 1900 1754 1935 ambulandum
1768 1899 1934 1946 praeferre:

1188 1953 1412 1986 monasterium
1434 1951 1467 1986 S.
1488 1950 1602 1985 Donati
1624 1962 1638 1983 a
1661 1949 1821 1984 Ticinensi
1836 1960 1936 1996 quon-

1187 2001 1257 2035 dam
1281 2003 1429 2047 episcopo
1453 2001 1482 2033 in
1504 1999 1638 2034 Scovilla
1661 1998 1839 2042 fundatum,
1865 2009 1936 2031 mo-

1188 2051 1358 2085 nasterium
1393 2050 1426 2083 S.
1461 2049 1574 2083 Man-iae
1613 2048 1643 2082 in
1680 2046 1822 2086 Cairate,
1862 2046 1936 2081 licet

1188 2108 1272 2134 extra
1300 2108 1433 2134 vestram
1461 2097 1632 2132 dioecesim
1667 2097 1725 2132 sita
1759 2096 1936 2139 videantur,

1188 2149 1269 2183 sicut
1291 2149 1443 2183 hactenus
1469 2147 1682 2186 habitavsunt,
1701 2158 1772 2181 cum
1785 2145 1936 2180 omnibus

1188 2199 1224 2233 ad
1249 2199 1314 2245 ipsa
1348 2196 1591 2245 pertinentibus,
1626 2196 1656 2230 in
1685 2204 1785 2230 vestra
1811 2205 1938 2241 semper

1189 2247 1307 2281 ditione
1334 2259 1369 2282 ac
1395 2246 1604 2293 dispositione
1634 2245 1820 2280 habeantur.
1854 2242 1937 2278 Cae-

1190 2306 1326 2331 terornm
1349 2296 1442 2331 etiam
1462 2295 1736 2334 monasteriorum,
1758 2305 1838 2341 quae
1857 2292 1936 2327 infra

1190 2354 1309 2380 vestrae
1326 2345 1480 2380 dioecesis
1502 2344 1581 2378 fines
1595 2354 1680 2384 sunt,
1699 2343 1848 2377 canonica
1865 2341 1938 2376 dis-

1191 2395 1322 2442 positio,
1359 2402 1388 2429 et
1420 2394 1586 2432 abbatum,
1614 2393 1668 2440 qui
1697 2392 1727 2426 in
1763 2391 1808 2426 eis
1843 2398 1936 2436 sunt,

1192 2444 1237 2479 vel
1275 2444 1504 2478 abbatissarum
1540 2442 1711 2485 discussio,
1754 2440 1866 2475 electio
1907 2448 1938 2475 et

1190 2494 1385 2528 consecratio
1413 2500 1514 2526 vestro
1539 2503 1665 2537 semper
1693 2489 1824 2524 arbitrio
1854 2501 1939 2524 con-

1190 2551 1369 2578 serventur:
1396 2541 1482 2576 salvo
1504 2541 1535 2575 in
1557 2540 1704 2574 omnibus
1729 2538 1824 2574 Sedis
1849 2539 1940 2585 Apo-

1225 2612 1264 2646 (t)
1284 2611 1372 2639 Edidit
1388 2610 1490 2645 Ughell.
1510 2609 1568 2648 ital.
1583 2609 1640 2636 Sac.
1665 2611 1730 2635 tom.
1748 2615 1765 2634 1.
1805 2607 1844 2642 (ἢ)
1863 2608 1938 2647 Hane

1192 2656 1282 2675 vocem
1307 2648 1452 2681 scriptores
1471 2649 1631 2673 recentiores
1656 2648 1784 2679 usurpant
1808 2651 1856 2677 pro
1877 2651 1940 2678 equi

1190 2688 1307 2722 stragulo
1322 2686 1436 2714 coactili.
1804 2683 1848 2719 (tt.
1860 2683 1904 2718 T.)

1974 1227 2102 1249 Exordium.

1962 1619 2022 1639 Patt'i
2033 1624 2087 1640 usus
2095 1623 2146 1642 con·

1962 1646 2071 1667 firmatur.

1981 1972 2111 1993 Mouasteria
2124 1972 2146 1993 S.

1962 1999 2042 2020 Donati
2055 2000 2082 2020 de
2095 2000 2148 2019 Sco-

1962 2027 2020 2051 vffla,
2036 2026 2085 2046 ets.
2101 2026 2149 2046 Ua-

1962 2053 2008 2073 riae
2022 2053 2044 2073 in
2064 2052 2146 2073 cairate

1961 2079 2059 2105 Papiensi
2065 2079 2147 2105 episto-

1962 2111 1990 2132 po
2023 2106 2147 2127 subiiciun-

1963 2136 2007 2158 tur:

1967 2275 1992 2295 In
2002 2274 2140 2306 eaeterisque-⁴

1983 2305 2122 2322 monasterus

1992 2328 2119 2349 omnimoda

1961 2355 2092 2376 conceditur
2111 2355 2146 2377 iu-

1961 2381 2068 2403 risdictio.
