2180 3205
121 245 171 272 An.
191 244 220 271 C.
239 243 305 271 1099

137 632 309 653 Ecclesiasttcam

124 666 167 680 rem
179 658 270 678 vendere
281 658 309 677 si-

124 686 244 707 mmiacum
263 689 308 705 esse

124 712 227 733 decernit.

167 1764 253 1783 Munere
281 1762 320 1782 tin-

135 1796 195 1815 guae,
211 1790 243 1809 vel
261 1789 320 1809 inde-

140 1817 179 1837 biti
208 1815 314 1841 obsequii,

134 1844 167 1863 vel
185 1842 277 1867 pecunia
286 1847 320 1862 res

148 1868 307 1889 ecclesiasticas

135 1896 286 1921 adipiscentes,
294 1894 321 1914 si-

135 1922 244 1942 moniacos
275 1926 320 1941 esse

136 1948 239 1968 declarat.

168 2394 326 2414 Chalcedonen-

140 2421 168 2441 sis
184 2420 275 2446 synodus
294 2426 326 2440 or·

141 2447 274 2466 dinattonum
289 2452 327 2472 per

141 2473 251 2499 pecuniam
261 2473 327 2493 sacta-

383 219 429 251 20
436 219 455 251 >2

332 290 455 330 oportet
494 292 551 314 nos
584 291 654 314 cum
683 277 841 324 Propheta
876 287 914 310 ex
949 275 1080 310 adverso

332 330 513 370 ascendere,
536 336 566 362 et
589 339 714 361 murum
736 337 897 372 opponere
915 336 970 372 pro
985 324 1080 358 domo

333 380 426 415 Israel
444 382 497 422 (a),
513 385 542 412 et
557 375 751 411 cumeodem
762 373 914 420 Apostolo
935 385 989 420 per
1005 372 1080 407 mul-

334 438 381 463 tas
409 425 627 462 tribulationes
649 424 765 458 intrare
794 424 826 457 in
850 434 982 468 regnum
1004 421 1080 462 Dei3

334 476 417 512 unde
431 488 491 510 uon
514 482 589 510 sunt
609 473 785 519 condignae
800 472 965 519 passiones
987 471 1081 505 liuius

332 525 483 572 temporis
509 524 548 559 ad
582 523 719 558 suturam
745 521 896 568 gloriam,
923 532 1004 568 quae
1031 531 1082 555 re-

332 575 485 610 velabitur
506 573 537 607 in
560 572 652 607 nobis
674 573 724 616 (b).

381 623 556 671 §ngitur
574 621 648 668 quia
672 619 836 654 innotuisti
863 618 967 658 nobis,
997 617 1081 664 quod

334 672 390 707 tibi
405 672 565 715 obiicitur,
575 678 679 705 utrum
690 669 824 704 vendere
839 667 1082 703 ecclesiasticam

334 734 422 760 rem,
455 720 664 755 simoniacum
694 719 747 753 sit:
782 718 842 752 lioc
875 716 1083 751 simoniacum

334 783 424 814 esse,
465 776 607 814 patenter
643 767 799 813 colligitur
826 778 864 800 ex
889 765 967 808 hoc,
997 764 1083 811 quod

335 820 445 854 beatus
462 819 577 853 Petrus
589 816 750 863 apostolus
771 816 812 850 ait
833 815 971 850 Simoni:
985 813 1085 848 Pecu-

336 869 386 903 nia
410 877 461 902 tua
474 875 577 902 tecum
592 867 632 901 sit
649 866 678 899 in
696 865 914 912 perditionem,
928 862 999 909 quia
1018 861 1085 896 exi-

336 917 468 952 stimasti
491 916 609 951 donum
633 915 691 948 Dei
715 913 847 960 pecnnia
870 911 1023 959 possideri
1036 914 1083 955 (c).

335 966 463 1001 Donum
485 965 605 1011 quippe
626 963 685 998 Dei
708 971 754 997 est
772 962 911 1008 Spiritus
931 960 1084 1000 Sanctus,

337 1024 366 1049 et
390 1016 507 1049 donum
541 1013 600 1048 Dei
629 1019 676 1046 est
703 1023 752 1045 res
792 1010 893 1057 ipsius
926 1008 1086 1043 Ecclesiae

337 1064 450 1099 oblata.
473 1063 513 1097 Et
526 1062 550 1096 si
568 1062 647 1095 bene
663 1059 815 1099 advertis,
837 1058 947 1093 Simon
963 1057 1086 1103 Magus,

337 1114 389 1158 qui
413 1112 483 1146 ficte
504 1110 541 1146 ad
566 1110 661 1144 [idom
682 1108 824 1147 accessit,
847 1120 911 1142 non
934 1106 1086 1154 Spiritum

337 1162 508 1201 Sanctum,
537 1171 600 1206 quo
628 1159 695 1204 ipse
723 1157 872 1203 indignus
895 1163 960 1190 erat
987 1158 1088 1202 (quo—

341 1210 438 1251 niam,
463 1217 497 1243 ut
523 1208 678 1254 scriptum
705 1214 764 1241 est:
793 1206 930 1252 Spiritus
951 1204 1089 1239 Sanctus

339 1258 526 1306 disciplinae
567 1256 698 1302 effugiet
720 1255 838 1298 fictum)
861 1257 914 1298 (J),
929 1253 984 1288 sed
1000 1253 1088 1297 ideo,

339 1316 492 1354 quantum
521 1307 552 1340 in
575 1306 643 1352 ipso
669 1312 746 1348 erat,
776 1315 881 1338 emere
909 1302 1028 1347 voluit,
1056 1310 1089 1336 ut

340 1369 377 1391 ex
400 1355 581 1391 venditione
602 1355 784 1400 signorum,
815 1365 896 1399 quae
919 1363 973 1398 per
999 1363 1089 1386 eum-

341 1406 414 1440 dem
449 1404 586 1444 fiebant,
622 1402 862 1449 multiplicatam
901 1401 1089 1447 pecuniam,

341 1467 435 1502 quam
453 1453 620 1495 obtulerat,
635 1451 818 1486 lucraretur.
838 1450 904 1485 Nec
920 1449 1090 1496 Apostolus

342 1503 533 1550 emptionem
567 1501 705 1547 Spiritus
731 1499 854 1540 Sancti,
887 1510 980 1546 quam
1009 1498 1090 1532 bene

343 1560 469 1586 noverat
497 1550 562 1584 fieri
592 1562 653 1584 non
681 1561 784 1596 posse,
808 1548 862 1583 sed
886 1547 1090 1582 ambitionem

343 1601 413 1635 talis
435 1607 582 1647 questuS,
605 1598 686 1632 idest
717 1597 875 1631 avaritiam
891 1624 898 1634 ,
932 1596 1017 1643 quod
1045 1604 1092 1630 est

345 1649 500 1684 idolorum
523 1647 669 1689 servitus,
693 1647 722 1681 in
740 1645 851 1680 eodem
879 1645 1009 1680 Simone
1036 1657 1092 1679 ex-

344 1698 482 1741 horruit,
514 1705 543 1731 et
566 1696 796 1730 maledictionis
824 1695 924 1729 iaculo
949 1694 1091 1740 perculit.

391 1747 412 1794 g
432 1751 465 1780 2.
481 1745 635 1792 Quisquis
657 1744 760 1791 itaque
783 1756 833 1778 res
853 1743 1093 1785 ecclesiasticas,

345 1809 424 1842 quae
444 1796 502 1830 Dei
525 1795 606 1829 dona
628 1802 719 1834 sunt,
746 1793 895 1839 quoniam
919 1804 935 1826 a
961 1792 1030 1826 Deo
1062 1792 1094 1825 fi-

346 1845 475 1879 delibus
502 1844 570 1878 Deo
597 1843 773 1882 donantur,
801 1853 945 1888 quaeque
972 1840 1011 1874 ab
1038 1852 1094 1874 eo-

346 1894 416 1927 dem
435 1893 530 1938 gratis
551 1892 759 1938 accipinutur,
783 1899 814 1925 et
832 1890 901 1924 ideo
920 1890 1015 1935 gratis
1029 1889 1093 1922 dari

347 1942 474 1982 debent,
497 1949 622 1986 propter
636 1951 692 1973 sua
714 1939 799 1973 lucra
821 1937 927 1972 rendit
949 1938 1094 1977 velemit,

347 2003 418 2025 cum
446 1990 557 2024 eodem
575 1988 708 2023 Simone
733 1987 852 2021 donum
876 1987 932 2021 Dei
963 1987 1095 2032 pecunia

350 2038 502 2085 possideri
524 2038 691 2072 existimat.
720 2036 793 2070 Ideo
818 2036 871 2082 qui
893 2036 1018 2069 easdem
1049 2047 1096 2069 res

350 2100 412 2122 non
435 2087 472 2122 ad
499 2087 571 2129 hoc,
593 2086 630 2120 ad
653 2085 736 2132 qnod
760 2085 918 2118 institutae
939 2093 1024 2127 sunt,
1042 2084 1095 2117 sed

349 2137 387 2170 ad
413 2136 538 2182 propria
573 2135 678 2173 lucra,
706 2145 838 2167 munere
872 2133 1015 2178 linguae,
1049 2132 1097 2166 vel

351 2185 482 2219 indebiti
504 2183 662 2230 obsequii,
691 2183 737 2216 vel
760 2182 891 2229 pecunia
907 2181 1037 2227 largitur
1052 2180 1098 2215 vel

350 2233 548 2280 adipiscitur,
580 2231 773 2266 simoniacus
799 2239 860 2264 est:
884 2243 955 2264 curn
980 2229 1100 2276 princi-

355 2283 432 2329 palis
463 2281 595 2316 intentio
627 2280 768 2315 Simonis
797 2279 888 2313 fuerit
914 2278 980 2313 sola
1008 2291 1101 2325 pecu—

353 2332 422 2365 niae
447 2330 585 2373 avaritia,
601 2329 680 2363 idest
702 2328 856 2368 idolatria,
871 2336 904 2362 ut
920 2328 962 2362 ait
978 2335 1102 2374 aposto-

354 2380 402 2414 lus
424 2379 540 2413 Paulus
552 2382 597 2422 (e).
620 2378 769 2424 Alioquin
787 2389 844 2411 cur
854 2377 995 2424 synodus
1012 2376 1104 2410 Clial-

355 2428 543 2463 cedonensis
578 2435 796 2462 sexcentorum
824 2426 951 2471 triginta
984 2425 1103 2471 episco-

356 2489 481 2524 porum,
504 2484 737 2522 procuratorem
765 2475 812 2509 vel
832 2474 1032 2509 defensorem
1047 2473 1106 2507 Ec-

392 2541 431 2576 (α)
450 2540 543 2568 Ezech.
561 2548 622 2566 xiii.
641 2541 667 2567 5.
706 2540 743 2575 (b)
755 2541 832 2566 Rom.
845 2547 905 2571 virt,
921 2539 960 2565 18.
999 2538 1034 2572 (c)
1046 2539 1104 2564 Aet.

357 2589 406 2607 wit
433 2581 478 2607 ⁴20.
517 2580 556 2615 (d)
568 2580 629 2615 Sap.
648 2588 667 2612 1,
684 2581 710 2606 5
749 2579 784 2614 (e)
803 2579 900 2614 Ephcs.
919 2586 946 2611 v,
962 2579 988 2604 5.
1007 2578 1050 2613 (R.
1063 2578 1106 2612 T.)

916 221 1103 245 cunamen
1133 219 1294 242 nonaxon

1122 272 1257 316 clesiae,
1290 283 1482 318 quamquam
1518 269 1645 317 regulae
1672 269 1876 310 subiectum,

1122 322 1200 357 adeo
1223 333 1278 368 per
1300 321 1467 367 pecuniam
1489 320 1628 354 ordinari
1652 318 1815 366 prohibet,
1837 325 1873 352 ut

1124 372 1350 405 interventores
1381 381 1508 415 quoque
1535 368 1610 403 tanti
1643 367 1771 403 sceleris
1797 378 1875 402 ana-

1123 419 1314 459 thematizet,
1342 418 1401 452 nisi
1424 417 1508 464 quod
1531 418 1660 451 eosdem
1682 416 1876 451 simoniacos

1125 469 1268 503 iudicet?
1305 466 1398 509 Quod
1420 467 1446 500 si
1470 466 1599 513 praefati
1627 466 1743 500 milites
1765 464 1877 500 Eccle-

1123 519 1187 553 siae
1208 517 1248 552 ob
1278 517 1371 551 liuius
1396 515 1500 550 scelus
1521 515 1624 550 taliter
1645 514 1873 562 percelluntur,

1125 579 1218 602 nemo
1256 566 1381 612 sapiens
1419 563 1570 610 negabit,
1608 576 1671 598 non
1705 563 1875 597 militantes

1127 616 1285 650 Ecclesiae
1303 615 1400 650 multo
1422 613 1631 647 damnabilius
1653 613 1733 647 lianc
1744 612 1785 646 ob
1798 624 1878 646 cau-

1125 677 1204 705 sam,
1232 665 1311 699 idest
1334 662 1524 698 venditionis
1546 662 1594 696 vel
1612 661 1802 708 emptionis,
1825 660 1876 695 de-

1126 714 1200 748 bere
1225 712 1351 759 percelli
1376 714 1433 755 (l).

1174 763 1247 810 35.
1276 761 1337 796 Sed
1366 769 1396 795 et
1419 760 1528 794 beatus
1568 758 1791 806 praedecessor
1825 770 1879 793 no-

1126 820 1192 846 ster.
1223 810 1395 849 Pasclialis,
1422 809 1461 843 tle
1486 808 1742 852 consecratione,
1775 814 1806 842 et
1838 807 1879 842 de

1127 860 1231 901 rebus,
1253 871 1333 907 quae
1356 858 1545 906 proveniunt
1566 870 1604 892 ex
1626 856 1875 897 consecratione,

1126 909 1274 950 affirmat,
1305 908 1389 955 quod
1425 907 1572 954 quisquis
1609 906 1742 941 alterum
1767 917 1878 940 eorum

1129 958 1244 998 vendit,
1283 958 1352 991 sine
1387 969 1449 1003 quo
1487 957 1620 990 alterum
1655 955 1772 989 habere
1811 966 1876 989 non

1130 1015 1242 1054 potest,
1264 1015 1412 1040 neutrum
1448 1016 1510 1040 non
1537 1004 1699 1039 venditum
1734 1003 1877 1038 derelin-

1128 1057 1206 1102 quit.
1234 1057 1280 1089 Ac
1303 1067 1357 1101 per
1387 1055 1446 1089 lioc
1473 1066 1558 1093 eum,
1596 1053 1650 1100 qui
1677 1065 1742 1088 rem
1764 1052 1879 1087 Eccle-

1128 1106 1193 1140 siae
1218 1104 1322 1139 vendit
1353 1104 1399 1138 vel
1432 1103 1520 1142 emit,
1549 1101 1757 1137 simoniacum
1784 1101 1880 1137 intel-

1130 1154 1208 1200 ligit.
1242 1154 1276 1187 In
1301 1153 1430 1188 nomine
1444 1163 1517 1186 vero
1546 1151 1757 1198 procuratoris
1784 1150 1880 1185 intel-

1130 1203 1195 1249 ligit
1224 1202 1359 1249 praefata
1393 1200 1533 1249 synodus
1570 1199 1744 1247 quemlibet
1776 1199 1881 1235 eccle-

1130 1252 1323 1287 siasticarum
1359 1262 1464 1285 rerum
1501 1249 1804 1288 administratorem,
1844 1256 1879 1283 ut

1131 1301 1214 1335 verbi
1243 1300 1339 1346 gratia
1376 1299 1609 1346 praepositum,
1644 1310 1879 1340 oeconomum,

1133 1350 1197 1385 vice
1231 1349 1416 1384 domiuum:
1455 1348 1630 1382 defensoris
1663 1347 1792 1381 nomine
1823 1346 1882 1382 ad-

1134 1406 1290 1442 vocatum,
1325 1399 1391 1432 sive
1424 1397 1620 1440 castaldum,
1654 1395 1810 1431 iudicem:
1849 1396 1883 1430 in

1131 1448 1273 1482 subiecto
1308 1446 1432 1492 regulae
1470 1445 1795 1493 archipresbyterum,
1831 1457 1883 1480 at·-

1132 1497 1365 1535 cliidiaconum,
1389 1495 1590 1538 canonicum,
1613 1494 1816 1540 monachum,
1834 1493 1883 1528 vel

1133 1545 1304 1592 quemlibet
1331 1544 1544 1578 ecclesiastico
1572 1543 1782 1590 mancipatum
1813 1542 1884 1577 offi-

1133 1595 1193 1629 cio.
1210 1594 1303 1636 Quod
1323 1605 1395 1627 vero
1417 1593 1570 1640 Spiritum
1594 1592 1760 1636 Sanctum,
1782 1604 1884 1639 quan-

1135 1653 1199 1678 tum
1223 1645 1254 1677 in
1276 1655 1309 1677 se
1331 1650 1388 1683 est,
1409 1641 1521 1676 vendat
1543 1641 1589 1676 vel
1606 1648 1700 1684 emat,
1723 1641 1777 1688 qui
1797 1653 1883 1688 prae-

1136 1693 1319 1739 posituram,
1340 1692 1384 1725 vel
1405 1690 1587 1725 huiusmodi
1608 1690 1714 1725 vendit
1729 1689 1777 1724 vel
1795 1690 1882 1731 emit,

1135 1742 1207 1776 audi
1229 1741 1442 1787 :angustinum
1469 1739 1741 1786 superloannem:
1761 1738 1790 1773 Ο
1804 1746 1884 1786 quot

1137 1790 1296 1837 proposita
1324 1788 1484 1824 fecerunt?
1511 1788 1653 1823 Alterum
1686 1788 1883 1835 propositum

1136 1839 1229 1873 habet
1272 1838 1463 1883 Cartbagine
1508 1837 1709 1877 Primianus,
1749 1837 1883 1871 alterum

1138 1888 1230 1922 habet
1248 1887 1468 1926 Maximianus,
1490 1886 1622 1921 alterum
1645 1885 1738 1920 habet
1753 1886 1782 1919 in
1799 1885 1887 1920 Mau-

1138 1937 1246 1971 ritania
1261 1936 1413 1981 Rogatus,
1429 1935 1559 1970 alterum
1569 1934 1686 1969 liabent
1698 1935 1729 1968 in
1740 1934 1888 1969 Numidia

1139 1986 1181 2019 illi
1208 1994 1238 2020 et
1266 1985 1322 2027 illi,
1349 1997 1429 2030 quos
1455 1984 1514 2018 iam
1543 1995 1602 2018 nec
1628 1984 1792 2018 nominare
1817 1982 1885 2017 sul'-

1139 2034 1272 2068 ficimus.
1295 2033 1450 2068 Circumit
1476 2045 1549 2078 ergo
1576 2032 1690 2079 aliquis
1707 2044 1813 2066 emere
1833 2044 1889 2066 co-

1139 2083 1302 2117 lumbam?
1328 2082 1552 2129 Unusquisque
1576 2081 1772 2128 propositum
1794 2093 1888 2115 suum

1141 2132 1265 2176 laudat,
1299 2131 1382 2178 quod
1423 2131 1529 2165 rendit
1554 2138 1615 2164 etc.
1649 2130 1733 2164 Ecce
1759 2141 1890 2164 venera-

1142 2181 1212 2214 bilis
1234 2181 1443 2226 Augustinus,
1471 2179 1510 2213 de
1534 2179 1752 2225 propositurae
1773 2178 1888 2213 distra-

1142 2230 1244 2263 ctione
1258 2241 1366 2275 agens,
1393 2229 1424 2262 in
1441 2228 1568 2262 nomine
1594 2226 1768 2262 Columbae
1782 2226 1890 2261 Sancti

1142 2278 1280 2324 Spiritus
1308 2277 1521 2312 venditionem
1544 2275 1590 2310 vel
1622 2276 1815 2322 emptionem
1838 2287 1892 2309 ac-

1143 2327 1239 2373 cipit,
1270 2327 1352 2361 sicnt
1378 2337 1489 2360 omncs
1517 2325 1609 2359 huius
1636 2324 1810 2370 evangelici
1837 2335 1892 2358 ca-

1146 2375 1235 2422 pituli
1258 2382 1451 2409 tractatores.

1180 2437 1219 2471 (t)
1236 2437 1267 2462 D.
1285 2435 1492 2470 Coequelinesin
1503 2435 1558 2462 suis
1573 2436 1684 2461 addend.
1700 2438 1724 2460 el
1737 2436 1892 2466 corrigend.

1145 2472 1180 2498 ait
1190 2471 1325 2506 sequentia
1343 2470 1423 2497 verba
1435 2471 1476 2497 hic
1486 2469 1606 2497 addenda
1615 2477 1686 2496 esse:
1700 2469 1805 2502 Qnidde
1816 2471 1894 2494 ordi-

1146 2509 1299 2532 nationibus
1314 2508 1346 2531 αἱ)
1371 2508 1508 2531 haereticis
1532 2507 1642 2536 (receptis
1666 2506 1829 2529 sentiendum
1848 2506 1894 2534 sir,

1146 2545 1209 2567 sutis
1224 2544 1313 2567 <invent
1331 2543 1441 2573 tlieotoyi·
1452 2544 1476 2567 et
1487 2542 1648 2571 canonislae,
1665 2546 1783 2571 quorum
1795 2540 1897 2570 scripta

1148 2578 1315 2602 consulenda.

1901 222 1951 249 An.
1971 221 1999 250 C.
2017 221 2085 250 1099

1901 298 1946 313 rum
1958 292 2085 314 intervento-

1901 324 1935 348 res
1963 319 2087 341 anathema·

1902 347 1958 366 uzal.

1955 761 2093 788 Explicantur

1907 788 1973 810 verba
2000 787 2092 810 concilii.
