2180 3205
182 266 229 290 Au.
251 264 279 290 C.
297 264 361 291 ’1131

207 467 297 487 Domitio
312 467 366 486 Hen-

181 494 221 515 rict
245 499 300 519 regis
328 494 366 513 An-

182 521 262 545 «glesum
292 520 366 540 mutir-

181 549 256 567 untur.

210 851 299 872 [inrisit-‘1
334 849 368 869 itta

183 880 200 899 sa
210 881 238 898 *ta
250 878 287 897 ruit
296 882 368 896 voram

183 906 305 926 Innocentio
322 902 368 925 PF„

182 932 252 953 inultis
270 929 367 950 cardina-

183 960 237 980 littus
255 960 275 977 et
286 957 369 982 episco-

182 986 221 1013 pis.

202 1979 314 1998 Decretum
325 1983 374 1998 esn—

187 2006 312 2026 firmationis
328 2010 375 2025 cum

187 2032 256 2052 sotius
269 2032 374 2052 etausutiS.

441 240 513 273 '5013
976 244 1162 267 nmmum„

390 304 600 341 sacrosanctis
629 308 826 349 praestantur
858 300 1027 341 Ecclesiis‚
1063 309 1142 335 tain-

390 367 483 402 quam
507 366 560 396 ea,
594 363 676 398 quae
698 350 797 385 divini
821 351 897 385 iuris
923 350 1032 384 effecta
1058 358 1142 393 sunt⁷

389 403 573 438 auctoritate
600 400 772 447 apostolica
809 400 956 435 volumus
994 411 1142 434 commu-

390 454 468 487 nire.
499 452 560 486 Per
587 450 761 497 praesentis
797 450 892 496 igitur
918 449 1026 494 scripti
1061 449 1143 496 pagi-

390 513 475 545 nam,
503 500 705 535 donationem
729 511 745 534 a
772 499 935 534 carissimo
957 497 1020 532 filio
1036 506 1143 532 nostro

390 550 548 593 Henrico,
588 548 700 584 illustri
727 556 759 583 et
795 548 933 595 glorioso
966 546 1141 594 Auglornm

392 612 475 646 rege,
498 599 536 633 de
552 607 680 633 centum
693 598 807 632 marcis
821 597 954 643 argenti⁷
972 609 1028 643 per
1043 608 1143 631 annos

391 649 534 695 singulos
567 647 768 682 Cluniacensi
797 645 987 681 monasterio
1016 645 1142 693 persol-

392 698 515 739 vendis,
540 697 662 741 saetam,
684 696 845 743 sexaginta
868 695 1014 730 videlicet
1039 695 1070 729 in
1097 703 1143 729 te-

392 748 477 782 lonio
499 746 713 782 Londoniensi
754 754 784 780 et
810 744 1016 792 quadraginta
1039 744 1071 778 in
1097 752 1143 778 te-

393 797 479 831 lonio
501 795 727 835 Liucotniensi,
741 794 943 841 Apostolicae
965 793 1058 828 Sedis
1084 805 1144 839 pa—

393 846 528 881 trocinio
556 845 749 879 roboramus.
778 843 864 878 Haec
885 851 991 877 autem
1017 842 1143 877 donatio

392 895 475 942 apud
503 894 737 940 Rothomagum
756 893 796 927 ab
817 893 928 927 eodem
947 891 1011 926 filio
1039 899 1144 926 nostro

393 945 532 979 Henrico
570 955 663 989 rege,
703 942 930 977 incarnationis
965 940 1145 975 dominicae

392 1007 475 1029 anuo
503 1005 644 1037 atcxxxl,
682 991 792 1026 indict.
820 1004 865 1032 lx,
904 1002 1013 1025 mense
1052 990 1144 1030 maio,

393 1043 443 1077 die
467 1042 644 1085 «lominica,
677 1041 706 1075 in
730 1048 836 1075 nostra
863 1049 893 1075 et
925 1040 1054 1074 fratrum
1087 1051 1146 1073 no-

393 1101 529 1127 strorum
559 1090 733 1137 praesentia
773 1090 851 1124 facta
886 1098 944 1129 est,
983 1088 1144 1122 Guillelmi

394 1142 513 1176 scilieet
544 1139 737 1174 Praenestini
766 1139 925 1185 episcopi,
952 1138 1079 1172 Ioannis
1097 1138 1143 1170 tit.

392 1190 501 1225 Sancti
525 1189 736 1237 Chrysogoni,
762 1187 929 1222 Huniberti
952 1188 1059 1222 Sancti
1078 1186 1147 1221 Cle-

394 1240 520 1285 inentis‚
551 1238 673 1273 Rustici
701 1237 808 1273 Sancti
844 1237 968 1280 Ciriaci,
1003 1235 1144 1270 Gozelini

395 1288 532 1324 Sanctae
564 1287 717 1328 Cceiliae‚
753 1286 1007 1333 presbyterorum
1042 1285 1148 1319 cardi-

395 1338 529 1373 nalium:
565 1336 709 1383 Gregorii
736 1336 786 1371 Ss.
810 1336 911 1381 Sergii
947 1343 977 1370 et
1012 1334 1145 1374 Bacchi,

395 1387 553 1434 Aymerici
594 1385 786 1425 cancellarii,
820 1384 980 1419 Guidonis
1014 1384 1146 1418 Sanctae

394 1437 510 1471 Mariae
543 1436 573 1470 in
600 1435 732 1476 Vialata,
763 1435 969 1469 diaconorum
1002 1433 1148 1467 cardina-

396 1486 486 1520 lium:
515 1485 677 1530 Oltlegarii
710 1484 968 1526 Terraconensis,
1003 1482 1147 1527 Hugonis

396 1534 676 1580 Rotltomagensis,
703 1533 1031 1579 archiepiscoporum:
1060 1531 1147 1565 Gau-

395 1584 465 1618 l'ritli
497 1582 719 1626 Cat-notensis,
756 1581 884 1616 Ioannis
924 1580 1147 1619 Lexoviensis,

395 1632 522 1667 Ioannis
534 1631 713 1678 Saginasis,
735 1631 974 1677 episcoporum:
995 1630 1146 1664 Bernardi

396 1682 597 1723 Clarevallis,
621 1680 745 1726 Sugerii
769 1680 875 1714 Szmcti
904 1679 1057 1726 Dionysii,
1084 1679 1149 1713 Bo-

398 1731 485 1766 sonis
512 1731 550 1764 de
573 1730 690 1773 Baetio,
712 1729 877 1764 abbatum:
901 1728 1075 1763 Guillielmi
1094 1740 1149 1762 co-

398 1781 483 1815 mitis
516 1779 555 1813 tle
581 1779 762 1818 Warenna,
789 1778 931 1812 Rotberti
966 1777 1019 1811 filii
1049 1777 1150 1824 ipsius

396 1830 489 1876 regis,
517 1829 643 1863 comitis
674 1828 712 1862 de
739 1827 907 1867 Glocerio,
941 1826 1071 1861 Roberti
1110 1827 1150 1861 de

397 1878 521 1924 Sigillo,
544 1878 675 1912 Roberti
703 1877 742 1911 de
776 1876 873 1917 Laba,
900 1875 1029 1910 Rabclis
1050 1887 1151 1910 came-

397 1928 470 1962 rarii
492 1928 531 1962 de
552 1926 760 1966 Tancarvilla,
788 1925 919 1960 Nahelis
952 1925 1150 1969 thesaurarii,

397 1977 550 2012 Haalonis
573 1976 686 2024 prioris
712 1974 820 2010 Sancti
842 1974 1008 2021 Osqualdi.
1030 1974 1150 2009 Decer-

396 2027 503 2061 nimus
529 2038 615 2072 ergo,
656 2033 689 2059 ut
712 2024 787 2059 nulli
822 2024 952 2058 omnino
986 2023 1149 2058 homiuum

397 2076 501 2115 liceat,
526 2074 699 2122 praefatum
727 2073 951 2108 monasterium
975 2084 1072 2119 super
1096 2085 1151 2107 ea-

398 2125 470 2160 dem
500 2124 672 2159 donatione
699 2123 811 2157 futuris
842 2122 1038 2169 temporibus
1066 2121 1153 2156 infe-

397 2183 491 2218 stare,
514 2182 566 2208 aut
588 2185 656 2208 earn
674 2172 808 2216 auferre,
832 2172 987 2213 minuere,
1012 2170 1058 2205 vel
1073 2183 1152 2205 ausu

397 2223 564 2258 temerario
578 2222 722 2268 fatigare;
741 2221 795 2256 sed
807 2222 926 2267 integra
938 2228 1152 2260 conservetur,

396 2284 519 2311 eorum,
548 2284 603 2318 pro
630 2283 765 2318 quorum
782 2270 1012 2317 gubernatione
1030 2278 1060 2304 et
1082 2269 1155 2304 sub-

397 2321 589 2355 stentatione
605 2332 754 2355 concessa
769 2328 813 2354 est
824 2347 833 2364 9
856 2319 965 2354 usibus
979 2318 1151 2366 profutura.

397 2370 430 2403 Si
461 2383 521 2416 qua
557 2370 651 2416 igitur
686 2370 716 2403 in
747 2377 906 2416 posterum
943 2367 1153 2403 ecclesiastica

397 2419 606 2454 saecularisve
627 2430 772 2465 persona,
792 2418 873 2452 hanc
891 2425 1016 2452 nostrae
1037 2416 1154 2451 confir-

398 2467 547 2502 mationis
559 2468 704 2514 paginam
718 2467 835 2507 sciens,
849 2474 956 2501 contra
968 2478 1036 2501 eam
1045 2465 1155 2500 ‘venire

400 2517 582 2557 tentaverit,
623 2516 763 2551 secundo
795 2516 924 2551 tertiove
952 2514 1155 2551 commonita.

400 2565 427 2599 si
444 2577 506 2599 non
530 2564 742 2599 satisfactione
766 2577 904 2611 congrua
930 2563 1156 2602 emendaverit,

403 2614 568 2663 potestatis
586 2613 777 2661 honorisque
799 2615 847 2648 sui
869 2613 1020 2660 dignitate
1041 2619 1156 2658 careat,

1191 244 1351 266 ttoatANmt

1186 307 1215 333 et
1248 311 1263 333 a
1298 298 1511 333 sacratissimo
1543 299 1684 346 Corpore
1718 313 1754 336 ac
1775 301 1939 348 Sanguine

1186 348 1243 382 Dei
1265 360 1300 382 ac
1325 347 1454 382 Domini
1489 348 1711 396 Retlemptoris
1735 353 1830 385 nostri
1869 351 1940 385 lesu

1186 397 1304 431 Christi
1350 397 1451 431 aliena
1494 397 1560 438 liat,
1598 407 1692 445 atquc
1732 394 1761 433 iu
1800 408 1941 434 extremo

1185 446 1328 480 examine
1342 446 1502 481 districtae
1526 447 1634 482 ultioni
1657 447 1828 482 subiaceat.
1858 449 1941 483 Cun-

1185 496 1244 530 ctis
1278 504 1381 530 autem
1409 495 1513 530 eidem
1542 497 1609 531 loeo
1638 497 1718 530 iusta
1740 498 1941 531 servantibnz

1185 545 1225 579 sit
1247 556 1305 591 pax
1328 543 1454 578 Domini
1483 546 1578 579 nostri
1610 545 1680 580 Iesu
1709 546 1837 585 Christi,
1861 559 1941 593 qua—

1186 602 1276 628 tenus
1298 601 1328 628 et
1351 593 1400 628 hic
1421 594 1557 628 fructum
1583 594 1683 629 bonae
1705 595 1838 629 actionis
1861 608 1941 642 per-

1186 643 1321 690 cipiant⁷
1343 652 1373 677 et
1394 643 1477 690 apud
1500 643 1679 678 districtum
1695 644 1833 679 Iudicem
1859 656 1944 691 prae-

1187 693 1247 726 mia
1289 701 1434 727 aeternae
1473 693 1560 739 pacis
1601 693 1771 728 inveniant.
1816 693 1941 734 Amen,

1187 753 1292 776 amen.

1236 790 1307 825 Eoo
1335 790 1548 826 Iaaocatv‘rms
1577 791 1749 826 catholicae
1776 790 1938 826 Ecclesiae

1187 840 1358 887 episcopus
1384 852 1426 874 ss.

1236 1350 1304 1396 Ego
1331 1349 1522 1385 Guilletmus
1546 1351 1768 1385 Praenestinus
1783 1350 1879 1396 episc.
1897 1362 1940 1385 ss.

1238 1400 1305 1445 Ego
1333 1400 1490 1433 lohannes
1513 1401 1671 1434 Ostiensis
1697 1400 1794 1445 episc.
1823 1412 1864 1434 ss.

1238 1448 1303 1493 Ego
1329 1447 1434 1482 Gnido
1456 1448 1642 1482 Tiburtinus
1663 1449 1760 1494 epiSC.
1783 1461 1824 1482 ss.

1238 1497 1307 1542 Ego
1329 1497 1502 1543 Gregorius
1529 1498 1608 1532 diac.
1632 1497 1751 1532 cardin.
1771 1497 1822 1531 Ss.
1843 1497 1944 1543 Sergii

1190 1554 1219 1581 et
1247 1547 1363 1580 Bacchi
1388 1559 1429 1580 ss.

1240 1595 1307 1641 Ego
1331 1595 1487 1630 Iohannes
1510 1595 1554 1629 tit.
1575 1595 1608 1629 S.
1624 1595 1821 1641 Chrysogoni
1838 1595 1945 1643 presb.

1191 1657 1254 1679 car.
1278 1658 1320 1679 ss.

1240 1693 1308 1739 Ego
1337 1693 1474 1728 Ubertus
1505 1694 1551 1727 tit.
1577 1694 1609 1728 S.
1638 1693 1813 1728 Clementis
1837 1693 1941 1740 presb.

1191 1743 1311 1777 cardiu.
1335 1743 1440 1777 subsc.

1240 1791 1308 1837 Ego
1329 1791 1502 1826 Goselinus
1530 1791 1693 1838 presbyter
1714 1790 1882 1826 cardinalis
1898 1791 1944 1825 tit.

1191 1840 1225 1875 S.
1253 1840 1402 1875 Ceciliae.

1240 1889 1355 1923 Datum
1378 1889 1504 1924 Beluaci
1532 1901 1586 1935 per
1619 1901 1748 1923 manum
1785 1889 1945 1936 Aymerici

1192 1938 1225 1973 S.
1256 1939 1292 1973 R.
1316 1938 1353 1972 E.
1382 1939 1503 1973 diaconi
1531 1938 1648 1972 cardin.
1685 1946 1715 1972 et
1745 1938 1945 1976 cancellarii,

1192 2000 1250 2021 xm
1267 1987 1326 2021 kal.
1343 1988 1422 2031 iulii⁷
1444 1987 1554 2021 indict.
1574 2000 1617 2026 ix,
1634 1988 1752 2021 incarn.
1769 1987 1947 2021 dominicae

1192 2049 1274 2071 auno
1308 2049 1457 2080 mcxxxi,
1493 2037 1694 2082 pontificatus
1732 2048 1805 2070 vero
1836 2035 1945 2070 donini

1193 2085 1369 2120 Innocentii
1396 2086 1501 2132 Papae
1529 2085 1556 2119 ll
1579 2097 1662 2119 auno
1690 2097 1723 2119 tt.

1264 2142 1324 2171 Dat.
1347 2143 1394 2171 die
1412 2142 1450 2171 20
1473 2141 1541 2170 maii
1560 2152 1635 2171 anuo
1655 2141 1769 2171 Domini
1793 2141 1880 2178 1131,

1446 2181 1551 2220 pontis.
1572 2191 1648 2211 anno
1666 2181 1694 2210 2.

1552 2272 1589 2306 V.

1197 2335 1401 2369 Canont'zatio
1426 2335 1515 2367 Beati
1549 2335 1729 2367 Godehamli
1760 2312 1944 2366 Hltdesslaei-

1293 2385 1402 2417 mensis
1425 2385 1455 2416 ιή
1477 2385 1622 2417 Samonia
1637 2384 1770 2427 episcopi
1787 2383 1843 2427 (t).

1463 2442 1677 2473 SUMMARtUM

1196 2498 1293 2528 Series
1314 2498 1381 2527 sacti
1396 2498 1559 2536 exponitur.
1576 2513 1616 2519 —
1629 2495 1835 2526 Godehardum
1853 2495 1946 2534 episc.

1236 2538 1264 2566 in
1293 2538 1348 2567 vita
1372 2542 1400 2567 et
1424 2542 1488 2576 post
1511 2541 1632 2566 mortem
1650 2536 1800 2564 miraculis
1824 2535 1947 2572 clarum,

1235 2582 1403 2606 sauctorum
1427 2585 1548 2605 numero
1566 2575 1754 2605 adscribitur.
1778 2578 1818 2613 (ιι.
1839 2578 1877 2613 r.)

1234 2625 1273 2660 (t)
1294 2625 1332 2650 Ex
1355 2624 1462 2651 Archiv.
1487 2623 1569 2651 Yutic.

1963 255 2010 281 An.
2032 255 2060 281 c.
2079 236 2141 281 itai

1981 801 2097 823 innocentii
2107 801 2149 823 PP.

1966 831 1986 849 et
1994 828 2017 850 S.
2027 829 2082 850 ttAE.
2093 827 2149 853 eard.

1965 855 2138 882 subscriptiones.
