<?xml version="1.0" encoding="UTF-8"?>
<!DOCTYPE html PUBLIC "-//W3C//DTD XHTML 1.0 Transitional//EN"
    "http://www.w3.org/TR/xhtml1/DTD/xhtml1-transitional.dtd">
<html xmlns="http://www.w3.org/1999/xhtml" xml:lang="en" lang="en">
 <head>
  <title>
</title>
<meta http-equiv="Content-Type" content="text/html;charset=utf-8" />
  <meta name='ocr-system' content='tesseract 3.04.00' />
  <meta name='ocr-capabilities' content='ocr_page ocr_carea ocr_par ocr_line ocrx_word'/>
</head>
<body>
  <div class='ocr_page' id='page_1' title='image "./bullarumdiplomat02cath_0715.png"; bbox 0 0 2180 3205; ppageno 0'>
   <div class='ocr_carea' id='block_1_1' title="bbox 65 259 686 354">
    <p class='ocr_par' dir='ltr' id='par_1_1' title="bbox 65 259 686 354">
     <span class='ocr_line' id='line_1_1' title="bbox 65 259 230 287; baseline -0.012 0"><span class='ocrx_word' id='word_1_1' title='bbox 65 259 144 287; x_wconf 76' lang='lat' dir='ltr'>.tn.c.</span> <span class='ocrx_word' id='word_1_2' title='bbox 164 259 230 286; x_wconf 79' lang='lat'>¹¹67</span> 
     </span>
     <span class='ocr_line' id='line_1_2' title="bbox 571 317 686 354; baseline 0.009 -1"><span class='ocrx_word' id='word_1_3' title='bbox 571 317 686 354; x_wconf 88' lang='lat' dir='ltr'>XthI.</span> 
     </span>
    </p>
   </div>
   <div class='ocr_carea' id='block_1_2' title="bbox 259 371 1784 442">
    <p class='ocr_par' dir='ltr' id='par_1_2' title="bbox 259 371 1784 442">
     <span class='ocr_line' id='line_1_3' title="bbox 259 371 1784 426; baseline 0.009 -26"><span class='ocrx_word' id='word_1_4' title='bbox 259 392 284 426; x_wconf 78' lang='lat' dir='ltr'><em>C</em></span> <span class='ocrx_word' id='word_1_5' title='bbox 437 396 442 402; x_wconf 93' lang='lat'><strong><em>.</em></strong></span> <span class='ocrx_word' id='word_1_6' title='bbox 573 408 579 414; x_wconf 59' lang='lat'>,</span> <span class='ocrx_word' id='word_1_7' title='bbox 745 399 751 405; x_wconf 92' lang='lat'>.</span> <span class='ocrx_word' id='word_1_8' title='bbox 941 399 960 417; x_wconf 84' lang='lat'>.·</span> <span class='ocrx_word' id='word_1_9' title='bbox 986 400 992 406; x_wconf 92' lang='lat'>.</span> <span class='ocrx_word' id='word_1_10' title='bbox 1022 402 1023 406; x_wconf 75' lang='grc'>,</span> <span class='ocrx_word' id='word_1_11' title='bbox 1045 371 1206 407; x_wconf 78' lang='lat' dir='ltr'>Praeterea</span> <span class='ocrx_word' id='word_1_12' title='bbox 1230 386 1448 421; x_wconf 80' lang='lat' dir='ltr'>quaccnmqne</span> <span class='ocrx_word' id='word_1_13' title='bbox 1484 388 1498 409; x_wconf 92' lang='lat' dir='ltr'>a</span> <span class='ocrx_word' id='word_1_14' title='bbox 1534 377 1784 423; x_wconf 77' lang='lat' dir='ltr'>praedecessori-</span> 
     </span>
     <span class='ocr_line' id='line_1_4' title="bbox 283 396 1023 442; baseline 0.007 -17"><span class='ocrx_word' id='word_1_15' title='bbox 283 396 459 441; x_wconf 73' lang='lat' dir='ltr'>oufirmnlio</span> <span class='ocrx_word' id='word_1_16' title='bbox 484 397 633 430; x_wconf 80' lang='lat' dir='ltr'>bonorum</span> <span class='ocrx_word' id='word_1_17' title='bbox 664 410 813 438; x_wconf 71' lang='lat' dir='ltr'>aruncum,</span> <span class='ocrx_word' id='word_1_18' title='bbox 840 411 877 432; x_wconf 84' lang='lat' dir='ltr'>ac</span> <span class='ocrx_word' id='word_1_19' title='bbox 909 411 1023 442; x_wconf 51' lang='lat' dir='ltr'>puri-s</span> 
     </span>
    </p>
   </div>
   <div class='ocr_carea' id='block_1_3' title="bbox 303 447 1001 541">
    <p class='ocr_par' dir='ltr' id='par_1_3' title="bbox 303 447 1001 541">
     <span class='ocr_line' id='line_1_5' title="bbox 304 447 1001 490; baseline 0.004 -13"><span class='ocrx_word' id='word_1_20' title='bbox 304 447 470 489; x_wconf 76' lang='lat' dir='ltr'>leqiorum,</span> <span class='ocrx_word' id='word_1_21' title='bbox 508 458 527 479; x_wconf 87' lang='grc' dir='ltr'><em>α</em></span> <span class='ocrx_word' id='word_1_22' title='bbox 557 448 834 490; x_wconf 80' lang='lat' dir='ltr'><strong><em>praedecessoribus</em></strong></span> <span class='ocrx_word' id='word_1_23' title='bbox 867 449 1001 481; x_wconf 77' lang='lat' dir='ltr'>Sumnn&#39;s</span> 
     </span>
     <span class='ocr_line' id='line_1_6' title="bbox 303 496 1000 541; baseline 0.001 -13"><span class='ocrx_word' id='word_1_24' title='bbox 303 496 505 540; x_wconf 75' lang='lat' dir='ltr'>Pontificibus</span> <span class='ocrx_word' id='word_1_25' title='bbox 526 496 724 541; x_wconf 76' lang='lat' dir='ltr'>Ri&#39;vipullensi</span> <span class='ocrx_word' id='word_1_26' title='bbox 737 499 921 531; x_wconf 78' lang='lat' dir='ltr'>monasterio</span> <span class='ocrx_word' id='word_1_27' title='bbox 934 510 1000 531; x_wconf 82' lang='lat' dir='ltr'>con-</span> 
     </span>
    </p>
   </div>
   <div class='ocr_carea' id='block_1_4' title="bbox 303 548 532 589">
    <p class='ocr_par' dir='ltr' id='par_1_4' title="bbox 303 548 532 589">
     <span class='ocr_line' id='line_1_7' title="bbox 303 548 532 589; baseline 0.009 -12"><span class='ocrx_word' id='word_1_28' title='bbox 303 556 451 578; x_wconf 82' lang='lat' dir='ltr'>cessorum</span> <span class='ocrx_word' id='word_1_29' title='bbox 470 548 532 589; x_wconf 68' lang='lat' dir='ltr'><em>(A).</em></span> 
     </span>
    </p>
   </div>
   <div class='ocr_carea' id='block_1_5' title="bbox 251 623 996 818">
    <p class='ocr_par' dir='ltr' id='par_1_5' title="bbox 251 623 996 818">
     <span class='ocr_line' id='line_1_8' title="bbox 517 623 731 654; baseline 0 0"><span class='ocrx_word' id='word_1_30' title='bbox 517 623 731 654; x_wconf 75' lang='lat' dir='ltr'>SUMMAIUUM</span> 
     </span>
     <span class='ocr_line' id='line_1_9' title="bbox 251 686 996 730; baseline 0.004 -12"><span class='ocrx_word' id='word_1_31' title='bbox 251 686 417 718; x_wconf 79' lang='lat' dir='ltr'>Exordium.</span> <span class='ocrx_word' id='word_1_32' title='bbox 438 706 477 711; x_wconf 90' lang='lat'><strong>—</strong></span> <span class='ocrx_word' id='word_1_33' title='bbox 504 690 670 720; x_wconf 82' lang='lat' dir='ltr'>Monasterii</span> <span class='ocrx_word' id='word_1_34' title='bbox 694 691 767 720; x_wconf 86' lang='lat' dir='ltr'>bona</span> <span class='ocrx_word' id='word_1_35' title='bbox 795 691 903 728; x_wconf 88' lang='lat' dir='ltr'>omnia,</span> <span class='ocrx_word' id='word_1_36' title='bbox 926 700 996 730; x_wconf 88' lang='lat' dir='ltr'>pos-</span> 
     </span>
     <span class='ocr_line' id='line_1_10' title="bbox 289 734 996 774; baseline 0.003 -12"><span class='ocrx_word' id='word_1_37' title='bbox 289 734 449 770; x_wconf 73' lang='lat' dir='ltr'>sessiones,</span> <span class='ocrx_word' id='word_1_38' title='bbox 468 734 531 763; x_wconf 83' lang='lat' dir='ltr'>iura</span> <span class='ocrx_word' id='word_1_39' title='bbox 555 735 708 764; x_wconf 81' lang='lat' dir='ltr'>confirmat</span> <span class='ocrx_word' id='word_1_40' title='bbox 726 736 897 764; x_wconf 86' lang='lat' dir='ltr'>auctoritate</span> <span class='ocrx_word' id='word_1_41' title='bbox 923 745 996 774; x_wconf 89' lang='lat' dir='ltr'>apo—</span> 
     </span>
     <span class='ocr_line' id='line_1_11' title="bbox 289 778 995 818; baseline 0.001 -11"><span class='ocrx_word' id='word_1_42' title='bbox 289 778 402 816; x_wconf 86' lang='lat' dir='ltr'>stolica;</span> <span class='ocrx_word' id='word_1_43' title='bbox 433 795 472 801; x_wconf 92' lang='lat'><strong>—</strong></span> <span class='ocrx_word' id='word_1_44' title='bbox 502 778 582 814; x_wconf 84' lang='lat' dir='ltr'>Quae</span> <span class='ocrx_word' id='word_1_45' title='bbox 613 784 641 808; x_wconf 89' lang='lat' dir='ltr'>et</span> <span class='ocrx_word' id='word_1_46' title='bbox 673 779 800 818; x_wconf 85' lang='lat' dir='ltr'>propriis</span> <span class='ocrx_word' id='word_1_47' title='bbox 827 780 995 809; x_wconf 86' lang='lat' dir='ltr'>nominibus</span> 
     </span>
    </p>
   </div>
   <div class='ocr_carea' id='block_1_6' title="bbox 286 824 996 898">
    <p class='ocr_par' dir='ltr' id='par_1_6' title="bbox 286 824 996 898">
     <span class='ocr_line' id='line_1_12' title="bbox 287 824 996 862; baseline 0.003 -11"><span class='ocrx_word' id='word_1_48' title='bbox 287 828 449 860; x_wconf 71' lang='lat' dir='ltr'>enumerat,</span> <span class='ocrx_word' id='word_1_49' title='bbox 463 841 502 845; x_wconf 97' lang='lat'><strong>—</strong></span> <span class='ocrx_word' id='word_1_50' title='bbox 516 824 587 853; x_wconf 90' lang='lat' dir='ltr'>Cum</span> <span class='ocrx_word' id='word_1_51' title='bbox 607 824 673 853; x_wconf 87' lang='lat' dir='ltr'>aliis</span> <span class='ocrx_word' id='word_1_52' title='bbox 693 824 854 862; x_wconf 76' lang='lat' dir='ltr'>privilegiis</span> <span class='ocrx_word' id='word_1_53' title='bbox 874 834 888 853; x_wconf 90' lang='lat' dir='ltr'>a</span> <span class='ocrx_word' id='word_1_54' title='bbox 910 824 996 853; x_wconf 87' lang='lat' dir='ltr'>Sum-</span> 
     </span>
     <span class='ocr_line' id='line_1_13' title="bbox 286 867 996 898; baseline 0.001 -2"><span class='ocrx_word' id='word_1_55' title='bbox 286 867 343 897; x_wconf 88' lang='lat' dir='ltr'>mis</span> <span class='ocrx_word' id='word_1_56' title='bbox 366 867 557 898; x_wconf 80' lang='lat' dir='ltr'>Pontificibus</span> <span class='ocrx_word' id='word_1_57' title='bbox 578 869 753 898; x_wconf 90' lang='lat' dir='ltr'>monasterio</span> <span class='ocrx_word' id='word_1_58' title='bbox 771 869 929 898; x_wconf 79' lang='lat' dir='ltr'><strong>concessis.</strong></span> <span class='ocrx_word' id='word_1_59' title='bbox 957 886 996 891; x_wconf 92' lang='lat'>—</span> 
     </span>
    </p>
   </div>
   <div class='ocr_carea' id='block_1_7' title="bbox 285 912 993 995">
    <p class='ocr_par' dir='ltr' id='par_1_7' title="bbox 285 912 993 995">
     <span class='ocr_line' id='line_1_14' title="bbox 285 912 993 953; baseline 0.003 -13"><span class='ocrx_word' id='word_1_60' title='bbox 285 912 446 941; x_wconf 79' lang='lat' dir='ltr'>Anathema</span> <span class='ocrx_word' id='word_1_61' title='bbox 471 921 521 952; x_wconf 89' lang='lat' dir='ltr'>pro</span> <span class='ocrx_word' id='word_1_62' title='bbox 544 912 735 943; x_wconf 85' lang='lat' dir='ltr'>violatoribus</span> <span class='ocrx_word' id='word_1_63' title='bbox 765 913 908 953; x_wconf 83' lang='lat' dir='ltr'>privilegii</span> <span class='ocrx_word' id='word_1_64' title='bbox 935 913 993 942; x_wconf 91' lang='lat' dir='ltr'>hu-</span> 
     </span>
     <span class='ocr_line' id='line_1_15' title="bbox 286 957 471 995; baseline 0.005 -9"><span class='ocrx_word' id='word_1_65' title='bbox 286 957 332 986; x_wconf 92' lang='lat' dir='ltr'>ius</span> <span class='ocrx_word' id='word_1_66' title='bbox 357 957 398 995; x_wconf 73' lang='lat' dir='ltr'>(R.</span> <span class='ocrx_word' id='word_1_67' title='bbox 415 957 471 995; x_wconf 59' lang='lat' dir='ltr'>an).</span> 
     </span>
    </p>
   </div>
   <div class='ocr_carea' id='block_1_8' title="bbox 241 1031 992 1170">
    <p class='ocr_par' dir='ltr' id='par_1_8' title="bbox 241 1031 992 1170">
     <span class='ocr_line' id='line_1_16' title="bbox 241 1031 992 1068; baseline 0.003 -8"><span class='ocrx_word' id='word_1_68' title='bbox 241 1031 392 1060; x_wconf 71' lang='lat' dir='ltr'>Alexander</span> <span class='ocrx_word' id='word_1_69' title='bbox 410 1032 550 1068; x_wconf 75' lang='lat' dir='ltr'>episeopus</span> <span class='ocrx_word' id='word_1_70' title='bbox 569 1039 663 1061; x_wconf 84' lang='lat' dir='ltr'>servus</span> <span class='ocrx_word' id='word_1_71' title='bbox 683 1039 821 1062; x_wconf 85' lang='lat' dir='ltr'>servorum</span> <span class='ocrx_word' id='word_1_72' title='bbox 845 1033 905 1067; x_wconf 81' lang='lat' dir='ltr'>Dei,</span> <span class='ocrx_word' id='word_1_73' title='bbox 926 1034 992 1062; x_wconf 84' lang='lat' dir='ltr'>dile-</span> 
     </span>
     <span class='ocr_line' id='line_1_17' title="bbox 287 1081 992 1119; baseline 0.001 -9"><span class='ocrx_word' id='word_1_74' title='bbox 287 1081 341 1110; x_wconf 76' lang='lat' dir='ltr'>ctis</span> <span class='ocrx_word' id='word_1_75' title='bbox 376 1081 442 1110; x_wconf 80' lang='lat' dir='ltr'>filiis</span> <span class='ocrx_word' id='word_1_76' title='bbox 470 1082 562 1111; x_wconf 79' lang='lat' dir='ltr'>abbati</span> <span class='ocrx_word' id='word_1_77' title='bbox 591 1083 619 1110; x_wconf 78' lang='lat' dir='ltr'>et</span> <span class='ocrx_word' id='word_1_78' title='bbox 645 1081 778 1110; x_wconf 73' lang='lat' dir='ltr'>fratribus</span> <span class='ocrx_word' id='word_1_79' title='bbox 806 1083 992 1119; x_wconf 77' lang='lat' dir='ltr'>Rivipollensis</span> 
     </span>
     <span class='ocr_line' id='line_1_18' title="bbox 285 1126 990 1170; baseline 0.004 -12"><span class='ocrx_word' id='word_1_80' title='bbox 285 1130 444 1159; x_wconf 73' lang='lat' dir='ltr'>monasterii</span> <span class='ocrx_word' id='word_1_81' title='bbox 468 1130 584 1159; x_wconf 83' lang='lat' dir='ltr'>satutem</span> <span class='ocrx_word' id='word_1_82' title='bbox 603 1126 818 1170; x_wconf 59' lang='lat' dir='ltr'>etjapostolioam</span> <span class='ocrx_word' id='word_1_83' title='bbox 831 1132 990 1161; x_wconf 81' lang='lat' dir='ltr'>benedictio·</span> 
     </span>
    </p>
   </div>
   <div class='ocr_carea' id='block_1_9' title="bbox 37 1247 990 2429">
    <p class='ocr_par' dir='ltr' id='par_1_9' title="bbox 288 1247 990 1285">
     <span class='ocr_line' id='line_1_19' title="bbox 288 1247 990 1285; baseline 0.001 -1"><span class='ocrx_word' id='word_1_84' title='bbox 288 1247 372 1284; x_wconf 88' lang='lat' dir='ltr'>Cum</span> <span class='ocrx_word' id='word_1_85' title='bbox 402 1257 527 1285; x_wconf 89' lang='lat' dir='ltr'>nostrae</span> <span class='ocrx_word' id='word_1_86' title='bbox 548 1249 762 1285; x_wconf 83' lang='lat' dir='ltr'>solicitudinis</span> <span class='ocrx_word' id='word_1_87' title='bbox 794 1251 834 1285; x_wconf 89' lang='lat' dir='ltr'>sit</span> <span class='ocrx_word' id='word_1_88' title='bbox 856 1258 887 1285; x_wconf 90' lang='lat' dir='ltr'>et</span> <span class='ocrx_word' id='word_1_89' title='bbox 914 1250 990 1285; x_wconf 82' lang='lat' dir='ltr'>offi-</span> 
     </span>
    </p>

    <p class='ocr_par' dir='ltr' id='par_1_10' title="bbox 74 1298 989 1397">
     <span class='ocr_line' id='line_1_20' title="bbox 74 1298 988 1346; baseline 0.003 -14"><span class='ocrx_word' id='word_1_90' title='bbox 74 1304 193 1329; x_wconf 72' lang='lat' dir='ltr'>onrdium·</span> <span class='ocrx_word' id='word_1_91' title='bbox 240 1298 279 1333; x_wconf 91' lang='lat' dir='ltr'>cii</span> <span class='ocrx_word' id='word_1_92' title='bbox 315 1299 535 1346; x_wconf 82' lang='lat' dir='ltr'>religiosorum</span> <span class='ocrx_word' id='word_1_93' title='bbox 557 1299 699 1335; x_wconf 88' lang='lat' dir='ltr'>locorum</span> <span class='ocrx_word' id='word_1_94' title='bbox 718 1301 786 1335; x_wconf 91' lang='lat' dir='ltr'>iura</span> <span class='ocrx_word' id='word_1_95' title='bbox 804 1299 988 1341; x_wconf 83' lang='lat' dir='ltr'><strong>defendere,</strong></span> 
     </span>
     <span class='ocr_line' id='line_1_21' title="bbox 240 1349 989 1397; baseline 0.003 -14"><span class='ocrx_word' id='word_1_96' title='bbox 240 1349 431 1384; x_wconf 87' lang='lat' dir='ltr'>monasterio</span> <span class='ocrx_word' id='word_1_97' title='bbox 455 1357 558 1384; x_wconf 86' lang='lat' dir='ltr'>vestro</span> <span class='ocrx_word' id='word_1_98' title='bbox 580 1357 665 1384; x_wconf 84' lang='lat' dir='ltr'>tanto</span> <span class='ocrx_word' id='word_1_99' title='bbox 679 1349 827 1385; x_wconf 88' lang='lat' dir='ltr'>volumus</span> <span class='ocrx_word' id='word_1_100' title='bbox 850 1362 989 1397; x_wconf 88' lang='lat' dir='ltr'>propen-</span> 
     </span>
    </p>

    <p class='ocr_par' dir='ltr' id='par_1_11' title="bbox 244 1398 986 1446">
     <span class='ocr_line' id='line_1_22' title="bbox 244 1398 986 1446; baseline 0.004 -14"><span class='ocrx_word' id='word_1_101' title='bbox 244 1398 320 1433; x_wconf 89' lang='lat' dir='ltr'>siori</span> <span class='ocrx_word' id='word_1_102' title='bbox 347 1398 453 1434; x_wconf 90' lang='lat' dir='ltr'>studio</span> <span class='ocrx_word' id='word_1_103' title='bbox 487 1399 518 1433; x_wconf 85' lang='lat' dir='ltr'>in</span> <span class='ocrx_word' id='word_1_104' title='bbox 552 1399 619 1434; x_wconf 90' lang='lat' dir='ltr'>suis</span> <span class='ocrx_word' id='word_1_105' title='bbox 645 1399 773 1434; x_wconf 89' lang='lat' dir='ltr'>iustitiis</span> <span class='ocrx_word' id='word_1_106' title='bbox 806 1400 986 1446; x_wconf 80' lang='lat' dir='ltr'>providere,</span> 
     </span>
    </p>

    <p class='ocr_par' dir='ltr' id='par_1_12' title="bbox 243 1448 987 1495">
     <span class='ocr_line' id='line_1_23' title="bbox 243 1448 987 1495; baseline 0.003 -13"><span class='ocrx_word' id='word_1_107' title='bbox 243 1455 360 1495; x_wconf 91' lang='lat' dir='ltr'>quanto</span> <span class='ocrx_word' id='word_1_108' title='bbox 392 1449 543 1483; x_wconf 87' lang='lat' dir='ltr'>maiorem</span> <span class='ocrx_word' id='word_1_109' title='bbox 583 1448 780 1484; x_wconf 86' lang='lat' dir='ltr'>devotionem</span> <span class='ocrx_word' id='word_1_110' title='bbox 819 1450 902 1484; x_wconf 89' lang='lat' dir='ltr'>circa</span> <span class='ocrx_word' id='word_1_111' title='bbox 929 1461 987 1484; x_wconf 91' lang='lat' dir='ltr'>nos</span> 
     </span>
    </p>

    <p class='ocr_par' dir='ltr' id='par_1_13' title="bbox 41 1497 986 1694">
     <span class='ocr_line' id='line_1_24' title="bbox 238 1497 986 1534; baseline 0.003 -2"><span class='ocrx_word' id='word_1_112' title='bbox 238 1506 270 1532; x_wconf 87' lang='lat' dir='ltr'>et</span> <span class='ocrx_word' id='word_1_113' title='bbox 302 1497 476 1533; x_wconf 82' lang='lat' dir='ltr'>Romanam</span> <span class='ocrx_word' id='word_1_114' title='bbox 511 1497 685 1533; x_wconf 81' lang='lat' dir='ltr'>Ecclesiam</span> <span class='ocrx_word' id='word_1_115' title='bbox 723 1497 888 1534; x_wconf 74' lang='lat' dir='ltr'>exhibetis.</span> <span class='ocrx_word' id='word_1_116' title='bbox 923 1499 986 1534; x_wconf 87' lang='lat' dir='ltr'>Ea-</span> 
     </span>
     <span class='ocr_line' id='line_1_25' title="bbox 55 1547 985 1595; baseline 0.002 -14"><span class='ocrx_word' id='word_1_117' title='bbox 55 1553 379 1595; x_wconf 61' lang='lat' dir='ltr'>nonasterium-propter,</span> <span class='ocrx_word' id='word_1_118' title='bbox 413 1547 516 1582; x_wconf 87' lang='lat' dir='ltr'>dilecti</span> <span class='ocrx_word' id='word_1_119' title='bbox 552 1548 583 1582; x_wconf 89' lang='lat' dir='ltr'>in</span> <span class='ocrx_word' id='word_1_120' title='bbox 610 1547 748 1583; x_wconf 91' lang='lat' dir='ltr'>Domino</span> <span class='ocrx_word' id='word_1_121' title='bbox 774 1547 846 1590; x_wconf 84' lang='lat' dir='ltr'>filii,</span> <span class='ocrx_word' id='word_1_122' title='bbox 875 1550 985 1583; x_wconf 86' lang='lat' dir='ltr'>vestris</span> 
     </span>
     <span class='ocr_line' id='line_1_26' title="bbox 41 1590 984 1646; baseline 0.002 -15"><span class='ocrx_word' id='word_1_123' title='bbox 41 1590 158 1643; x_wconf 48' lang='lat' dir='ltr'>ffssssssfflssj</span> <span class='ocrx_word' id='word_1_124' title='bbox 173 1592 225 1638; x_wconf 56' lang='lat' dir='ltr'>¹23ss}</span> <span class='ocrx_word' id='word_1_125' title='bbox 238 1597 506 1644; x_wconf 85' lang='lat' dir='ltr'>postulationibus</span> <span class='ocrx_word' id='word_1_126' title='bbox 551 1609 590 1632; x_wconf 81' lang='lat' dir='ltr'>ex</span> <span class='ocrx_word' id='word_1_127' title='bbox 629 1597 803 1632; x_wconf 86' lang='lat' dir='ltr'>ministerio</span> <span class='ocrx_word' id='word_1_128' title='bbox 844 1598 984 1646; x_wconf 89' lang='lat' dir='ltr'>suscepti</span> 
     </span>
     <span class='ocr_line' id='line_1_27' title="bbox 238 1646 984 1694; baseline 0.003 -13"><span class='ocrx_word' id='word_1_129' title='bbox 238 1647 402 1694; x_wconf 79' lang='lat' dir='ltr'>regiminis</span> <span class='ocrx_word' id='word_1_130' title='bbox 424 1646 578 1688; x_wconf 86' lang='lat' dir='ltr'>inclinati,</span> <span class='ocrx_word' id='word_1_131' title='bbox 605 1647 832 1683; x_wconf 88' lang='lat' dir='ltr'>monasterium</span> <span class='ocrx_word' id='word_1_132' title='bbox 850 1647 984 1683; x_wconf 83' lang='lat' dir='ltr'>Sanctae</span> 
     </span>
    </p>

    <p class='ocr_par' dir='ltr' id='par_1_14' title="bbox 37 1696 986 2238">
     <span class='ocr_line' id='line_1_28' title="bbox 237 1696 986 1733; baseline 0.004 -3"><span class='ocrx_word' id='word_1_133' title='bbox 237 1696 352 1731; x_wconf 87' lang='lat' dir='ltr'>Mariae</span> <span class='ocrx_word' id='word_1_134' title='bbox 378 1696 416 1731; x_wconf 90' lang='lat' dir='ltr'>de</span> <span class='ocrx_word' id='word_1_135' title='bbox 442 1696 590 1732; x_wconf 88' lang='lat' dir='ltr'>Metliano</span> <span class='ocrx_word' id='word_1_136' title='bbox 617 1709 689 1731; x_wconf 91' lang='lat' dir='ltr'>cum</span> <span class='ocrx_word' id='word_1_137' title='bbox 711 1697 860 1733; x_wconf 88' lang='lat' dir='ltr'>omnibus</span> <span class='ocrx_word' id='word_1_138' title='bbox 887 1698 986 1733; x_wconf 89' lang='lat' dir='ltr'>eccle-</span> 
     </span>
     <span class='ocr_line' id='line_1_29' title="bbox 237 1746 984 1795; baseline 0.001 -14"><span class='ocrx_word' id='word_1_139' title='bbox 237 1746 293 1781; x_wconf 87' lang='lat' dir='ltr'>siis</span> <span class='ocrx_word' id='word_1_140' title='bbox 319 1746 379 1781; x_wconf 92' lang='lat' dir='ltr'>sibi</span> <span class='ocrx_word' id='word_1_141' title='bbox 407 1746 555 1790; x_wconf 89' lang='lat' dir='ltr'>subditis,</span> <span class='ocrx_word' id='word_1_142' title='bbox 591 1758 662 1781; x_wconf 90' lang='lat' dir='ltr'>cum</span> <span class='ocrx_word' id='word_1_143' title='bbox 698 1746 831 1782; x_wconf 84' lang='lat' dir='ltr'>decimis</span> <span class='ocrx_word' id='word_1_144' title='bbox 863 1756 895 1782; x_wconf 88' lang='lat' dir='ltr'>et</span> <span class='ocrx_word' id='word_1_145' title='bbox 916 1749 984 1795; x_wconf 93' lang='lat' dir='ltr'>pri-</span> 
     </span>
     <span class='ocr_line' id='line_1_30' title="bbox 237 1795 984 1839; baseline 0.004 -9"><span class='ocrx_word' id='word_1_146' title='bbox 237 1796 335 1831; x_wconf 91' lang='lat' dir='ltr'>mitiis</span> <span class='ocrx_word' id='word_1_147' title='bbox 355 1808 475 1837; x_wconf 78' lang='lat' dir='ltr'>earum⁷</span> <span class='ocrx_word' id='word_1_148' title='bbox 498 1808 569 1831; x_wconf 87' lang='lat' dir='ltr'>cum</span> <span class='ocrx_word' id='word_1_149' title='bbox 597 1795 743 1838; x_wconf 80' lang='lat' dir='ltr'>castellis,</span> <span class='ocrx_word' id='word_1_150' title='bbox 771 1797 930 1839; x_wconf 67' lang='lat' dir='ltr'>almanus,</span> <span class='ocrx_word' id='word_1_151' title='bbox 953 1806 984 1833; x_wconf 89' lang='lat' dir='ltr'>et</span> 
     </span>
     <span class='ocr_line' id='line_1_31' title="bbox 236 1845 981 1893; baseline 0.003 -13"><span class='ocrx_word' id='word_1_152' title='bbox 236 1857 309 1880; x_wconf 89' lang='lat' dir='ltr'>cum</span> <span class='ocrx_word' id='word_1_153' title='bbox 337 1845 406 1881; x_wconf 87' lang='lat' dir='ltr'>aliis</span> <span class='ocrx_word' id='word_1_154' title='bbox 434 1845 526 1881; x_wconf 89' lang='lat' dir='ltr'>bonis</span> <span class='ocrx_word' id='word_1_155' title='bbox 555 1853 585 1880; x_wconf 89' lang='lat' dir='ltr'>et</span> <span class='ocrx_word' id='word_1_156' title='bbox 613 1846 870 1893; x_wconf 87' lang='lat' dir='ltr'>possessionibus</span> <span class='ocrx_word' id='word_1_157' title='bbox 896 1848 981 1892; x_wconf 86' lang='lat' dir='ltr'>suis,</span> 
     </span>
     <span class='ocr_line' id='line_1_32' title="bbox 235 1895 982 1944; baseline 0.003 -14"><span class='ocrx_word' id='word_1_158' title='bbox 235 1903 267 1930; x_wconf 89' lang='lat' dir='ltr'>et</span> <span class='ocrx_word' id='word_1_159' title='bbox 297 1895 445 1930; x_wconf 88' lang='lat' dir='ltr'>ecclesias</span> <span class='ocrx_word' id='word_1_160' title='bbox 475 1895 551 1930; x_wconf 86' lang='lat' dir='ltr'>alias</span> <span class='ocrx_word' id='word_1_161' title='bbox 582 1903 613 1930; x_wconf 90' lang='lat' dir='ltr'>et</span> <span class='ocrx_word' id='word_1_162' title='bbox 638 1897 874 1943; x_wconf 87' lang='lat' dir='ltr'>possessiones,</span> <span class='ocrx_word' id='word_1_163' title='bbox 902 1910 982 1944; x_wconf 85' lang='lat' dir='ltr'>quae</span> 
     </span>
     <span class='ocr_line' id='line_1_33' title="bbox 235 1944 983 1989; baseline 0.005 -11"><span class='ocrx_word' id='word_1_164' title='bbox 235 1944 366 1981; x_wconf 74' lang='lat' dir='ltr'>inferius</span> <span class='ocrx_word' id='word_1_165' title='bbox 387 1945 641 1989; x_wconf 85' lang='lat' dir='ltr'>subscribuntur,</span> <span class='ocrx_word' id='word_1_166' title='bbox 667 1945 749 1981; x_wconf 86' lang='lat' dir='ltr'>sicut</span> <span class='ocrx_word' id='word_1_167' title='bbox 770 1958 823 1981; x_wconf 87' lang='lat' dir='ltr'>eas</span> <span class='ocrx_word' id='word_1_168' title='bbox 848 1947 983 1983; x_wconf 89' lang='lat' dir='ltr'>rationa-</span> 
     </span>
     <span class='ocr_line' id='line_1_34' title="bbox 235 1993 982 2042; baseline 0.005 -14"><span class='ocrx_word' id='word_1_169' title='bbox 235 1993 338 2030; x_wconf 83' lang='lat' dir='ltr'>biliter</span> <span class='ocrx_word' id='word_1_170' title='bbox 360 1994 539 2042; x_wconf 86' lang='lat' dir='ltr'>possidetis,</span> <span class='ocrx_word' id='word_1_171' title='bbox 561 1995 650 2030; x_wconf 91' lang='lat' dir='ltr'>vobis</span> <span class='ocrx_word' id='word_1_172' title='bbox 676 2003 706 2030; x_wconf 88' lang='lat' dir='ltr'>et</span> <span class='ocrx_word' id='word_1_173' title='bbox 727 1997 917 2032; x_wconf 84' lang='lat' dir='ltr'>monasterio</span> <span class='ocrx_word' id='word_1_174' title='bbox 933 2009 982 2032; x_wconf 80' lang='lat' dir='ltr'>ve-</span> 
     </span>
     <span class='ocr_line' id='line_1_35' title="bbox 234 2044 978 2092; baseline 0.005 -14"><span class='ocrx_word' id='word_1_175' title='bbox 234 2052 299 2079; x_wconf 90' lang='lat' dir='ltr'>stro</span> <span class='ocrx_word' id='word_1_176' title='bbox 324 2045 509 2080; x_wconf 87' lang='lat' dir='ltr'>auctoritate</span> <span class='ocrx_word' id='word_1_177' title='bbox 535 2044 706 2092; x_wconf 87' lang='lat' dir='ltr'>apostolica</span> <span class='ocrx_word' id='word_1_178' title='bbox 733 2045 978 2082; x_wconf 86' lang='lat' dir='ltr'>confirmamus:</span> 
     </span>
     <span class='ocr_line' id='line_1_36' title="bbox 49 2093 979 2141; baseline 0.004 -14"><span class='ocrx_word' id='word_1_179' title='bbox 49 2097 108 2134; x_wconf 66' lang='lat' dir='ltr'>Quo</span> <span class='ocrx_word' id='word_1_180' title='bbox 129 2093 394 2135; x_wconf 60' lang='lat' dir='ltr'>e·‚12=o-eastenum</span> <span class='ocrx_word' id='word_1_181' title='bbox 430 2093 574 2129; x_wconf 86' lang='lat' dir='ltr'>videlicet</span> <span class='ocrx_word' id='word_1_182' title='bbox 606 2095 645 2129; x_wconf 90' lang='lat' dir='ltr'>de</span> <span class='ocrx_word' id='word_1_183' title='bbox 672 2093 843 2141; x_wconf 86' lang='lat' dir='ltr'>Cidamon,</span> <span class='ocrx_word' id='word_1_184' title='bbox 878 2105 909 2131; x_wconf 91' lang='lat' dir='ltr'>et</span> <span class='ocrx_word' id='word_1_185' title='bbox 934 2096 979 2131; x_wconf 92' lang='lat' dir='ltr'>al-</span> 
     </span>
     <span class='ocr_line' id='line_1_37' title="bbox 37 2131 979 2191; baseline 0.003 -13"><span class='ocrx_word' id='word_1_186' title='bbox 37 2131 219 2188; x_wconf 38' lang='lat' dir='ltr'>mamimus</span> <span class='ocrx_word' id='word_1_187' title='bbox 234 2143 386 2183; x_wconf 82' lang='lat' dir='ltr'>muniam,</span> <span class='ocrx_word' id='word_1_188' title='bbox 408 2156 488 2191; x_wconf 88' lang='lat' dir='ltr'>quae</span> <span class='ocrx_word' id='word_1_189' title='bbox 509 2144 623 2179; x_wconf 91' lang='lat' dir='ltr'>dicitur</span> <span class='ocrx_word' id='word_1_190' title='bbox 645 2143 838 2191; x_wconf 78' lang='lat' dir='ltr'>Alfandega,</span> <span class='ocrx_word' id='word_1_191' title='bbox 865 2154 895 2180; x_wconf 86' lang='lat' dir='ltr'>et</span> <span class='ocrx_word' id='word_1_192' title='bbox 926 2158 979 2181; x_wconf 89' lang='lat' dir='ltr'>ca-</span> 
     </span>
     <span class='ocr_line' id='line_1_38' title="bbox 233 2192 978 2238; baseline 0.005 -11"><span class='ocrx_word' id='word_1_193' title='bbox 233 2192 356 2228; x_wconf 82' lang='lat' dir='ltr'>stellum</span> <span class='ocrx_word' id='word_1_194' title='bbox 379 2193 418 2228; x_wconf 90' lang='lat' dir='ltr'>de</span> <span class='ocrx_word' id='word_1_195' title='bbox 433 2193 551 2238; x_wconf 83' lang='lat' dir='ltr'>Senan,</span> <span class='ocrx_word' id='word_1_196' title='bbox 572 2193 734 2229; x_wconf 81' lang='lat' dir='ltr'>ecclesiam</span> <span class='ocrx_word' id='word_1_197' title='bbox 748 2194 880 2229; x_wconf 85' lang='lat' dir='ltr'>Sanctae</span> <span class='ocrx_word' id='word_1_198' title='bbox 896 2195 978 2231; x_wconf 87' lang='lat' dir='ltr'>Cae-</span> 
     </span>
    </p>

    <p class='ocr_par' dir='ltr' id='par_1_15' title="bbox 233 2241 976 2290">
     <span class='ocr_line' id='line_1_39' title="bbox 233 2241 976 2290; baseline 0.003 -13"><span class='ocrx_word' id='word_1_199' title='bbox 233 2241 324 2278; x_wconf 83' lang='lat' dir='ltr'>ciliae</span> <span class='ocrx_word' id='word_1_200' title='bbox 351 2242 390 2278; x_wconf 87' lang='lat' dir='ltr'>de</span> <span class='ocrx_word' id='word_1_201' title='bbox 411 2242 516 2278; x_wconf 88' lang='lat' dir='ltr'>Moion</span> <span class='ocrx_word' id='word_1_202' title='bbox 544 2256 616 2278; x_wconf 87' lang='lat' dir='ltr'>cum</span> <span class='ocrx_word' id='word_1_203' title='bbox 635 2244 720 2278; x_wconf 91' lang='lat' dir='ltr'>omni</span> <span class='ocrx_word' id='word_1_204' title='bbox 746 2245 893 2290; x_wconf 81' lang='lat' dir='ltr'>parochia</span> <span class='ocrx_word' id='word_1_205' title='bbox 909 2257 976 2287; x_wconf 87' lang='lat' dir='ltr'>sua,</span> 
     </span>
    </p>

    <p class='ocr_par' dir='ltr' id='par_1_16' title="bbox 233 2292 978 2341">
     <span class='ocr_line' id='line_1_40' title="bbox 233 2292 978 2341; baseline 0.004 -15"><span class='ocrx_word' id='word_1_206' title='bbox 233 2301 264 2326; x_wconf 89' lang='lat' dir='ltr'>et</span> <span class='ocrx_word' id='word_1_207' title='bbox 289 2292 421 2327; x_wconf 88' lang='lat' dir='ltr'>decimis</span> <span class='ocrx_word' id='word_1_208' title='bbox 442 2301 472 2326; x_wconf 93' lang='lat' dir='ltr'>et</span> <span class='ocrx_word' id='word_1_209' title='bbox 495 2293 641 2340; x_wconf 90' lang='lat' dir='ltr'>primitiis</span> <span class='ocrx_word' id='word_1_210' title='bbox 662 2293 701 2328; x_wconf 89' lang='lat' dir='ltr'>ad</span> <span class='ocrx_word' id='word_1_211' title='bbox 724 2306 791 2328; x_wconf 88' lang='lat' dir='ltr'>eam</span> <span class='ocrx_word' id='word_1_212' title='bbox 814 2295 978 2341; x_wconf 87' lang='lat' dir='ltr'>pertinen-</span> 
     </span>
    </p>

    <p class='ocr_par' dir='ltr' id='par_1_17' title="bbox 233 2341 975 2389">
     <span class='ocr_line' id='line_1_41' title="bbox 233 2341 975 2389; baseline 0.004 -14"><span class='ocrx_word' id='word_1_213' title='bbox 233 2342 328 2383; x_wconf 87' lang='lat' dir='ltr'>tibus,</span> <span class='ocrx_word' id='word_1_214' title='bbox 350 2349 381 2377; x_wconf 87' lang='lat' dir='ltr'>et</span> <span class='ocrx_word' id='word_1_215' title='bbox 401 2341 506 2376; x_wconf 89' lang='lat' dir='ltr'>villam</span> <span class='ocrx_word' id='word_1_216' title='bbox 528 2342 567 2377; x_wconf 92' lang='lat' dir='ltr'>de</span> <span class='ocrx_word' id='word_1_217' title='bbox 589 2342 799 2389; x_wconf 87' lang='lat' dir='ltr'>Septemcasis</span> <span class='ocrx_word' id='word_1_218' title='bbox 820 2351 851 2378; x_wconf 88' lang='lat' dir='ltr'>et</span> <span class='ocrx_word' id='word_1_219' title='bbox 872 2343 975 2379; x_wconf 87' lang='lat' dir='ltr'>villam</span> 
     </span>
    </p>

    <p class='ocr_par' dir='ltr' id='par_1_18' title="bbox 233 2390 976 2429">
     <span class='ocr_line' id='line_1_42' title="bbox 233 2390 976 2429; baseline 0.004 -3"><span class='ocrx_word' id='word_1_220' title='bbox 233 2390 273 2426; x_wconf 87' lang='lat' dir='ltr'>de</span> <span class='ocrx_word' id='word_1_221' title='bbox 293 2391 412 2426; x_wconf 84' lang='lat' dir='ltr'>Lenars</span> <span class='ocrx_word' id='word_1_222' title='bbox 437 2398 469 2426; x_wconf 86' lang='lat' dir='ltr'>et</span> <span class='ocrx_word' id='word_1_223' title='bbox 502 2391 605 2426; x_wconf 83' lang='lat' dir='ltr'>villam</span> <span class='ocrx_word' id='word_1_224' title='bbox 628 2392 666 2426; x_wconf 90' lang='lat' dir='ltr'>de</span> <span class='ocrx_word' id='word_1_225' title='bbox 692 2391 794 2427; x_wconf 84' lang='lat' dir='ltr'>Isovol</span> <span class='ocrx_word' id='word_1_226' title='bbox 815 2405 887 2428; x_wconf 90' lang='lat' dir='ltr'>cum</span> <span class='ocrx_word' id='word_1_227' title='bbox 909 2394 976 2429; x_wconf 87' lang='lat' dir='ltr'>suis</span> 
     </span>
    </p>
   </div>
   <div class='ocr_carea' id='block_1_10' title="bbox 231 2445 975 2602">
    <p class='ocr_par' dir='ltr' id='par_1_19' title="bbox 231 2445 975 2602">
     <span class='ocr_line' id='line_1_43' title="bbox 234 2445 975 2492; baseline 0.005 -13"><span class='ocrx_word' id='word_1_228' title='bbox 234 2445 443 2492; x_wconf 86' lang='lat' dir='ltr'>pertinentiis,</span> <span class='ocrx_word' id='word_1_229' title='bbox 465 2453 496 2480; x_wconf 88' lang='lat' dir='ltr'>et</span> <span class='ocrx_word' id='word_1_230' title='bbox 520 2445 624 2480; x_wconf 89' lang='lat' dir='ltr'>villam</span> <span class='ocrx_word' id='word_1_231' title='bbox 652 2445 691 2481; x_wconf 86' lang='lat' dir='ltr'>de</span> <span class='ocrx_word' id='word_1_232' title='bbox 712 2446 786 2481; x_wconf 84' lang='lat' dir='ltr'>Olot</span> <span class='ocrx_word' id='word_1_233' title='bbox 812 2459 884 2481; x_wconf 93' lang='lat' dir='ltr'>cum</span> <span class='ocrx_word' id='word_1_234' title='bbox 908 2448 975 2483; x_wconf 87' lang='lat' dir='ltr'>suis</span> 
     </span>
     <span class='ocr_line' id='line_1_44' title="bbox 232 2499 974 2546; baseline 0.003 -12"><span class='ocrx_word' id='word_1_235' title='bbox 232 2499 416 2534; x_wconf 88' lang='lat' dir='ltr'>nemoribus</span> <span class='ocrx_word' id='word_1_236' title='bbox 447 2508 478 2534; x_wconf 90' lang='lat' dir='ltr'>et</span> <span class='ocrx_word' id='word_1_237' title='bbox 505 2499 714 2546; x_wconf 77' lang='lat' dir='ltr'>pertinentiis,</span> <span class='ocrx_word' id='word_1_238' title='bbox 753 2507 784 2535; x_wconf 91' lang='lat' dir='ltr'>et</span> <span class='ocrx_word' id='word_1_239' title='bbox 809 2500 974 2536; x_wconf 87' lang='lat' dir='ltr'>ecclesiam</span> 
     </span>
     <span class='ocr_line' id='line_1_45' title="bbox 231 2552 975 2602; baseline 0.003 -14"><span class='ocrx_word' id='word_1_240' title='bbox 231 2552 364 2588; x_wconf 81' lang='lat' dir='ltr'>Sanctae</span> <span class='ocrx_word' id='word_1_241' title='bbox 390 2552 563 2588; x_wconf 89' lang='lat' dir='ltr'>Leocadiae</span> <span class='ocrx_word' id='word_1_242' title='bbox 585 2566 655 2589; x_wconf 91' lang='lat' dir='ltr'>cum</span> <span class='ocrx_word' id='word_1_243' title='bbox 680 2553 762 2595; x_wconf 85' lang='lat' dir='ltr'>villa,</span> <span class='ocrx_word' id='word_1_244' title='bbox 789 2555 819 2589; x_wconf 88' lang='lat' dir='ltr'>in</span> <span class='ocrx_word' id='word_1_245' title='bbox 841 2567 902 2602; x_wconf 86' lang='lat' dir='ltr'>qua</span> <span class='ocrx_word' id='word_1_246' title='bbox 928 2564 975 2590; x_wconf 89' lang='lat' dir='ltr'>est</span> 
     </span>
    </p>
   </div>
   <div class='ocr_carea' id='block_1_11' title="bbox 231 2621 972 2699">
    <p class='ocr_par' dir='ltr' id='par_1_20' title="bbox 231 2621 972 2699">
     <span class='ocr_line' id='line_1_46' title="bbox 264 2621 972 2659; baseline 0.004 -9"><span class='ocrx_word' id='word_1_247' title='bbox 264 2623 302 2657; x_wconf 81' lang='lat' dir='ltr'>(l)</span> <span class='ocrx_word' id='word_1_248' title='bbox 324 2621 360 2650; x_wconf 78' lang='lat' dir='ltr'>Ex</span> <span class='ocrx_word' id='word_1_249' title='bbox 380 2623 480 2650; x_wconf 84' lang='lat' dir='ltr'>archiv.</span> <span class='ocrx_word' id='word_1_250' title='bbox 501 2628 612 2651; x_wconf 78' lang='lat' dir='ltr'>monast.</span> <span class='ocrx_word' id='word_1_251' title='bbox 641 2624 719 2651; x_wconf 87' lang='lat' dir='ltr'>huius</span> <span class='ocrx_word' id='word_1_252' title='bbox 737 2624 819 2651; x_wconf 83' lang='lat' dir='ltr'>edidit</span> <span class='ocrx_word' id='word_1_253' title='bbox 842 2625 972 2659; x_wconf 83' lang='lat' dir='ltr'>Baluzius,</span> 
     </span>
     <span class='ocr_line' id='line_1_47' title="bbox 231 2663 771 2699; baseline 0 -8"><span class='ocrx_word' id='word_1_254' title='bbox 231 2663 311 2691; x_wconf 72' lang='lat' dir='ltr'>Marc.</span> <span class='ocrx_word' id='word_1_255' title='bbox 329 2664 414 2699; x_wconf 77' lang='lat' dir='ltr'>stp.‚</span> <span class='ocrx_word' id='word_1_256' title='bbox 431 2665 456 2690; x_wconf 90' lang='lat' dir='ltr'>in</span> <span class='ocrx_word' id='word_1_257' title='bbox 473 2664 605 2699; x_wconf 60' lang='lat' dir='ltr'>Append„</span> <span class='ocrx_word' id='word_1_258' title='bbox 623 2673 694 2691; x_wconf 87' lang='lat' dir='ltr'>num.</span> <span class='ocrx_word' id='word_1_259' title='bbox 712 2665 771 2691; x_wconf 70' lang='lat'>[1718.</span> 
     </span>
    </p>
   </div>
   <div class='ocr_carea' id='block_1_12' title="bbox 309 2708 616 2738">
    <p class='ocr_par' dir='ltr' id='par_1_21' title="bbox 309 2708 616 2738">
     <span class='ocr_line' id='line_1_48' title="bbox 309 2708 616 2738; baseline -0.003 0"><span class='ocrx_word' id='word_1_260' title='bbox 309 2708 382 2738; x_wconf 80' lang='lat' dir='ltr'>Butt.</span> <span class='ocrx_word' id='word_1_261' title='bbox 401 2708 477 2738; x_wconf 74' lang='lat' dir='ltr'>Romi.</span> <span class='ocrx_word' id='word_1_262' title='bbox 507 2708 558 2737; x_wconf 83' lang='lat' dir='ltr'>Vol.</span> <span class='ocrx_word' id='word_1_263' title='bbox 581 2709 616 2738; x_wconf 90' lang='lat' dir='ltr'>Il.</span> 
     </span>
    </p>
   </div>
   <div class='ocr_carea' id='block_1_13' title="bbox 15 1647 225 1736">
    <p class='ocr_par' dir='ltr' id='par_1_22' title="bbox 15 1647 225 1736">
     <span class='ocr_line' id='line_1_49' title="bbox 41 1647 225 1668; baseline 0.011 -2"><span class='ocrx_word' id='word_1_264' title='bbox 41 1647 149 1668; x_wconf 68' lang='lat' dir='ltr'>confirmat</span> <span class='ocrx_word' id='word_1_265' title='bbox 185 1654 225 1668; x_wconf 76' lang='lat' dir='ltr'>au-</span> 
     </span>
     <span class='ocr_line' id='line_1_50' title="bbox 41 1679 224 1707; baseline 0.016 -9"><span class='ocrx_word' id='word_1_266' title='bbox 41 1679 139 1699; x_wconf 76' lang='lat' dir='ltr'>ctoritate</span> <span class='ocrx_word' id='word_1_267' title='bbox 170 1686 224 1707; x_wconf 79' lang='lat' dir='ltr'>apu—</span> 
     </span>
     <span class='ocr_line' id='line_1_51' title="bbox 15 1708 129 1736; baseline 0.018 -7"><span class='ocrx_word' id='word_1_268' title='bbox 15 1708 17 1713; x_wconf 83' lang='lat'><strong><em>‘</em></strong></span> <span class='ocrx_word' id='word_1_269' title='bbox 41 1709 129 1736; x_wconf 74' lang='lat' dir='ltr'>stoliea3</span> 
     </span>
    </p>
   </div>
   <div class='ocr_carea' id='block_1_14' title="bbox 779 2710 816 2739">
    <p class='ocr_par' dir='ltr' id='par_1_23' title="bbox 779 2710 816 2739">
     <span class='ocr_line' id='line_1_52' title="bbox 779 2710 816 2739; baseline 0 0"><span class='ocrx_word' id='word_1_270' title='bbox 779 2710 816 2739; x_wconf 89' lang='lat'>88</span> 
     </span>
    </p>
   </div>
   <div class='ocr_carea' id='block_1_15' title="bbox 857 266 1191 292">
    <p class='ocr_par' dir='ltr' id='par_1_24' title="bbox 857 266 1191 292">
     <span class='ocr_line' id='line_1_53' title="bbox 857 266 1191 292; baseline 0.003 -3"><span class='ocrx_word' id='word_1_271' title='bbox 857 266 1052 290; x_wconf 68' lang='lat' dir='ltr'>ALExANDEn</span> <span class='ocrx_word' id='word_1_272' title='bbox 1080 267 1116 290; x_wconf 80' lang='grc' dir='ltr'>ΙΙΙ</span> <span class='ocrx_word' id='word_1_273' title='bbox 1141 267 1191 292; x_wconf 74' lang='lat' dir='ltr'>Pr.</span> 
     </span>
    </p>
   </div>
   <div class='ocr_carea' id='block_1_16' title="bbox 1043 264 1783 373">
    <p class='ocr_par' dir='ltr' id='par_1_25' title="bbox 1043 264 1783 373">
     <span class='ocr_line' id='line_1_54' title="bbox 1668 264 1737 297; baseline 0.014 -1"><span class='ocrx_word' id='word_1_274' title='bbox 1668 264 1737 297; x_wconf 72' lang='lat'>(397</span> 
     </span>
     <span class='ocr_line' id='line_1_55' title="bbox 1043 323 1783 373; baseline 0.011 -17"><span class='ocrx_word' id='word_1_275' title='bbox 1043 323 1221 364; x_wconf 78' lang='lat' dir='ltr'>constituta,</span> <span class='ocrx_word' id='word_1_276' title='bbox 1243 336 1312 358; x_wconf 85' lang='lat' dir='ltr'>cnm</span> <span class='ocrx_word' id='word_1_277' title='bbox 1337 325 1402 359; x_wconf 81' lang='lat' dir='ltr'>suis</span> <span class='ocrx_word' id='word_1_278' title='bbox 1423 325 1554 361; x_wconf 74' lang='lat' dir='ltr'>decimis</span> <span class='ocrx_word' id='word_1_279' title='bbox 1576 335 1604 361; x_wconf 88' lang='lat' dir='ltr'>et</span> <span class='ocrx_word' id='word_1_280' title='bbox 1628 329 1783 373; x_wconf 79' lang='lat' dir='ltr'>primitiis.</span> 
     </span>
    </p>
   </div>
   <div class='ocr_carea' id='block_1_17' title="bbox 1030 420 1780 1219">
    <p class='ocr_par' dir='ltr' id='par_1_26' title="bbox 1030 420 1780 1219">
     <span class='ocr_line' id='line_1_56' title="bbox 1043 420 1779 462; baseline 0.012 -9"><span class='ocrx_word' id='word_1_281' title='bbox 1043 420 1099 453; x_wconf 77' lang='lat' dir='ltr'>bus</span> <span class='ocrx_word' id='word_1_282' title='bbox 1115 423 1228 456; x_wconf 77' lang='lat' dir='ltr'>nostris</span> <span class='ocrx_word' id='word_1_283' title='bbox 1252 422 1402 458; x_wconf 80' lang='lat' dir='ltr'>Romanis</span> <span class='ocrx_word' id='word_1_284' title='bbox 1416 425 1620 460; x_wconf 72' lang='lat' dir='ltr'>Pontificibus</span> <span class='ocrx_word' id='word_1_285' title='bbox 1634 439 1779 462; x_wconf 77' lang='lat' dir='ltr'>concessa</span> 
     </span>
     <span class='ocr_line' id='line_1_57' title="bbox 1043 469 1780 521; baseline 0.014 -19"><span class='ocrx_word' id='word_1_286' title='bbox 1043 469 1129 505; x_wconf 73' lang='lat' dir='ltr'>vobis</span> <span class='ocrx_word' id='word_1_287' title='bbox 1151 480 1244 512; x_wconf 74' lang='lat' dir='ltr'>sunt,</span> <span class='ocrx_word' id='word_1_288' title='bbox 1279 481 1309 507; x_wconf 88' lang='lat' dir='ltr'>ct</span> <span class='ocrx_word' id='word_1_289' title='bbox 1340 486 1449 508; x_wconf 81' lang='lat' dir='ltr'>corun]</span> <span class='ocrx_word' id='word_1_290' title='bbox 1479 475 1645 521; x_wconf 69' lang='lat' dir='ltr'>privilegiis</span> <span class='ocrx_word' id='word_1_291' title='bbox 1665 479 1780 512; x_wconf 86' lang='lat' dir='ltr'>conlir-</span> 
     </span>
     <span class='ocr_line' id='line_1_58' title="bbox 1041 521 1778 570; baseline 0.014 -18"><span class='ocrx_word' id='word_1_292' title='bbox 1041 527 1133 558; x_wconf 77' lang='lat' dir='ltr'>mata,</span> <span class='ocrx_word' id='word_1_293' title='bbox 1163 521 1244 555; x_wconf 81' lang='lat' dir='ltr'>sicut</span> <span class='ocrx_word' id='word_1_294' title='bbox 1270 534 1303 557; x_wconf 90' lang='lat' dir='ltr'>ea</span> <span class='ocrx_word' id='word_1_295' title='bbox 1333 523 1622 570; x_wconf 67' lang='lat' dir='ltr'>impraesentiarum</span> <span class='ocrx_word' id='word_1_296' title='bbox 1651 529 1778 566; x_wconf 73' lang='lat' dir='ltr'>tenetis,</span> 
     </span>
     <span class='ocr_line' id='line_1_59' title="bbox 1040 569 1780 620; baseline 0.012 -18"><span class='ocrx_word' id='word_1_297' title='bbox 1040 577 1069 602; x_wconf 90' lang='lat' dir='ltr'>et</span> <span class='ocrx_word' id='word_1_298' title='bbox 1095 569 1163 610; x_wconf 87' lang='lat' dir='ltr'>alia,</span> <span class='ocrx_word' id='word_1_299' title='bbox 1191 583 1270 616; x_wconf 84' lang='lat' dir='ltr'>quae</span> <span class='ocrx_word' id='word_1_300' title='bbox 1303 571 1443 618; x_wconf 80' lang='lat' dir='ltr'>legitime</span> <span class='ocrx_word' id='word_1_301' title='bbox 1470 575 1657 620; x_wconf 83' lang='lat' dir='ltr'>possidetis,</span> <span class='ocrx_word' id='word_1_302' title='bbox 1694 577 1780 612; x_wconf 81' lang='lat' dir='ltr'>vohis</span> 
     </span>
     <span class='ocr_line' id='line_1_60' title="bbox 1039 621 1778 661; baseline 0.012 -9"><span class='ocrx_word' id='word_1_303' title='bbox 1039 625 1068 652; x_wconf 90' lang='lat' dir='ltr'>et</span> <span class='ocrx_word' id='word_1_304' title='bbox 1096 621 1286 655; x_wconf 89' lang='lat' dir='ltr'>monasterio</span> <span class='ocrx_word' id='word_1_305' title='bbox 1313 631 1415 656; x_wconf 78' lang='lat' dir='ltr'>vestro</span> <span class='ocrx_word' id='word_1_306' title='bbox 1448 623 1652 659; x_wconf 84' lang='lat' dir='ltr'>nibilominus</span> <span class='ocrx_word' id='word_1_307' title='bbox 1684 625 1778 661; x_wconf 85' lang='lat' dir='ltr'>duxi-</span> 
     </span>
     <span class='ocr_line' id='line_1_61' title="bbox 1040 668 1780 719; baseline 0.014 -18"><span class='ocrx_word' id='word_1_308' title='bbox 1040 680 1108 702; x_wconf 90' lang='lat' dir='ltr'>mus</span> <span class='ocrx_word' id='word_1_309' title='bbox 1129 668 1352 705; x_wconf 79' lang='lat' dir='ltr'>confirmanda.</span> <span class='ocrx_word' id='word_1_310' title='bbox 1388 671 1519 719; x_wconf 80' lang='lat' dir='ltr'>Insuper</span> <span class='ocrx_word' id='word_1_311' title='bbox 1551 675 1642 708; x_wconf 87' lang='lat' dir='ltr'>etiam</span> <span class='ocrx_word' id='word_1_312' title='bbox 1670 688 1780 711; x_wconf 73' lang='lat' dir='ltr'>omncs</span> 
     </span>
     <span class='ocr_line' id='line_1_62' title="bbox 1037 717 1779 771; baseline 0.013 -20"><span class='ocrx_word' id='word_1_313' title='bbox 1037 717 1205 762; x_wconf 73' lang='lat' dir='ltr'>salvitates,</span> <span class='ocrx_word' id='word_1_314' title='bbox 1227 731 1306 765; x_wconf 86' lang='lat' dir='ltr'>quae</span> <span class='ocrx_word' id='word_1_315' title='bbox 1321 733 1336 754; x_wconf 89' lang='lat' dir='ltr'>a</span> <span class='ocrx_word' id='word_1_316' title='bbox 1354 722 1461 755; x_wconf 88' lang='lat' dir='ltr'>multis</span> <span class='ocrx_word' id='word_1_317' title='bbox 1483 731 1564 758; x_wconf 90' lang='lat' dir='ltr'>retro</span> <span class='ocrx_word' id='word_1_318' title='bbox 1586 725 1779 771; x_wconf 82' lang='lat' dir='ltr'>temporibus</span> 
     </span>
     <span class='ocr_line' id='line_1_63' title="bbox 1038 767 1778 815; baseline 0.015 -16"><span class='ocrx_word' id='word_1_319' title='bbox 1038 767 1067 800; x_wconf 92' lang='lat' dir='ltr'>in</span> <span class='ocrx_word' id='word_1_320' title='bbox 1097 767 1176 811; x_wconf 81' lang='lat' dir='ltr'>villa,</span> <span class='ocrx_word' id='word_1_321' title='bbox 1211 781 1291 815; x_wconf 88' lang='lat' dir='ltr'>quae</span> <span class='ocrx_word' id='word_1_322' title='bbox 1318 771 1481 805; x_wconf 87' lang='lat' dir='ltr'>coniuncta</span> <span class='ocrx_word' id='word_1_323' title='bbox 1516 781 1562 807; x_wconf 90' lang='lat' dir='ltr'>est</span> <span class='ocrx_word' id='word_1_324' title='bbox 1591 776 1778 811; x_wconf 67' lang='lat' dir='ltr'>monasterio</span> 
     </span>
     <span class='ocr_line' id='line_1_64' title="bbox 1038 819 1779 860; baseline 0.015 -11"><span class='ocrx_word' id='word_1_325' title='bbox 1038 824 1149 857; x_wconf 80' lang='lat' dir='ltr'>vestro,</span> <span class='ocrx_word' id='word_1_326' title='bbox 1172 826 1202 851; x_wconf 86' lang='lat' dir='ltr'>et</span> <span class='ocrx_word' id='word_1_327' title='bbox 1230 819 1259 852; x_wconf 90' lang='lat' dir='ltr'>iu</span> <span class='ocrx_word' id='word_1_328' title='bbox 1289 820 1431 854; x_wconf 87' lang='lat' dir='ltr'>terminis</span> <span class='ocrx_word' id='word_1_329' title='bbox 1464 821 1532 856; x_wconf 92' lang='lat' dir='ltr'>eius</span> <span class='ocrx_word' id='word_1_330' title='bbox 1555 823 1779 860; x_wconf 80' lang='lat' dir='ltr'>rationabiliter</span> 
     </span>
     <span class='ocr_line' id='line_1_65' title="bbox 1036 866 1777 921; baseline 0.015 -22"><span class='ocrx_word' id='word_1_331' title='bbox 1036 866 1221 901; x_wconf 82' lang='lat' dir='ltr'>constitutae</span> <span class='ocrx_word' id='word_1_332' title='bbox 1248 878 1338 909; x_wconf 83' lang='lat' dir='ltr'>sunt,</span> <span class='ocrx_word' id='word_1_333' title='bbox 1379 871 1588 917; x_wconf 85' lang='lat' dir='ltr'>praecipimus</span> <span class='ocrx_word' id='word_1_334' title='bbox 1624 883 1777 921; x_wconf 86' lang='lat' dir='ltr'>perpetuo</span> 
     </span>
     <span class='ocr_line' id='line_1_66' title="bbox 1036 915 1778 960; baseline 0.013 -11"><span class='ocrx_word' id='word_1_335' title='bbox 1036 915 1254 951; x_wconf 82' lang='lat' dir='ltr'>inviolabiliter</span> <span class='ocrx_word' id='word_1_336' title='bbox 1288 918 1462 960; x_wconf 54' lang='lat' dir='ltr'>obser-warh</span> <span class='ocrx_word' id='word_1_337' title='bbox 1498 921 1557 955; x_wconf 92' lang='lat' dir='ltr'>sub</span> <span class='ocrx_word' id='word_1_338' title='bbox 1592 923 1778 959; x_wconf 80' lang='lat' dir='ltr'>intermina-</span> 
     </span>
     <span class='ocr_line' id='line_1_67' title="bbox 1035 965 1775 1020; baseline 0.015 -22"><span class='ocrx_word' id='word_1_339' title='bbox 1035 965 1119 999; x_wconf 86' lang='lat' dir='ltr'>tione</span> <span class='ocrx_word' id='word_1_340' title='bbox 1150 966 1356 1003; x_wconf 85' lang='lat' dir='ltr'>anathematis</span> <span class='ocrx_word' id='word_1_341' title='bbox 1391 969 1603 1016; x_wconf 81' lang='lat' dir='ltr'>prohibentes,</span> <span class='ocrx_word' id='word_1_342' title='bbox 1640 985 1678 1007; x_wconf 88' lang='lat' dir='ltr'>ne</span> <span class='ocrx_word' id='word_1_343' title='bbox 1705 975 1775 1020; x_wconf 91' lang='lat' dir='ltr'>quis</span> 
     </span>
     <span class='ocr_line' id='line_1_68' title="bbox 1033 1015 1774 1070; baseline 0.013 -22"><span class='ocrx_word' id='word_1_344' title='bbox 1033 1015 1188 1050; x_wconf 82' lang='lat' dir='ltr'>salvitates</span> <span class='ocrx_word' id='word_1_345' title='bbox 1209 1025 1239 1050; x_wconf 88' lang='lat' dir='ltr'>et</span> <span class='ocrx_word' id='word_1_346' title='bbox 1270 1019 1453 1053; x_wconf 84' lang='lat' dir='ltr'>securitates</span> <span class='ocrx_word' id='word_1_347' title='bbox 1485 1020 1585 1067; x_wconf 86' lang='lat' dir='ltr'>ipsas,</span> <span class='ocrx_word' id='word_1_348' title='bbox 1612 1034 1692 1068; x_wconf 89' lang='lat' dir='ltr'>quae</span> <span class='ocrx_word' id='word_1_349' title='bbox 1720 1037 1774 1070; x_wconf 84' lang='lat' dir='ltr'>pro</span> 
     </span>
     <span class='ocr_line' id='line_1_69' title="bbox 1033 1066 1773 1108; baseline 0.012 -10"><span class='ocrx_word' id='word_1_350' title='bbox 1033 1066 1194 1100; x_wconf 89' lang='lat' dir='ltr'>communi</span> <span class='ocrx_word' id='word_1_351' title='bbox 1210 1067 1342 1102; x_wconf 85' lang='lat' dir='ltr'>utilitate</span> <span class='ocrx_word' id='word_1_352' title='bbox 1363 1070 1544 1104; x_wconf 87' lang='lat' dir='ltr'>monasterii</span> <span class='ocrx_word' id='word_1_353' title='bbox 1563 1078 1593 1104; x_wconf 88' lang='lat' dir='ltr'>et</span> <span class='ocrx_word' id='word_1_354' title='bbox 1611 1071 1773 1108; x_wconf 88' lang='lat' dir='ltr'>hominum</span> 
     </span>
     <span class='ocr_line' id='line_1_70' title="bbox 1032 1115 1775 1161; baseline 0.012 -13"><span class='ocrx_word' id='word_1_355' title='bbox 1032 1115 1218 1150; x_wconf 88' lang='lat' dir='ltr'>constitutae</span> <span class='ocrx_word' id='word_1_356' title='bbox 1244 1125 1328 1161; x_wconf 84' lang='lat' dir='ltr'>sunt,</span> <span class='ocrx_word' id='word_1_357' title='bbox 1354 1130 1432 1152; x_wconf 90' lang='lat' dir='ltr'>ausu</span> <span class='ocrx_word' id='word_1_358' title='bbox 1455 1120 1636 1155; x_wconf 86' lang='lat' dir='ltr'>temeritatis</span> <span class='ocrx_word' id='word_1_359' title='bbox 1658 1122 1775 1157; x_wconf 78' lang='lat' dir='ltr'>infrin—</span> 
     </span>
     <span class='ocr_line' id='line_1_71' title="bbox 1030 1164 1775 1219; baseline 0.013 -22"><span class='ocrx_word' id='word_1_360' title='bbox 1030 1172 1091 1209; x_wconf 72' lang='lat' dir='ltr'>gat.</span> <span class='ocrx_word' id='word_1_361' title='bbox 1119 1164 1152 1199; x_wconf 92' lang='lat' dir='ltr'>Si</span> <span class='ocrx_word' id='word_1_362' title='bbox 1180 1166 1250 1212; x_wconf 85' lang='lat' dir='ltr'>quis</span> <span class='ocrx_word' id='word_1_363' title='bbox 1271 1174 1375 1202; x_wconf 89' lang='lat' dir='ltr'>autem</span> <span class='ocrx_word' id='word_1_364' title='bbox 1398 1168 1646 1206; x_wconf 81' lang='lat' dir='ltr'>confirmationis</span> <span class='ocrx_word' id='word_1_365' title='bbox 1659 1179 1775 1219; x_wconf 90' lang='lat' dir='ltr'>etpro-</span> 
     </span>
    </p>
   </div>
   <div class='ocr_carea' id='block_1_18' title="bbox 1029 1217 1774 1528">
    <p class='ocr_par' dir='ltr' id='par_1_27' title="bbox 1029 1217 1774 1528">
     <span class='ocr_line' id='line_1_72' title="bbox 1032 1217 1773 1271; baseline 0.015 -20"><span class='ocrx_word' id='word_1_366' title='bbox 1032 1217 1193 1254; x_wconf 88' lang='lat' dir='ltr'>hibitionis</span> <span class='ocrx_word' id='word_1_367' title='bbox 1226 1229 1350 1256; x_wconf 86' lang='lat' dir='ltr'>nostrae</span> <span class='ocrx_word' id='word_1_368' title='bbox 1389 1231 1588 1271; x_wconf 89' lang='lat' dir='ltr'>contemptor</span> <span class='ocrx_word' id='word_1_369' title='bbox 1620 1227 1773 1268; x_wconf 77' lang='lat' dir='ltr'>extiterit,</span> 
     </span>
     <span class='ocr_line' id='line_1_73' title="bbox 1030 1272 1774 1323; baseline 0.013 -17"><span class='ocrx_word' id='word_1_370' title='bbox 1030 1272 1274 1319; x_wconf 83' lang='lat' dir='ltr'>indignationem</span> <span class='ocrx_word' id='word_1_371' title='bbox 1298 1276 1523 1323; x_wconf 87' lang='lat' dir='ltr'>omnipotentis</span> <span class='ocrx_word' id='word_1_372' title='bbox 1548 1279 1622 1321; x_wconf 87' lang='lat' dir='ltr'>Dei,</span> <span class='ocrx_word' id='word_1_373' title='bbox 1644 1288 1674 1315; x_wconf 88' lang='lat' dir='ltr'>et</span> <span class='ocrx_word' id='word_1_374' title='bbox 1700 1280 1774 1316; x_wconf 85' lang='lat' dir='ltr'>bea-</span> 
     </span>
     <span class='ocr_line' id='line_1_74' title="bbox 1029 1328 1773 1378; baseline 0.013 -18"><span class='ocrx_word' id='word_1_375' title='bbox 1029 1334 1130 1361; x_wconf 87' lang='lat' dir='ltr'>torum</span> <span class='ocrx_word' id='word_1_376' title='bbox 1154 1328 1236 1363; x_wconf 87' lang='lat' dir='ltr'>Petri</span> <span class='ocrx_word' id='word_1_377' title='bbox 1256 1337 1286 1364; x_wconf 90' lang='lat' dir='ltr'>et</span> <span class='ocrx_word' id='word_1_378' title='bbox 1308 1330 1396 1365; x_wconf 85' lang='lat' dir='ltr'>Pauli</span> <span class='ocrx_word' id='word_1_379' title='bbox 1419 1332 1632 1378; x_wconf 89' lang='lat' dir='ltr'>apostolorum</span> <span class='ocrx_word' id='word_1_380' title='bbox 1655 1335 1721 1369; x_wconf 89' lang='lat' dir='ltr'>eius</span> <span class='ocrx_word' id='word_1_381' title='bbox 1739 1347 1773 1370; x_wconf 85' lang='lat' dir='ltr'>se</span> 
     </span>
     <span class='ocr_line' id='line_1_75' title="bbox 1029 1382 1387 1419; baseline 0.014 -5"><span class='ocrx_word' id='word_1_382' title='bbox 1029 1382 1149 1416; x_wconf 85' lang='lat' dir='ltr'>noverit</span> <span class='ocrx_word' id='word_1_383' title='bbox 1177 1383 1387 1419; x_wconf 87' lang='lat' dir='ltr'>incursurum.</span> 
     </span>
     <span class='ocr_line' id='line_1_76' title="bbox 1075 1435 1696 1488; baseline 0.014 -19"><span class='ocrx_word' id='word_1_384' title='bbox 1075 1435 1154 1470; x_wconf 86' lang='lat' dir='ltr'>Data</span> <span class='ocrx_word' id='word_1_385' title='bbox 1180 1436 1354 1482; x_wconf 75' lang='lat' dir='ltr'>Anagniae,</span> <span class='ocrx_word' id='word_1_386' title='bbox 1382 1451 1439 1473; x_wconf 89' lang='lat' dir='ltr'>v111</span> <span class='ocrx_word' id='word_1_387' title='bbox 1462 1440 1533 1476; x_wconf 92' lang='lat' dir='ltr'>idus</span> <span class='ocrx_word' id='word_1_388' title='bbox 1555 1442 1620 1477; x_wconf 93' lang='lat' dir='ltr'>iulii</span> <span class='ocrx_word' id='word_1_389' title='bbox 1642 1445 1696 1488; x_wconf 83' lang='lat'>(1).</span> 
     </span>
     <span class='ocr_line' id='line_1_77' title="bbox 1263 1494 1531 1528; baseline 0.019 -5"><span class='ocrx_word' id='word_1_390' title='bbox 1263 1494 1322 1524; x_wconf 85' lang='lat' dir='ltr'>Dat.</span> <span class='ocrx_word' id='word_1_391' title='bbox 1345 1496 1391 1526; x_wconf 89' lang='lat' dir='ltr'>die</span> <span class='ocrx_word' id='word_1_392' title='bbox 1415 1497 1431 1526; x_wconf 95' lang='lat'>8</span> <span class='ocrx_word' id='word_1_393' title='bbox 1456 1497 1531 1528; x_wconf 91' lang='lat' dir='ltr'>iulii.</span> 
     </span>
    </p>
   </div>
   <div class='ocr_carea' id='block_1_19' title="bbox 1340 1581 1443 1590">
    <p class='ocr_par' dir='ltr' id='par_1_28' title="bbox 1340 1581 1443 1590">
     <span class='ocr_line' id='line_1_78' title="bbox 1340 1581 1443 1590; baseline 0.019 -2"><span class='ocrx_word' id='word_1_394' title='bbox 1340 1581 1443 1590; x_wconf 81' lang='lat'>—</span> 
     </span>
    </p>
   </div>
   <div class='ocr_carea' id='block_1_20' title="bbox 1339 1668 1456 1705">
    <p class='ocr_par' dir='ltr' id='par_1_29' title="bbox 1339 1668 1456 1705">
     <span class='ocr_line' id='line_1_79' title="bbox 1339 1668 1456 1705; baseline 0.009 -1"><span class='ocrx_word' id='word_1_395' title='bbox 1339 1668 1456 1705; x_wconf 84' lang='lat' dir='ltr'>XXIV.</span> 
     </span>
    </p>
   </div>
   <div class='ocr_carea' id='block_1_21' title="bbox 1024 1738 1768 1891">
    <p class='ocr_par' dir='ltr' id='par_1_30' title="bbox 1024 1738 1768 1891">
     <span class='ocr_line' id='line_1_80' title="bbox 1024 1738 1768 1789; baseline 0.016 -19"><span class='ocrx_word' id='word_1_396' title='bbox 1024 1738 1076 1770; x_wconf 78' lang='lat' dir='ltr'>Ad</span> <span class='ocrx_word' id='word_1_397' title='bbox 1106 1739 1277 1785; x_wconf 81' lang='lat' dir='ltr'>episcopum</span> <span class='ocrx_word' id='word_1_398' title='bbox 1306 1742 1537 1789; x_wconf 78' lang='lat' dir='ltr'>Placentinum,</span> <span class='ocrx_word' id='word_1_399' title='bbox 1572 1754 1606 1780; x_wconf 81' lang='lat' dir='ltr'>ut</span> <span class='ocrx_word' id='word_1_400' title='bbox 1630 1748 1768 1783; x_wconf 79' lang='lat' dir='ltr'>ablatam</span> 
     </span>
     <span class='ocr_line' id='line_1_81' title="bbox 1072 1791 1768 1832; baseline 0.017 -12"><span class='ocrx_word' id='word_1_401' title='bbox 1072 1791 1224 1823; x_wconf 73' lang='lat' dir='ltr'>canonicis</span> <span class='ocrx_word' id='word_1_402' title='bbox 1253 1792 1286 1823; x_wconf 78' lang='lat' dir='ltr'>S.</span> <span class='ocrx_word' id='word_1_403' title='bbox 1309 1793 1464 1827; x_wconf 76' lang='lat' dir='ltr'>Antonini</span> <span class='ocrx_word' id='word_1_404' title='bbox 1486 1796 1617 1830; x_wconf 78' lang='lat' dir='ltr'>eiusdem</span> <span class='ocrx_word' id='word_1_405' title='bbox 1638 1800 1768 1832; x_wconf 73' lang='lat' dir='ltr'>civitatis</span> 
     </span>
     <span class='ocr_line' id='line_1_82' title="bbox 1072 1841 1766 1891; baseline 0.017 -20"><span class='ocrx_word' id='word_1_406' title='bbox 1072 1845 1184 1873; x_wconf 83' lang='lat' dir='ltr'>terram</span> <span class='ocrx_word' id='word_1_407' title='bbox 1205 1841 1241 1873; x_wconf 86' lang='lat' dir='ltr'>de</span> <span class='ocrx_word' id='word_1_408' title='bbox 1269 1841 1402 1876; x_wconf 69' lang='lat' dir='ltr'>But-neto</span> <span class='ocrx_word' id='word_1_409' title='bbox 1423 1845 1532 1878; x_wconf 78' lang='lat' dir='ltr'>eisdem</span> <span class='ocrx_word' id='word_1_410' title='bbox 1551 1848 1690 1882; x_wconf 82' lang='lat' dir='ltr'>restituat</span> <span class='ocrx_word' id='word_1_411' title='bbox 1705 1850 1766 1891; x_wconf 80' lang='lat'><em>(2).</em></span> 
     </span>
    </p>
   </div>
   <div class='ocr_carea' id='block_1_22' title="bbox 1288 1919 1501 1952">
    <p class='ocr_par' dir='ltr' id='par_1_31' title="bbox 1288 1919 1501 1952">
     <span class='ocr_line' id='line_1_83' title="bbox 1288 1919 1501 1952; baseline 0.019 -4"><span class='ocrx_word' id='word_1_412' title='bbox 1288 1919 1501 1952; x_wconf 80' lang='lat' dir='ltr'><strong>SUMMARIUM</strong></span> 
     </span>
    </p>
   </div>
   <div class='ocr_carea' id='block_1_23' title="bbox 1020 1972 1767 2111">
    <p class='ocr_par' dir='ltr' id='par_1_32' title="bbox 1020 1972 1767 2111">
     <span class='ocr_line' id='line_1_84' title="bbox 1020 1972 1767 2024; baseline 0.017 -22"><span class='ocrx_word' id='word_1_413' title='bbox 1020 1972 1100 2004; x_wconf 86' lang='lat' dir='ltr'>Facti</span> <span class='ocrx_word' id='word_1_414' title='bbox 1122 1974 1223 2005; x_wconf 87' lang='lat' dir='ltr'>series.</span> <span class='ocrx_word' id='word_1_415' title='bbox 1240 1992 1279 1998; x_wconf 95' lang='lat'>—</span> <span class='ocrx_word' id='word_1_416' title='bbox 1295 1977 1438 2019; x_wconf 88' lang='lat' dir='ltr'>Episcopo</span> <span class='ocrx_word' id='word_1_417' title='bbox 1460 1981 1578 2012; x_wconf 86' lang='lat' dir='ltr'>mandat</span> <span class='ocrx_word' id='word_1_418' title='bbox 1596 1988 1627 2013; x_wconf 91' lang='lat' dir='ltr'>ut</span> <span class='ocrx_word' id='word_1_419' title='bbox 1644 1994 1767 2024; x_wconf 82' lang='lat' dir='ltr'>usurpa-</span> 
     </span>
     <span class='ocr_line' id='line_1_85' title="bbox 1060 2023 1767 2065; baseline 0.018 -18"><span class='ocrx_word' id='word_1_420' title='bbox 1060 2023 1116 2048; x_wconf 85' lang='lat' dir='ltr'>tam</span> <span class='ocrx_word' id='word_1_421' title='bbox 1136 2024 1240 2050; x_wconf 87' lang='lat' dir='ltr'>terram</span> <span class='ocrx_word' id='word_1_422' title='bbox 1260 2024 1409 2054; x_wconf 83' lang='lat' dir='ltr'>canonicis</span> <span class='ocrx_word' id='word_1_423' title='bbox 1431 2027 1619 2065; x_wconf 83' lang='lat' dir='ltr'>restituat,—</span> <span class='ocrx_word' id='word_1_424' title='bbox 1634 2028 1767 2060; x_wconf 86' lang='lat' dir='ltr'>Plenam-</span> 
     </span>
     <span class='ocr_line' id='line_1_86' title="bbox 1059 2064 1565 2111; baseline 0.018 -19"><span class='ocrx_word' id='word_1_425' title='bbox 1059 2073 1116 2102; x_wconf 89' lang='lat' dir='ltr'>que</span> <span class='ocrx_word' id='word_1_426' title='bbox 1133 2064 1275 2096; x_wconf 89' lang='lat' dir='ltr'>iustitiam</span> <span class='ocrx_word' id='word_1_427' title='bbox 1298 2068 1433 2099; x_wconf 82' lang='lat' dir='ltr'>exhibeat</span> <span class='ocrx_word' id='word_1_428' title='bbox 1453 2070 1492 2109; x_wconf 76' lang='lat' dir='ltr'>(R.</span> <span class='ocrx_word' id='word_1_429' title='bbox 1515 2072 1565 2111; x_wconf 89' lang='lat' dir='ltr'>T.).</span> 
     </span>
    </p>
   </div>
   <div class='ocr_carea' id='block_1_24' title="bbox 1014 2129 1764 2715">
    <p class='ocr_par' dir='ltr' id='par_1_33' title="bbox 1018 2129 1764 2258">
     <span class='ocr_line' id='line_1_87' title="bbox 1054 2129 1764 2175; baseline 0.02 -21"><span class='ocrx_word' id='word_1_430' title='bbox 1054 2129 1092 2164; x_wconf 85' lang='lat'>(1)</span> <span class='ocrx_word' id='word_1_431' title='bbox 1109 2130 1228 2158; x_wconf 85' lang='lat' dir='ltr'>Baluzius</span> <span class='ocrx_word' id='word_1_432' title='bbox 1253 2133 1278 2158; x_wconf 89' lang='lat' dir='ltr'>in</span> <span class='ocrx_word' id='word_1_433' title='bbox 1294 2134 1428 2168; x_wconf 77' lang='lat' dir='ltr'>marginali</span> <span class='ocrx_word' id='word_1_434' title='bbox 1454 2137 1541 2164; x_wconf 77' lang='lat' dir='ltr'>notula</span> <span class='ocrx_word' id='word_1_435' title='bbox 1563 2138 1642 2166; x_wconf 86' lang='lat' dir='ltr'>hocce</span> <span class='ocrx_word' id='word_1_436' title='bbox 1657 2141 1764 2175; x_wconf 75' lang='lat' dir='ltr'>privile-</span> 
     </span>
     <span class='ocr_line' id='line_1_88' title="bbox 1018 2174 1764 2220; baseline 0.019 -21"><span class='ocrx_word' id='word_1_437' title='bbox 1018 2174 1089 2208; x_wconf 79' lang='lat' dir='ltr'>gium</span> <span class='ocrx_word' id='word_1_438' title='bbox 1112 2175 1201 2202; x_wconf 84' lang='lat' dir='ltr'>datum</span> <span class='ocrx_word' id='word_1_439' title='bbox 1226 2177 1311 2204; x_wconf 82' lang='lat' dir='ltr'>innuit</span> <span class='ocrx_word' id='word_1_440' title='bbox 1335 2178 1384 2205; x_wconf 85' lang='lat' dir='ltr'>hoc</span> <span class='ocrx_word' id='word_1_441' title='bbox 1411 2188 1479 2207; x_wconf 85' lang='lat' dir='ltr'>anno</span> <span class='ocrx_word' id='word_1_442' title='bbox 1505 2183 1582 2216; x_wconf 77' lang='lat'>¹167,</span> <span class='ocrx_word' id='word_1_443' title='bbox 1608 2190 1634 2211; x_wconf 86' lang='lat' dir='ltr'>et</span> <span class='ocrx_word' id='word_1_444' title='bbox 1658 2186 1764 2220; x_wconf 87' lang='lat' dir='ltr'>quidem</span> 
     </span>
     <span class='ocr_line' id='line_1_89' title="bbox 1018 2220 1635 2258; baseline 0.019 -14"><span class='ocrx_word' id='word_1_445' title='bbox 1018 2227 1106 2246; x_wconf 88' lang='lat' dir='ltr'>mense</span> <span class='ocrx_word' id='word_1_446' title='bbox 1122 2220 1194 2254; x_wconf 87' lang='lat' dir='ltr'>iulio,</span> <span class='ocrx_word' id='word_1_447' title='bbox 1217 2226 1246 2248; x_wconf 88' lang='lat' dir='ltr'>ut</span> <span class='ocrx_word' id='word_1_448' title='bbox 1260 2227 1370 2258; x_wconf 86' lang='lat' dir='ltr'>apparet</span> <span class='ocrx_word' id='word_1_449' title='bbox 1386 2224 1411 2251; x_wconf 90' lang='lat' dir='ltr'>in</span> <span class='ocrx_word' id='word_1_450' title='bbox 1426 2226 1496 2253; x_wconf 85' lang='lat' dir='ltr'>calce</span> <span class='ocrx_word' id='word_1_451' title='bbox 1508 2227 1635 2256; x_wconf 87' lang='lat' dir='ltr'>eiusdem.</span> 
     </span>
    </p>

    <p class='ocr_par' dir='ltr' id='par_1_34' title="bbox 1014 2264 1763 2669">
     <span class='ocr_line' id='line_1_90' title="bbox 1052 2264 1763 2309; baseline 0.017 -19"><span class='ocrx_word' id='word_1_452' title='bbox 1052 2264 1078 2290; x_wconf 88' lang='lat' dir='ltr'>Si</span> <span class='ocrx_word' id='word_1_453' title='bbox 1094 2266 1154 2299; x_wconf 89' lang='lat' dir='ltr'>quis</span> <span class='ocrx_word' id='word_1_454' title='bbox 1170 2266 1280 2293; x_wconf 86' lang='lat' dir='ltr'>miretur</span> <span class='ocrx_word' id='word_1_455' title='bbox 1305 2271 1401 2295; x_wconf 87' lang='lat' dir='ltr'>tantam</span> <span class='ocrx_word' id='word_1_456' title='bbox 1418 2270 1615 2305; x_wconf 81' lang='lat' dir='ltr'>privilegiorum</span> <span class='ocrx_word' id='word_1_457' title='bbox 1632 2274 1733 2309; x_wconf 87' lang='lat' dir='ltr'>copiam</span> <span class='ocrx_word' id='word_1_458' title='bbox 1748 2284 1763 2302; x_wconf 84' lang='lat' dir='ltr'>a</span> 
     </span>
     <span class='ocr_line' id='line_1_91' title="bbox 1018 2308 1761 2348; baseline 0.019 -15"><span class='ocrx_word' id='word_1_459' title='bbox 1018 2315 1059 2334; x_wconf 86' lang='lat' dir='ltr'>me</span> <span class='ocrx_word' id='word_1_460' title='bbox 1078 2308 1127 2335; x_wconf 90' lang='lat' dir='ltr'>hoc</span> <span class='ocrx_word' id='word_1_461' title='bbox 1143 2310 1168 2336; x_wconf 91' lang='lat' dir='ltr'>in</span> <span class='ocrx_word' id='word_1_462' title='bbox 1184 2310 1270 2345; x_wconf 86' lang='lat' dir='ltr'>Opere</span> <span class='ocrx_word' id='word_1_463' title='bbox 1286 2313 1479 2348; x_wconf 80' lang='lat' dir='ltr'>transcriptam,</span> <span class='ocrx_word' id='word_1_464' title='bbox 1492 2323 1543 2342; x_wconf 89' lang='lat' dir='ltr'>non</span> <span class='ocrx_word' id='word_1_465' title='bbox 1560 2317 1707 2346; x_wconf 89' lang='lat' dir='ltr'>inconsulto</span> <span class='ocrx_word' id='word_1_466' title='bbox 1721 2320 1761 2347; x_wconf 81' lang='lat' dir='ltr'>sa-</span> 
     </span>
     <span class='ocr_line' id='line_1_92' title="bbox 1016 2356 1761 2397; baseline 0.017 -18"><span class='ocrx_word' id='word_1_467' title='bbox 1016 2357 1087 2380; x_wconf 89' lang='lat' dir='ltr'>ctum</span> <span class='ocrx_word' id='word_1_468' title='bbox 1106 2358 1190 2389; x_wconf 84' lang='lat' dir='ltr'>putet.</span> <span class='ocrx_word' id='word_1_469' title='bbox 1211 2356 1276 2382; x_wconf 86' lang='lat' dir='ltr'>Cum</span> <span class='ocrx_word' id='word_1_470' title='bbox 1295 2357 1363 2383; x_wconf 87' lang='lat' dir='ltr'>enim</span> <span class='ocrx_word' id='word_1_471' title='bbox 1384 2359 1545 2393; x_wconf 86' lang='lat' dir='ltr'>pontificium</span> <span class='ocrx_word' id='word_1_472' title='bbox 1564 2361 1761 2397; x_wconf 84' lang='lat' dir='ltr'>diplomaticum</span> 
     </span>
     <span class='ocr_line' id='line_1_93' title="bbox 1016 2400 1760 2439; baseline 0.017 -15"><span class='ocrx_word' id='word_1_473' title='bbox 1016 2406 1082 2434; x_wconf 85' lang='lat' dir='ltr'>opus</span> <span class='ocrx_word' id='word_1_474' title='bbox 1106 2400 1236 2427; x_wconf 79' lang='lat' dir='ltr'>conficere</span> <span class='ocrx_word' id='word_1_475' title='bbox 1261 2401 1322 2428; x_wconf 90' lang='lat' dir='ltr'>mibi</span> <span class='ocrx_word' id='word_1_476' title='bbox 1346 2405 1572 2439; x_wconf 82' lang='lat' dir='ltr'>praescripserim,</span> <span class='ocrx_word' id='word_1_477' title='bbox 1599 2413 1628 2434; x_wconf 87' lang='lat' dir='ltr'>ut</span> <span class='ocrx_word' id='word_1_478' title='bbox 1654 2409 1709 2436; x_wconf 79' lang='lat' dir='ltr'>dixi</span> <span class='ocrx_word' id='word_1_479' title='bbox 1735 2411 1760 2437; x_wconf 89' lang='lat' dir='ltr'>in</span> 
     </span>
     <span class='ocr_line' id='line_1_94' title="bbox 1015 2444 1761 2490; baseline 0.017 -20"><span class='ocrx_word' id='word_1_480' title='bbox 1015 2444 1183 2478; x_wconf 82' lang='lat' dir='ltr'>praefatione,</span> <span class='ocrx_word' id='word_1_481' title='bbox 1196 2454 1246 2473; x_wconf 91' lang='lat' dir='ltr'>non</span> <span class='ocrx_word' id='word_1_482' title='bbox 1260 2451 1334 2474; x_wconf 83' lang='lat' dir='ltr'>erant</span> <span class='ocrx_word' id='word_1_483' title='bbox 1345 2448 1407 2476; x_wconf 86' lang='lat' dir='ltr'>haec</span> <span class='ocrx_word' id='word_1_484' title='bbox 1417 2451 1574 2480; x_wconf 78' lang='lat' dir='ltr'>omittenda:</span> <span class='ocrx_word' id='word_1_485' title='bbox 1587 2453 1761 2490; x_wconf 77' lang='lat' dir='ltr'>iniuriamque</span> 
     </span>
     <span class='ocr_line' id='line_1_95' title="bbox 1016 2490 1758 2535; baseline 0.016 -20"><span class='ocrx_word' id='word_1_486' title='bbox 1016 2497 1056 2516; x_wconf 88' lang='lat' dir='ltr'>me</span> <span class='ocrx_word' id='word_1_487' title='bbox 1067 2498 1118 2517; x_wconf 91' lang='lat' dir='ltr'>non</span> <span class='ocrx_word' id='word_1_488' title='bbox 1128 2490 1261 2518; x_wconf 83' lang='lat' dir='ltr'>ferendam</span> <span class='ocrx_word' id='word_1_489' title='bbox 1272 2493 1419 2527; x_wconf 82' lang='lat' dir='ltr'>pontificiae</span> <span class='ocrx_word' id='word_1_490' title='bbox 1428 2503 1506 2523; x_wconf 87' lang='lat' dir='ltr'>curae</span> <span class='ocrx_word' id='word_1_491' title='bbox 1516 2497 1645 2525; x_wconf 79' lang='lat' dir='ltr'>facturum</span> <span class='ocrx_word' id='word_1_492' title='bbox 1656 2501 1758 2535; x_wconf 79' lang='lat' dir='ltr'>putavi,</span> 
     </span>
     <span class='ocr_line' id='line_1_96' title="bbox 1014 2535 1758 2573; baseline 0.016 -13"><span class='ocrx_word' id='word_1_493' title='bbox 1014 2535 1035 2561; x_wconf 85' lang='lat' dir='ltr'>si</span> <span class='ocrx_word' id='word_1_494' title='bbox 1060 2543 1089 2562; x_wconf 88' lang='lat' dir='ltr'>ea</span> <span class='ocrx_word' id='word_1_495' title='bbox 1106 2536 1286 2571; x_wconf 81' lang='lat' dir='ltr'>praeterirem,</span> <span class='ocrx_word' id='word_1_496' title='bbox 1303 2546 1336 2564; x_wconf 80' lang='lat' dir='ltr'>ex</span> <span class='ocrx_word' id='word_1_497' title='bbox 1355 2539 1452 2573; x_wconf 90' lang='lat' dir='ltr'>quibus</span> <span class='ocrx_word' id='word_1_498' title='bbox 1475 2541 1578 2568; x_wconf 87' lang='lat' dir='ltr'>assidua</span> <span class='ocrx_word' id='word_1_499' title='bbox 1603 2543 1758 2572; x_wconf 84' lang='lat' dir='ltr'>Pontificum</span> 
     </span>
     <span class='ocr_line' id='line_1_97' title="bbox 1015 2581 1756 2624; baseline 0.015 -18"><span class='ocrx_word' id='word_1_500' title='bbox 1015 2581 1194 2607; x_wconf 84' lang='lat' dir='ltr'>Romanorum</span> <span class='ocrx_word' id='word_1_501' title='bbox 1214 2590 1263 2617; x_wconf 89' lang='lat' dir='ltr'>pro</span> <span class='ocrx_word' id='word_1_502' title='bbox 1278 2582 1385 2609; x_wconf 82' lang='lat' dir='ltr'>creditis</span> <span class='ocrx_word' id='word_1_503' title='bbox 1403 2584 1451 2610; x_wconf 85' lang='lat' dir='ltr'>sibi</span> <span class='ocrx_word' id='word_1_504' title='bbox 1472 2585 1594 2614; x_wconf 85' lang='lat' dir='ltr'>Ecclesiis</span> <span class='ocrx_word' id='word_1_505' title='bbox 1611 2588 1756 2624; x_wconf 81' lang='lat' dir='ltr'>vigilantia,</span> 
     </span>
     <span class='ocr_line' id='line_1_98' title="bbox 1014 2626 1699 2669; baseline 0.016 -19"><span class='ocrx_word' id='word_1_506' title='bbox 1014 2626 1133 2661; x_wconf 74' lang='lat' dir='ltr'>felicique</span> <span class='ocrx_word' id='word_1_507' title='bbox 1152 2627 1274 2653; x_wconf 86' lang='lat' dir='ltr'>imitanda</span> <span class='ocrx_word' id='word_1_508' title='bbox 1294 2629 1424 2664; x_wconf 80' lang='lat' dir='ltr'>exemplo,</span> <span class='ocrx_word' id='word_1_509' title='bbox 1442 2632 1556 2659; x_wconf 76' lang='lat' dir='ltr'>maxime</span> <span class='ocrx_word' id='word_1_510' title='bbox 1579 2640 1699 2669; x_wconf 84' lang='lat' dir='ltr'>apparet.</span> 
     </span>
    </p>

    <p class='ocr_par' dir='ltr' id='par_1_35' title="bbox 1049 2670 1753 2715">
     <span class='ocr_line' id='line_1_99' title="bbox 1049 2670 1753 2715; baseline 0.017 -19"><span class='ocrx_word' id='word_1_511' title='bbox 1049 2670 1175 2706; x_wconf 62' lang='lat' dir='ltr'>(affididit</span> <span class='ocrx_word' id='word_1_512' title='bbox 1192 2673 1292 2707; x_wconf 82' lang='lat' dir='ltr'>Campi,</span> <span class='ocrx_word' id='word_1_513' title='bbox 1310 2673 1375 2700; x_wconf 86' lang='lat' dir='ltr'>Hist.</span> <span class='ocrx_word' id='word_1_514' title='bbox 1390 2674 1514 2709; x_wconf 85' lang='lat' dir='ltr'>Placent.,</span> <span class='ocrx_word' id='word_1_515' title='bbox 1532 2680 1550 2703; x_wconf 91' lang='lat' dir='ltr'>t.</span> <span class='ocrx_word' id='word_1_516' title='bbox 1568 2685 1598 2710; x_wconf 81' lang='grc' dir='ltr'>ιι,</span> <span class='ocrx_word' id='word_1_517' title='bbox 1615 2679 1638 2705; x_wconf 92' lang='lat' dir='ltr'>in</span> <span class='ocrx_word' id='word_1_518' title='bbox 1650 2680 1753 2715; x_wconf 80' lang='lat' dir='ltr'>Regest.</span> 
     </span>
    </p>
   </div>
   <div class='ocr_carea' id='block_1_25' title="bbox 1800 276 1979 305">
    <p class='ocr_par' dir='ltr' id='par_1_36' title="bbox 1800 276 1979 305">
     <span class='ocr_line' id='line_1_100' title="bbox 1800 276 1979 305; baseline 0.011 -3"><span class='ocrx_word' id='word_1_519' title='bbox 1800 276 1851 303; x_wconf 78' lang='lat' dir='ltr'>An.</span> <span class='ocrx_word' id='word_1_520' title='bbox 1864 276 1893 304; x_wconf 87' lang='lat' dir='ltr'>C.</span> <span class='ocrx_word' id='word_1_521' title='bbox 1914 277 1979 305; x_wconf 77' lang='lat'><strong>¹168</strong></span> 
     </span>
    </p>
   </div>
   <div class='ocr_carea' id='block_1_26' title="bbox 1794 437 1977 583">
    <p class='ocr_par' dir='ltr' id='par_1_37' title="bbox 1794 437 1977 583">
     <span class='ocr_line' id='line_1_101' title="bbox 1808 437 1977 465; baseline 0.024 -10"><span class='ocrx_word' id='word_1_522' title='bbox 1808 437 1856 457; x_wconf 72' lang='lat' dir='ltr'>Cum</span> <span class='ocrx_word' id='word_1_523' title='bbox 1872 438 1918 458; x_wconf 79' lang='lat' dir='ltr'>aliis</span> <span class='ocrx_word' id='word_1_524' title='bbox 1933 440 1977 465; x_wconf 78' lang='lat' dir='ltr'>pri-</span> 
     </span>
     <span class='ocr_line' id='line_1_102' title="bbox 1795 469 1975 493; baseline 0.011 -5"><span class='ocrx_word' id='word_1_525' title='bbox 1795 469 1822 488; x_wconf 87' lang='lat' dir='ltr'>vil</span> <span class='ocrx_word' id='word_1_526' title='bbox 1832 470 1877 493; x_wconf 36' lang='lat' dir='ltr'>ciis</span> <span class='ocrx_word' id='word_1_527' title='bbox 1892 476 1902 488; x_wconf 79' lang='lat' dir='ltr'>a</span> <span class='ocrx_word' id='word_1_528' title='bbox 1916 471 1975 490; x_wconf 71' lang='lat' dir='ltr'>Sum-</span> 
     </span>
     <span class='ocr_line' id='line_1_103' title="bbox 1795 500 1975 521; baseline -0.006 -1"><span class='ocrx_word' id='word_1_529' title='bbox 1795 501 1832 520; x_wconf 67' lang='lat' dir='ltr'>mis</span> <span class='ocrx_word' id='word_1_530' title='bbox 1841 500 1975 521; x_wconf 63' lang='lat' dir='ltr'>Paulini-ihm</span> 
     </span>
     <span class='ocr_line' id='line_1_104' title="bbox 1794 533 1975 552; baseline 0 -1"><span class='ocrx_word' id='word_1_531' title='bbox 1794 533 1975 552; x_wconf 52' lang='lat' dir='ltr'>unanimi-riarum</span> 
     </span>
     <span class='ocr_line' id='line_1_105' title="bbox 1794 563 1868 583; baseline -0.014 0"><span class='ocrx_word' id='word_1_532' title='bbox 1794 563 1868 583; x_wconf 36' lang='lat' dir='ltr'>cuuis,</span> 
     </span>
    </p>
   </div>
   <div class='ocr_carea' id='block_1_27' title="bbox 1788 992 1970 1079">
    <p class='ocr_par' dir='ltr' id='par_1_38' title="bbox 1788 992 1970 1079">
     <span class='ocr_line' id='line_1_106' title="bbox 1802 992 1970 1019; baseline 0 -7"><span class='ocrx_word' id='word_1_533' title='bbox 1802 992 1918 1012; x_wconf 69' lang='lat' dir='ltr'>Annii-nenia</span> <span class='ocrx_word' id='word_1_534' title='bbox 1934 998 1970 1019; x_wconf 77' lang='lat' dir='ltr'>pro</span> 
     </span>
     <span class='ocr_line' id='line_1_107' title="bbox 1789 1023 1970 1049; baseline 0.006 -7"><span class='ocrx_word' id='word_1_535' title='bbox 1789 1023 1970 1049; x_wconf 63' lang='lat' dir='ltr'>violaturibfflpri-</span> 
     </span>
     <span class='ocr_line' id='line_1_108' title="bbox 1788 1054 1944 1079; baseline 0 -6"><span class='ocrx_word' id='word_1_536' title='bbox 1788 1054 1858 1079; x_wconf 70' lang='lat' dir='ltr'>vilegii</span> <span class='ocrx_word' id='word_1_537' title='bbox 1877 1054 1944 1074; x_wconf 73' lang='lat' dir='ltr'>liuius.</span> 
     </span>
    </p>
   </div>
  </div>
 </body>
</html>
