<?xml version="1.0" encoding="UTF-8"?>
<!DOCTYPE html PUBLIC "-//W3C//DTD XHTML 1.0 Transitional//EN"
    "http://www.w3.org/TR/xhtml1/DTD/xhtml1-transitional.dtd">
<html xmlns="http://www.w3.org/1999/xhtml" xml:lang="en" lang="en">
 <head>
  <title>
</title>
<meta http-equiv="Content-Type" content="text/html;charset=utf-8" />
  <meta name='ocr-system' content='tesseract 3.04.00' />
  <meta name='ocr-capabilities' content='ocr_page ocr_carea ocr_par ocr_line ocrx_word'/>
</head>
<body>
  <div class='ocr_page' id='page_1' title='image "./bullarumdiplomat02cath_0379.png"; bbox 0 0 2180 3205; ppageno 0'>
   <div class='ocr_carea' id='block_1_1' title="bbox 37 264 2010 308">
    <p class='ocr_par' dir='ltr' id='par_1_1' title="bbox 37 264 2010 308">
     <span class='ocr_line' id='line_1_1' title="bbox 37 264 2010 308; baseline 0.002 -5"><span class='ocrx_word' id='word_1_1' title='bbox 37 264 102 294; x_wconf 59' lang='lat' dir='ltr'>&#39;illm</span> <span class='ocrx_word' id='word_1_2' title='bbox 123 265 153 294; x_wconf 76' lang='lat' dir='ltr'>C·</span> <span class='ocrx_word' id='word_1_3' title='bbox 169 266 232 293; x_wconf 70' lang='lat'>¹¹²7</span> <span class='ocrx_word' id='word_1_4' title='bbox 893 281 1058 304; x_wconf 72' lang='lat' dir='ltr'>noxonrrs</span> <span class='ocrx_word' id='word_1_5' title='bbox 1081 281 1104 303; x_wconf 88' lang='grc' dir='ltr'>ιι</span> <span class='ocrx_word' id='word_1_6' title='bbox 1128 282 1175 303; x_wconf 81' lang='lat' dir='ltr'>rr.</span> <span class='ocrx_word' id='word_1_7' title='bbox 1691 273 1754 306; x_wconf 81' lang='lat'>561</span> <span class='ocrx_word' id='word_1_8' title='bbox 1829 281 1877 306; x_wconf 80' lang='lat' dir='ltr'>An.</span> <span class='ocrx_word' id='word_1_9' title='bbox 1899 282 1926 307; x_wconf 81' lang='lat' dir='ltr'>C.</span> <span class='ocrx_word' id='word_1_10' title='bbox 1948 282 2010 308; x_wconf 71' lang='lat'>1¹27</span> 
     </span>
    </p>
   </div>
   <div class='ocr_carea' id='block_1_2' title="bbox 39 1412 224 1560">
    <p class='ocr_par' dir='ltr' id='par_1_2' title="bbox 95 1412 224 1476">
     <span class='ocr_line' id='line_1_2' title="bbox 95 1412 224 1449; baseline 0.016 -2"><span class='ocrx_word' id='word_1_11' title='bbox 95 1412 224 1449; x_wconf 62' lang='lat' dir='ltr'>monasterio</span> 
     </span>
     <span class='ocr_line' id='line_1_3' title="bbox 106 1453 216 1476; baseline 0.009 -1"><span class='ocrx_word' id='word_1_12' title='bbox 106 1453 216 1476; x_wconf 70' lang='lat' dir='ltr'>hotmense</span> 
     </span>
    </p>

    <p class='ocr_par' dir='ltr' id='par_1_3' title="bbox 39 1481 224 1534">
     <span class='ocr_line' id='line_1_4' title="bbox 106 1481 224 1502; baseline 0.008 -1"><span class='ocrx_word' id='word_1_13' title='bbox 106 1481 224 1502; x_wconf 72' lang='lat' dir='ltr'>rotmtione</span> 
     </span>
     <span class='ocr_line' id='line_1_5' title="bbox 39 1486 224 1534; baseline 0 -6"><span class='ocrx_word' id='word_1_14' title='bbox 39 1486 104 1528; x_wconf 70' lang='lat' dir='ltr'>Suus</span> <span class='ocrx_word' id='word_1_15' title='bbox 119 1507 224 1534; x_wconf 79' lang='lat' dir='ltr'>Apostoli-</span> 
     </span>
    </p>

    <p class='ocr_par' dir='ltr' id='par_1_4' title="bbox 39 1536 184 1560">
     <span class='ocr_line' id='line_1_6' title="bbox 39 1536 184 1560; baseline 0.007 -6"><span class='ocrx_word' id='word_1_16' title='bbox 39 1538 77 1554; x_wconf 70' lang='lat' dir='ltr'>eao</span> <span class='ocrx_word' id='word_1_17' title='bbox 91 1536 184 1560; x_wconf 79' lang='lat' dir='ltr'>recepto,</span> 
     </span>
    </p>
   </div>
   <div class='ocr_carea' id='block_1_3' title="bbox 28 1453 106 1509">
    <p class='ocr_par' dir='ltr' id='par_1_5' title="bbox 28 1453 106 1509">
     <span class='ocr_line' id='line_1_7' title="bbox 28 1453 106 1509; baseline -0.013 -32"><span class='ocrx_word' id='word_1_18' title='bbox 28 1476 31 1477; x_wconf 34' lang='grc' dir='ltr'>ι</span> <span class='ocrx_word' id='word_1_19' title='bbox 35 1453 106 1509; x_wconf 49' lang='grc' dir='ltr'>’που</span> 
     </span>
    </p>
   </div>
   <div class='ocr_carea' id='block_1_4' title="bbox 37 1848 223 1981">
    <p class='ocr_par' dir='ltr' id='par_1_6' title="bbox 37 1848 223 1981">
     <span class='ocr_line' id='line_1_8' title="bbox 63 1848 222 1876; baseline 0.006 -6"><span class='ocrx_word' id='word_1_20' title='bbox 63 1848 102 1870; x_wconf 80' lang='lat' dir='ltr'>Ubi</span> <span class='ocrx_word' id='word_1_21' title='bbox 126 1851 222 1876; x_wconf 70' lang='lat' dir='ltr'>regulam</span> 
     </span>
     <span class='ocr_line' id='line_1_9' title="bbox 38 1874 223 1898; baseline 0.005 -1"><span class='ocrx_word' id='word_1_22' title='bbox 38 1874 61 1897; x_wconf 82' lang='lat' dir='ltr'>S.</span> <span class='ocrx_word' id='word_1_23' title='bbox 75 1875 184 1897; x_wconf 74' lang='lat' dir='ltr'><strong>Benedicti</strong></span> <span class='ocrx_word' id='word_1_24' title='bbox 201 1879 223 1898; x_wconf 78' lang='lat' dir='ltr'>et</span> 
     </span>
     <span class='ocr_line' id='line_1_10' title="bbox 37 1903 221 1924; baseline 0.006 -1"><span class='ocrx_word' id='word_1_25' title='bbox 37 1903 173 1924; x_wconf 68' lang='lat' dir='ltr'>monasticam</span> <span class='ocrx_word' id='word_1_26' title='bbox 187 1903 221 1924; x_wconf 84' lang='lat' dir='ltr'>dt-</span> 
     </span>
     <span class='ocr_line' id='line_1_11' title="bbox 37 1928 222 1955; baseline 0.006 -6"><span class='ocrx_word' id='word_1_27' title='bbox 37 1928 144 1955; x_wconf 64' lang='lat' dir='ltr'>wiptinam</span> <span class='ocrx_word' id='word_1_28' title='bbox 176 1935 222 1950; x_wconf 78' lang='lat' dir='ltr'>ser·-</span> 
     </span>
     <span class='ocr_line' id='line_1_12' title="bbox 38 1955 206 1981; baseline 0.006 -5"><span class='ocrx_word' id='word_1_29' title='bbox 38 1955 81 1976; x_wconf 75' lang='lat' dir='ltr'>vui</span> <span class='ocrx_word' id='word_1_30' title='bbox 93 1956 193 1977; x_wconf 65' lang='lat' dir='ltr'>statuitur·</span> <span class='ocrx_word' id='word_1_31' title='bbox 201 1972 206 1981; x_wconf 88' lang='lat'>‚</span> 
     </span>
    </p>
   </div>
   <div class='ocr_carea' id='block_1_5' title="bbox 37 2332 233 2544">
    <p class='ocr_par' dir='ltr' id='par_1_7' title="bbox 37 2332 233 2544">
     <span class='ocr_line' id='line_1_13' title="bbox 64 2332 220 2355; baseline 0.007 -1"><span class='ocrx_word' id='word_1_32' title='bbox 64 2332 162 2355; x_wconf 78' lang='lat' dir='ltr'>Facuttas</span> <span class='ocrx_word' id='word_1_33' title='bbox 171 2339 220 2355; x_wconf 89' lang='lat' dir='ltr'>con-</span> 
     </span>
     <span class='ocr_line' id='line_1_14' title="bbox 46 2359 214 2382; baseline 0.013 -2"><span class='ocrx_word' id='word_1_34' title='bbox 46 2359 127 2380; x_wconf 74' lang='lat' dir='ltr'>ceditur</span> <span class='ocrx_word' id='word_1_35' title='bbox 148 2360 214 2382; x_wconf 81' lang='lat' dir='ltr'>abba-</span> 
     </span>
     <span class='ocr_line' id='line_1_15' title="bbox 39 2385 229 2413; baseline 0.011 -7"><span class='ocrx_word' id='word_1_36' title='bbox 39 2385 80 2406; x_wconf 67' lang='lat' dir='ltr'>tem</span> <span class='ocrx_word' id='word_1_37' title='bbox 100 2386 126 2407; x_wconf 77' lang='lat' dir='ltr'>do</span> <span class='ocrx_word' id='word_1_38' title='bbox 141 2387 229 2413; x_wconf 71' lang='lat' dir='ltr'>gremio·</span> 
     </span>
     <span class='ocr_line' id='line_1_16' title="bbox 38 2411 220 2443; baseline 0.012 -11"><span class='ocrx_word' id='word_1_39' title='bbox 38 2411 127 2443; x_wconf 68' lang='lat' dir='ltr'>eligendi</span> <span class='ocrx_word' id='word_1_40' title='bbox 145 2413 172 2434; x_wconf 79' lang='lat' dir='ltr'>ab</span> <span class='ocrx_word' id='word_1_41' title='bbox 187 2419 220 2434; x_wconf 78' lang='lat' dir='ltr'>ar-</span> 
     </span>
     <span class='ocr_line' id='line_1_17' title="bbox 45 2437 215 2468; baseline 0.013 -10"><span class='ocrx_word' id='word_1_42' title='bbox 45 2437 144 2468; x_wconf 74' lang='lat' dir='ltr'>eluepisc.</span> <span class='ocrx_word' id='word_1_43' title='bbox 168 2439 215 2460; x_wconf 83' lang='lat' dir='ltr'>Mo-</span> 
     </span>
     <span class='ocr_line' id='line_1_18' title="bbox 47 2465 212 2490; baseline 0.013 -6"><span class='ocrx_word' id='word_1_44' title='bbox 47 2465 131 2490; x_wconf 73' lang='lat' dir='ltr'>ssnntino</span> <span class='ocrx_word' id='word_1_45' title='bbox 160 2467 212 2486; x_wconf 79' lang='lat' dir='ltr'>tarn-</span> 
     </span>
     <span class='ocr_line' id='line_1_19' title="bbox 38 2491 233 2516; baseline 0.01 -5"><span class='ocrx_word' id='word_1_46' title='bbox 38 2493 98 2516; x_wconf 75' lang='lat' dir='ltr'>qnam</span> <span class='ocrx_word' id='word_1_47' title='bbox 109 2491 220 2513; x_wconf 58' lang='lat' dir='ltr'>dicerem·</span> <span class='ocrx_word' id='word_1_48' title='bbox 230 2500 233 2502; x_wconf 92' lang='lat'>·</span> 
     </span>
     <span class='ocr_line' id='line_1_20' title="bbox 37 2519 220 2544; baseline 0.016 -7"><span class='ocrx_word' id='word_1_49' title='bbox 37 2521 71 2543; x_wconf 79' lang='lat' dir='ltr'>no,</span> <span class='ocrx_word' id='word_1_50' title='bbox 79 2523 92 2538; x_wconf 82' lang='lat' dir='ltr'>a</span> <span class='ocrx_word' id='word_1_51' title='bbox 103 2523 144 2544; x_wconf 80' lang='lat' dir='ltr'>quo</span> <span class='ocrx_word' id='word_1_52' title='bbox 155 2519 176 2540; x_wconf 82' lang='lat' dir='ltr'>in</span> <span class='ocrx_word' id='word_1_53' title='bbox 185 2524 220 2540; x_wconf 81' lang='lat' dir='ltr'>re-</span> 
     </span>
    </p>
   </div>
   <div class='ocr_carea' id='block_1_6' title="bbox 0 2224 6 2834">
    <p class='ocr_par' dir='ltr' id='par_1_8' title="bbox 0 2224 6 2834">
     <span class='ocr_line' id='line_1_21' title="bbox 0 2224 6 2834; baseline 0 0"><span class='ocrx_word' id='word_1_54' title='bbox 0 2224 6 2834; x_wconf 95' lang='lat' dir='ltr'> </span> 
     </span>
    </p>
   </div>
   <div class='ocr_carea' id='block_1_7' title="bbox 262 334 2013 531">
    <p class='ocr_par' dir='ltr' id='par_1_9' title="bbox 262 334 2013 531">
     <span class='ocr_line' id='line_1_22' title="bbox 614 334 2011 382; baseline 0.003 -13"><span class='ocrx_word' id='word_1_55' title='bbox 614 334 668 369; x_wconf 70' lang='lat' dir='ltr'>lX.</span> <span class='ocrx_word' id='word_1_56' title='bbox 1060 335 1118 369; x_wconf 89' lang='lat' dir='ltr'>nisi</span> <span class='ocrx_word' id='word_1_57' title='bbox 1142 348 1235 382; x_wconf 87' lang='lat' dir='ltr'>quem</span> <span class='ocrx_word' id='word_1_58' title='bbox 1261 336 1370 370; x_wconf 80' lang='lat' dir='ltr'>fratres</span> <span class='ocrx_word' id='word_1_59' title='bbox 1385 336 1545 371; x_wconf 83' lang='lat' dir='ltr'>communi</span> <span class='ocrx_word' id='word_1_60' title='bbox 1568 349 1738 377; x_wconf 89' lang='lat' dir='ltr'>consensu,</span> <span class='ocrx_word' id='word_1_61' title='bbox 1756 347 1809 372; x_wconf 88' lang='lat' dir='ltr'>aut</span> <span class='ocrx_word' id='word_1_62' title='bbox 1829 334 2011 380; x_wconf 44' lang='lat' dir='ltr'>{11¹¹¹,&#39;.7,.,²‚¹J]}&#39;.&#39;&#39;&#39;2&#39;‚fj&#39;&#39;</span> 
     </span>
     <span class='ocr_line' id='line_1_23' title="bbox 262 385 2013 477; baseline -0.006 -64"><span class='ocrx_word' id='word_1_63' title='bbox 262 405 484 439; x_wconf 51' lang='lat' dir='ltr'><em>monasterium</em></span> <span class='ocrx_word' id='word_1_64' title='bbox 511 406 755 450; x_wconf 47' lang='lat' dir='ltr'>sponheimense&#39;</span> <span class='ocrx_word' id='word_1_65' title='bbox 780 419 874 451; x_wconf 56' lang='lat' dir='ltr'>nuper</span> <span class='ocrx_word' id='word_1_66' title='bbox 898 408 1015 451; x_wconf 61' lang='lat' dir='ltr'><em>funda-</em></span> <span class='ocrx_word' id='word_1_67' title='bbox 1059 396 1129 429; x_wconf 83' lang='lat' dir='ltr'>pars</span> <span class='ocrx_word' id='word_1_68' title='bbox 1135 385 1456 472; x_wconf 57' lang='lat' dir='ltr'>consilii!saqqorrs,¹</span> <span class='ocrx_word' id='word_1_69' title='bbox 1472 386 1652 477; x_wconf 69' lang='lat' dir='ltr'>secundt&#39;im</span> <span class='ocrx_word' id='word_1_70' title='bbox 1671 386 1740 473; x_wconf 53' lang='lat' dir='ltr'>Dst</span> <span class='ocrx_word' id='word_1_71' title='bbox 1765 395 1808 421; x_wconf 89' lang='lat' dir='ltr'>tr-</span> <span class='ocrx_word' id='word_1_72' title='bbox 1828 389 2013 434; x_wconf 42' lang='lat' dir='ltr'>3322f⁰¹¹³⁰⁶¹⁴¹h</span> 
     </span>
     <span class='ocr_line' id='line_1_24' title="bbox 311 442 1808 531; baseline 0.02 -44"><span class='ocrx_word' id='word_1_73' title='bbox 311 461 375 487; x_wconf 77' lang='lat' dir='ltr'>tum</span> <span class='ocrx_word' id='word_1_74' title='bbox 388 456 420 487; x_wconf 78' lang='lat' dir='ltr'>in</span> <span class='ocrx_word' id='word_1_75' title='bbox 431 456 605 499; x_wconf 64' lang='grc' dir='ltr'>Μιιῃιιιιίίη,</span> <span class='ocrx_word' id='word_1_76' title='bbox 620 457 756 491; x_wconf 69' lang='lat' dir='ltr'>dioecesi,</span> <span class='ocrx_word' id='word_1_77' title='bbox 767 457 1015 500; x_wconf 61' lang='lat' dir='ltr'>sublimior-{imre</span> <span class='ocrx_word' id='word_1_78' title='bbox 1056 442 1250 522; x_wconf 42' lang='lat' dir='ltr'>Hffissessz&#39;hffi.</span> <span class='ocrx_word' id='word_1_79' title='bbox 1257 452 1309 522; x_wconf 56' lang='lat'>20)</span> <span class='ocrx_word' id='word_1_80' title='bbox 1326 448 1434 517; x_wconf 51' lang='lat' dir='ltr'>Ulfflilcd</span> <span class='ocrx_word' id='word_1_81' title='bbox 1451 444 1515 518; x_wconf 56' lang='grc' dir='ltr'>ΙιῗΙΙίΙο</span> <span class='ocrx_word' id='word_1_82' title='bbox 1520 448 1600 523; x_wconf 55' lang='lat' dir='ltr'>“gu</span> <span class='ocrx_word' id='word_1_83' title='bbox 1614 448 1696 531; x_wconf 56' lang='grc' dir='ltr'>(Ἶῖῗωί</span> <span class='ocrx_word' id='word_1_84' title='bbox 1713 448 1808 527; x_wconf 40' lang='lat' dir='ltr'>a‘leeiz</span> 
     </span>
    </p>
   </div>
   <div class='ocr_carea' id='block_1_8' title="bbox 307 504 1014 599">
    <p class='ocr_par' dir='ltr' id='par_1_10' title="bbox 307 504 1014 599">
     <span class='ocr_line' id='line_1_25' title="bbox 307 504 1014 548; baseline 0 -12"><span class='ocrx_word' id='word_1_85' title='bbox 307 504 396 536; x_wconf 68' lang='lat' dir='ltr'>Sedis</span> <span class='ocrx_word' id='word_1_86' title='bbox 431 505 626 547; x_wconf 69' lang='lat' dir='ltr'>Apostolr&#39;cae</span> <span class='ocrx_word' id='word_1_87' title='bbox 664 506 829 548; x_wconf 50' lang='lat' dir='ltr'>tremitum</span> <span class='ocrx_word' id='word_1_88' title='bbox 876 507 1014 548; x_wconf 74' lang='lat' dir='ltr'>bonaque</span> 
     </span>
     <span class='ocr_line' id='line_1_26' title="bbox 307 554 913 599; baseline 0.002 -14"><span class='ocrx_word' id='word_1_89' title='bbox 307 554 412 587; x_wconf 79' lang='lat' dir='ltr'>omnia</span> <span class='ocrx_word' id='word_1_90' title='bbox 424 554 519 586; x_wconf 75' lang='lat' dir='ltr'>eidem</span> <span class='ocrx_word' id='word_1_91' title='bbox 536 554 610 587; x_wconf 78' lang='lat' dir='ltr'>(luta</span> <span class='ocrx_word' id='word_1_92' title='bbox 625 556 883 599; x_wconf 66' lang='lat' dir='ltr'>confirmantur-(t</span> <span class='ocrx_word' id='word_1_93' title='bbox 894 557 913 596; x_wconf 92' lang='lat'>).</span> 
     </span>
    </p>
   </div>
   <div class='ocr_carea' id='block_1_9' title="bbox 528 624 743 655">
    <p class='ocr_par' dir='ltr' id='par_1_11' title="bbox 528 624 743 655">
     <span class='ocr_line' id='line_1_27' title="bbox 528 624 743 655; baseline -0.005 0"><span class='ocrx_word' id='word_1_94' title='bbox 528 624 743 655; x_wconf 75' lang='lat' dir='ltr'>SUMMARttut</span> 
     </span>
    </p>
   </div>
   <div class='ocr_carea' id='block_1_10' title="bbox 255 687 1011 1118">
    <p class='ocr_par' dir='ltr' id='par_1_12' title="bbox 255 687 1011 1118">
     <span class='ocr_line' id='line_1_28' title="bbox 255 687 1011 729; baseline 0.001 -11"><span class='ocrx_word' id='word_1_95' title='bbox 255 687 430 719; x_wconf 79' lang='lat' dir='ltr'>Monasterio</span> <span class='ocrx_word' id='word_1_96' title='bbox 464 690 698 728; x_wconf 80' lang='lat' dir='ltr'>Sponlieimense</span> <span class='ocrx_word' id='word_1_97' title='bbox 739 690 795 720; x_wconf 89' lang='lat' dir='ltr'>sub</span> <span class='ocrx_word' id='word_1_98' title='bbox 831 690 1011 729; x_wconf 86' lang='lat' dir='ltr'>protectione</span> 
     </span>
     <span class='ocr_line' id='line_1_29' title="bbox 296 732 1010 773; baseline 0 -10"><span class='ocrx_word' id='word_1_99' title='bbox 296 732 382 763; x_wconf 87' lang='lat' dir='ltr'>Sedis</span> <span class='ocrx_word' id='word_1_100' title='bbox 402 734 588 773; x_wconf 83' lang='lat' dir='ltr'>Apostolicae</span> <span class='ocrx_word' id='word_1_101' title='bbox 607 738 735 773; x_wconf 83' lang='lat' dir='ltr'>recepto,</span> <span class='ocrx_word' id='word_1_102' title='bbox 749 751 788 756; x_wconf 91' lang='lat'><strong>—</strong></span> <span class='ocrx_word' id='word_1_103' title='bbox 803 733 856 763; x_wconf 86' lang='lat' dir='ltr'>Ubi</span> <span class='ocrx_word' id='word_1_104' title='bbox 880 734 1010 772; x_wconf 73' lang='lat' dir='ltr'>regulam</span> 
     </span>
     <span class='ocr_line' id='line_1_30' title="bbox 294 777 1011 817; baseline 0 -10"><span class='ocrx_word' id='word_1_105' title='bbox 294 777 324 807; x_wconf 90' lang='lat' dir='ltr'>S.</span> <span class='ocrx_word' id='word_1_106' title='bbox 338 777 487 808; x_wconf 78' lang='lat' dir='ltr'>Benedicti</span> <span class='ocrx_word' id='word_1_107' title='bbox 500 782 528 808; x_wconf 88' lang='lat' dir='ltr'>et</span> <span class='ocrx_word' id='word_1_108' title='bbox 541 779 734 808; x_wconf 85' lang='lat' dir='ltr'>monasticam</span> <span class='ocrx_word' id='word_1_109' title='bbox 747 778 935 817; x_wconf 79' lang='lat' dir='ltr'>disciplinam</span> <span class='ocrx_word' id='word_1_110' title='bbox 949 788 1011 807; x_wconf 83' lang='lat' dir='ltr'>ser-</span> 
     </span>
     <span class='ocr_line' id='line_1_31' title="bbox 293 821 1011 858; baseline 0 -7"><span class='ocrx_word' id='word_1_111' title='bbox 293 822 353 851; x_wconf 86' lang='lat' dir='ltr'>vari</span> <span class='ocrx_word' id='word_1_112' title='bbox 370 822 518 858; x_wconf 87' lang='lat' dir='ltr'>statuitur,</span> <span class='ocrx_word' id='word_1_113' title='bbox 530 838 570 844; x_wconf 90' lang='lat'>——</span> <span class='ocrx_word' id='word_1_114' title='bbox 585 821 721 852; x_wconf 82' lang='lat' dir='ltr'>Facultas</span> <span class='ocrx_word' id='word_1_115' title='bbox 734 823 906 852; x_wconf 79' lang='lat' dir='ltr'>conceditur</span> <span class='ocrx_word' id='word_1_116' title='bbox 922 822 1011 852; x_wconf 86' lang='lat' dir='ltr'>abba-</span> 
     </span>
     <span class='ocr_line' id='line_1_32' title="bbox 293 865 1011 906; baseline 0 -11"><span class='ocrx_word' id='word_1_117' title='bbox 293 870 350 896; x_wconf 90' lang='lat' dir='ltr'>tem</span> <span class='ocrx_word' id='word_1_118' title='bbox 367 865 402 895; x_wconf 91' lang='lat' dir='ltr'>de</span> <span class='ocrx_word' id='word_1_119' title='bbox 415 867 527 904; x_wconf 76' lang='lat' dir='ltr'>gremio</span> <span class='ocrx_word' id='word_1_120' title='bbox 544 866 671 903; x_wconf 75' lang='lat' dir='ltr'>eligendi</span> <span class='ocrx_word' id='word_1_121' title='bbox 690 866 725 896; x_wconf 84' lang='lat' dir='ltr'>ab</span> <span class='ocrx_word' id='word_1_122' title='bbox 750 867 879 906; x_wconf 75' lang='lat' dir='ltr'>archiep.</span> <span class='ocrx_word' id='word_1_123' title='bbox 891 867 1011 904; x_wconf 59' lang='lat' dir='ltr'>&gt;legun-</span> 
     </span>
     <span class='ocr_line' id='line_1_33' title="bbox 293 910 1009 950; baseline 0.001 -11"><span class='ocrx_word' id='word_1_124' title='bbox 293 910 354 940; x_wconf 83' lang='lat' dir='ltr'>tino</span> <span class='ocrx_word' id='word_1_125' title='bbox 383 915 530 950; x_wconf 84' lang='lat' dir='ltr'>tamquam</span> <span class='ocrx_word' id='word_1_126' title='bbox 561 911 748 946; x_wconf 73' lang='lat' dir='ltr'>dioecesam),</span> <span class='ocrx_word' id='word_1_127' title='bbox 771 920 786 940; x_wconf 86' lang='lat' dir='ltr'>a</span> <span class='ocrx_word' id='word_1_128' title='bbox 810 921 867 950; x_wconf 81' lang='lat' dir='ltr'>qno</span> <span class='ocrx_word' id='word_1_129' title='bbox 891 912 919 940; x_wconf 90' lang='lat' dir='ltr'>in</span> <span class='ocrx_word' id='word_1_130' title='bbox 941 911 1009 940; x_wconf 84' lang='lat' dir='ltr'>reli-</span> 
     </span>
     <span class='ocr_line' id='line_1_34' title="bbox 293 955 1007 994; baseline 0 -10"><span class='ocrx_word' id='word_1_131' title='bbox 293 955 360 993; x_wconf 89' lang='lat' dir='ltr'>quis</span> <span class='ocrx_word' id='word_1_132' title='bbox 377 955 543 994; x_wconf 74' lang='lat' dir='ltr'>dependere</span> <span class='ocrx_word' id='word_1_133' title='bbox 560 955 664 985; x_wconf 79' lang='lat' dir='ltr'>debeat</span> <span class='ocrx_word' id='word_1_134' title='bbox 681 960 806 984; x_wconf 82' lang='lat' dir='ltr'>monast.</span> <span class='ocrx_word' id='word_1_135' title='bbox 826 965 1007 985; x_wconf 75' lang='lat' dir='ltr'>consecran-</span> 
     </span>
     <span class='ocr_line' id='line_1_35' title="bbox 294 999 1007 1038; baseline 0.001 -10"><span class='ocrx_word' id='word_1_136' title='bbox 294 999 374 1028; x_wconf 89' lang='lat' dir='ltr'>dum.</span> <span class='ocrx_word' id='word_1_137' title='bbox 409 1016 448 1021; x_wconf 96' lang='lat'><strong>—</strong></span> <span class='ocrx_word' id='word_1_138' title='bbox 479 999 617 1038; x_wconf 84' lang='lat' dir='ltr'>Bonaqne</span> <span class='ocrx_word' id='word_1_139' title='bbox 644 1000 741 1029; x_wconf 86' lang='lat' dir='ltr'>omnia</span> <span class='ocrx_word' id='word_1_140' title='bbox 775 1001 1007 1036; x_wconf 71' lang='lat' dir='ltr'>continuantur,</span> 
     </span>
     <span class='ocr_line' id='line_1_36' title="bbox 293 1042 1008 1073; baseline 0 -1"><span class='ocrx_word' id='word_1_141' title='bbox 293 1042 435 1073; x_wconf 87' lang='lat' dir='ltr'>immunia</span> <span class='ocrx_word' id='word_1_142' title='bbox 457 1043 492 1073; x_wconf 85' lang='lat' dir='ltr'>ab</span> <span class='ocrx_word' id='word_1_143' title='bbox 515 1044 595 1073; x_wconf 86' lang='lat' dir='ltr'>omui</span> <span class='ocrx_word' id='word_1_144' title='bbox 620 1043 753 1073; x_wconf 83' lang='lat' dir='ltr'>molestia</span> <span class='ocrx_word' id='word_1_145' title='bbox 778 1043 885 1073; x_wconf 81' lang='lat' dir='ltr'>sutura.</span> <span class='ocrx_word' id='word_1_146' title='bbox 903 1060 941 1066; x_wconf 87' lang='lat'><strong>—</strong></span> <span class='ocrx_word' id='word_1_147' title='bbox 956 1043 1008 1073; x_wconf 79' lang='lat' dir='ltr'>So-</span> 
     </span>
     <span class='ocr_line' id='line_1_37' title="bbox 292 1087 544 1118; baseline 0 -1"><span class='ocrx_word' id='word_1_148' title='bbox 292 1087 360 1117; x_wconf 86' lang='lat' dir='ltr'>litae</span> <span class='ocrx_word' id='word_1_149' title='bbox 382 1087 544 1118; x_wconf 78' lang='lat' dir='ltr'>clausulae.</span> 
     </span>
    </p>
   </div>
   <div class='ocr_carea' id='block_1_11' title="bbox 249 1157 1007 1391">
    <p class='ocr_par' dir='ltr' id='par_1_13' title="bbox 249 1157 1007 1391">
     <span class='ocr_line' id='line_1_38' title="bbox 249 1157 1007 1194; baseline 0.001 -8"><span class='ocrx_word' id='word_1_150' title='bbox 249 1157 380 1186; x_wconf 71' lang='lat' dir='ltr'>nonarius</span> <span class='ocrx_word' id='word_1_151' title='bbox 399 1158 540 1194; x_wconf 77' lang='lat' dir='ltr'>episcopus</span> <span class='ocrx_word' id='word_1_152' title='bbox 561 1165 656 1187; x_wconf 81' lang='lat' dir='ltr'>servus</span> <span class='ocrx_word' id='word_1_153' title='bbox 677 1165 815 1187; x_wconf 84' lang='lat' dir='ltr'>servorum</span> <span class='ocrx_word' id='word_1_154' title='bbox 832 1158 887 1191; x_wconf 83' lang='lat' dir='ltr'>Dei.</span> <span class='ocrx_word' id='word_1_155' title='bbox 909 1158 1007 1187; x_wconf 80' lang='lat' dir='ltr'>dilecto</span> 
     </span>
     <span class='ocr_line' id='line_1_39' title="bbox 293 1207 1005 1237; baseline 0 -2"><span class='ocrx_word' id='word_1_156' title='bbox 293 1207 350 1236; x_wconf 75' lang='lat' dir='ltr'>filio</span> <span class='ocrx_word' id='word_1_157' title='bbox 373 1207 530 1236; x_wconf 82' lang='lat' dir='ltr'>Bernhelmo</span> <span class='ocrx_word' id='word_1_158' title='bbox 551 1208 643 1236; x_wconf 82' lang='lat' dir='ltr'>abbati</span> <span class='ocrx_word' id='word_1_159' title='bbox 655 1209 816 1237; x_wconf 74' lang='lat' dir='ltr'>monasterii</span> <span class='ocrx_word' id='word_1_160' title='bbox 828 1208 919 1236; x_wconf 78' lang='lat' dir='ltr'>sancti</span> <span class='ocrx_word' id='word_1_161' title='bbox 936 1208 1005 1235; x_wconf 78' lang='lat' dir='ltr'>niar-</span> 
     </span>
     <span class='ocr_line' id='line_1_40' title="bbox 293 1257 1005 1292; baseline 0.001 -8"><span class='ocrx_word' id='word_1_162' title='bbox 293 1257 347 1284; x_wconf 84' lang='lat' dir='ltr'>tini</span> <span class='ocrx_word' id='word_1_163' title='bbox 377 1257 406 1284; x_wconf 83' lang='lat' dir='ltr'>in</span> <span class='ocrx_word' id='word_1_164' title='bbox 429 1257 581 1292; x_wconf 80' lang='lat' dir='ltr'>Sponheim.</span> <span class='ocrx_word' id='word_1_165' title='bbox 616 1257 676 1285; x_wconf 86' lang='lat' dir='ltr'>ord.</span> <span class='ocrx_word' id='word_1_166' title='bbox 701 1258 727 1285; x_wconf 90' lang='lat' dir='ltr'>S.</span> <span class='ocrx_word' id='word_1_167' title='bbox 751 1257 846 1286; x_wconf 83' lang='lat' dir='ltr'>Bened.</span> <span class='ocrx_word' id='word_1_168' title='bbox 871 1257 1005 1292; x_wconf 80' lang='lat' dir='ltr'>mogunti-</span> 
     </span>
     <span class='ocr_line' id='line_1_41' title="bbox 293 1306 1004 1342; baseline 0 -8"><span class='ocrx_word' id='word_1_169' title='bbox 293 1306 386 1334; x_wconf 83' lang='lat' dir='ltr'>nensis</span> <span class='ocrx_word' id='word_1_170' title='bbox 405 1306 547 1340; x_wconf 77' lang='lat' dir='ltr'>dioecesis,</span> <span class='ocrx_word' id='word_1_171' title='bbox 575 1307 684 1342; x_wconf 80' lang='lat' dir='ltr'>eiusque</span> <span class='ocrx_word' id='word_1_172' title='bbox 707 1306 905 1334; x_wconf 79' lang='lat' dir='ltr'>successoribus</span> <span class='ocrx_word' id='word_1_173' title='bbox 925 1313 1004 1342; x_wconf 83' lang='lat' dir='ltr'>regu·</span> 
     </span>
     <span class='ocr_line' id='line_1_42' title="bbox 293 1355 837 1391; baseline -0.002 -7"><span class='ocrx_word' id='word_1_174' title='bbox 293 1355 392 1384; x_wconf 77' lang='lat' dir='ltr'>lai-iter</span> <span class='ocrx_word' id='word_1_175' title='bbox 410 1355 598 1388; x_wconf 78' lang='lat' dir='ltr'>instituendis,</span> <span class='ocrx_word' id='word_1_176' title='bbox 619 1355 648 1383; x_wconf 87' lang='lat' dir='ltr'>in</span> <span class='ocrx_word' id='word_1_177' title='bbox 667 1357 837 1391; x_wconf 81' lang='lat' dir='ltr'>perpetuum.</span> 
     </span>
    </p>
   </div>
   <div class='ocr_carea' id='block_1_12' title="bbox 243 1418 1003 2683">
    <p class='ocr_par' dir='ltr' id='par_1_14' title="bbox 243 1418 1003 2591">
     <span class='ocr_line' id='line_1_43' title="bbox 298 1418 1003 1465; baseline -0.003 -11"><span class='ocrx_word' id='word_1_178' title='bbox 298 1418 469 1465; x_wconf 80' lang='lat' dir='ltr'>Religiosis</span> <span class='ocrx_word' id='word_1_179' title='bbox 495 1418 660 1453; x_wconf 82' lang='lat' dir='ltr'>desideriis</span> <span class='ocrx_word' id='word_1_180' title='bbox 686 1418 817 1465; x_wconf 80' lang='lat' dir='ltr'>dignum</span> <span class='ocrx_word' id='word_1_181' title='bbox 846 1426 893 1453; x_wconf 88' lang='lat' dir='ltr'>est</span> <span class='ocrx_word' id='word_1_182' title='bbox 924 1418 1003 1452; x_wconf 86' lang='lat' dir='ltr'>faci-</span> 
     </span>
     <span class='ocr_line' id='line_1_44' title="bbox 248 1467 1002 1515; baseline -0.001 -13"><span class='ocrx_word' id='word_1_183' title='bbox 248 1467 313 1502; x_wconf 89' lang='lat' dir='ltr'>lem</span> <span class='ocrx_word' id='word_1_184' title='bbox 352 1467 502 1515; x_wconf 81' lang='lat' dir='ltr'>praebere</span> <span class='ocrx_word' id='word_1_185' title='bbox 537 1479 738 1502; x_wconf 87' lang='lat' dir='ltr'>consensum</span> <span class='ocrx_word' id='word_1_186' title='bbox 777 1467 822 1501; x_wconf 82' lang='lat' dir='ltr'>Ea</span> <span class='ocrx_word' id='word_1_187' title='bbox 857 1476 1002 1514; x_wconf 83' lang='lat' dir='ltr'>propter,</span> 
     </span>
     <span class='ocr_line' id='line_1_45' title="bbox 250 1516 1002 1563; baseline -0.003 -11"><span class='ocrx_word' id='word_1_188' title='bbox 250 1516 362 1552; x_wconf 87' lang='lat' dir='ltr'>dilecte</span> <span class='ocrx_word' id='word_1_189' title='bbox 385 1516 440 1561; x_wconf 78' lang='lat' dir='ltr'>fili,</span> <span class='ocrx_word' id='word_1_190' title='bbox 461 1516 524 1551; x_wconf 90' lang='lat' dir='ltr'>tuis</span> <span class='ocrx_word' id='word_1_191' title='bbox 548 1516 742 1563; x_wconf 83' lang='lat' dir='ltr'>fratrumque</span> <span class='ocrx_word' id='word_1_192' title='bbox 768 1525 893 1551; x_wconf 90' lang='lat' dir='ltr'>tuorum</span> <span class='ocrx_word' id='word_1_193' title='bbox 914 1517 1002 1551; x_wconf 90' lang='lat' dir='ltr'>iustis</span> 
     </span>
     <span class='ocr_line' id='line_1_46' title="bbox 248 1566 1003 1613; baseline 0 -13"><span class='ocrx_word' id='word_1_194' title='bbox 248 1566 514 1613; x_wconf 82' lang='lat' dir='ltr'>postulationibus</span> <span class='ocrx_word' id='word_1_195' title='bbox 535 1574 723 1606; x_wconf 64' lang='lat' dir='ltr'>anuututes,</span> <span class='ocrx_word' id='word_1_196' title='bbox 747 1566 919 1612; x_wconf 78' lang='lat' dir='ltr'>praefatum</span> <span class='ocrx_word' id='word_1_197' title='bbox 939 1578 1003 1600; x_wconf 83' lang='lat' dir='ltr'>mo-</span> 
     </span>
     <span class='ocr_line' id='line_1_47' title="bbox 247 1614 1000 1661; baseline 0 -12"><span class='ocrx_word' id='word_1_198' title='bbox 247 1615 420 1650; x_wconf 87' lang='lat' dir='ltr'>nasterium</span> <span class='ocrx_word' id='word_1_199' title='bbox 455 1614 727 1661; x_wconf 76' lang='lat' dir='ltr'>Sponlreimense,</span> <span class='ocrx_word' id='word_1_200' title='bbox 764 1615 831 1654; x_wconf 88' lang='lat' dir='ltr'>cui,</span> <span class='ocrx_word' id='word_1_201' title='bbox 873 1623 1000 1649; x_wconf 83' lang='lat' dir='ltr'>auctore</span> 
     </span>
     <span class='ocr_line' id='line_1_48' title="bbox 247 1663 1000 1711; baseline 0 -13"><span class='ocrx_word' id='word_1_202' title='bbox 247 1663 333 1707; x_wconf 85' lang='lat' dir='ltr'>Deo,</span> <span class='ocrx_word' id='word_1_203' title='bbox 368 1664 548 1711; x_wconf 75' lang='lat' dir='ltr'>praesides,</span> <span class='ocrx_word' id='word_1_204' title='bbox 582 1663 642 1698; x_wconf 88' lang='lat' dir='ltr'>sub</span> <span class='ocrx_word' id='word_1_205' title='bbox 673 1664 873 1710; x_wconf 82' lang='lat' dir='ltr'>Apostolicae</span> <span class='ocrx_word' id='word_1_206' title='bbox 908 1663 1000 1698; x_wconf 88' lang='lat' dir='ltr'>Sedis</span> 
     </span>
     <span class='ocr_line' id='line_1_49' title="bbox 246 1713 1000 1760; baseline 0 -14"><span class='ocrx_word' id='word_1_207' title='bbox 246 1713 344 1748; x_wconf 83' lang='lat' dir='ltr'>tutela</span> <span class='ocrx_word' id='word_1_208' title='bbox 379 1721 409 1747; x_wconf 89' lang='lat' dir='ltr'>et</span> <span class='ocrx_word' id='word_1_209' title='bbox 445 1713 640 1760; x_wconf 84' lang='lat' dir='ltr'>protectione</span> <span class='ocrx_word' id='word_1_210' title='bbox 674 1713 884 1759; x_wconf 81' lang='lat' dir='ltr'>suscipimus,</span> <span class='ocrx_word' id='word_1_211' title='bbox 906 1722 1000 1759; x_wconf 89' lang='lat' dir='ltr'>atque</span> 
     </span>
     <span class='ocr_line' id='line_1_50' title="bbox 247 1762 998 1809; baseline -0.001 -13"><span class='ocrx_word' id='word_1_212' title='bbox 247 1762 422 1808; x_wconf 83' lang='lat' dir='ltr'>praesentis</span> <span class='ocrx_word' id='word_1_213' title='bbox 449 1763 556 1809; x_wconf 86' lang='lat' dir='ltr'>scripti</span> <span class='ocrx_word' id='word_1_214' title='bbox 584 1763 696 1809; x_wconf 81' lang='lat' dir='ltr'>pagina</span> <span class='ocrx_word' id='word_1_215' title='bbox 718 1762 998 1803; x_wconf 82' lang='lat' dir='ltr'>communivimus3</span> 
     </span>
     <span class='ocr_line' id='line_1_51' title="bbox 247 1811 998 1857; baseline 0.003 -13"><span class='ocrx_word' id='word_1_216' title='bbox 247 1811 455 1846; x_wconf 79' lang='lat' dir='ltr'>decernentes</span> <span class='ocrx_word' id='word_1_217' title='bbox 470 1819 499 1845; x_wconf 87' lang='lat' dir='ltr'>et</span> <span class='ocrx_word' id='word_1_218' title='bbox 513 1819 697 1849; x_wconf 79' lang='lat' dir='ltr'>statuentes,</span> <span class='ocrx_word' id='word_1_219' title='bbox 722 1819 755 1845; x_wconf 89' lang='lat' dir='ltr'>ut</span> <span class='ocrx_word' id='word_1_220' title='bbox 771 1811 926 1857; x_wconf 72' lang='lat' dir='ltr'>regularis</span> <span class='ocrx_word' id='word_1_221' title='bbox 939 1811 998 1846; x_wconf 85' lang='lat' dir='ltr'>vita</span> 
     </span>
     <span class='ocr_line' id='line_1_52' title="bbox 246 1859 998 1895; baseline 0 -1"><span class='ocrx_word' id='word_1_222' title='bbox 246 1859 278 1894; x_wconf 92' lang='lat' dir='ltr'>in</span> <span class='ocrx_word' id='word_1_223' title='bbox 300 1860 410 1895; x_wconf 89' lang='lat' dir='ltr'>eodem</span> <span class='ocrx_word' id='word_1_224' title='bbox 435 1861 503 1895; x_wconf 87' lang='lat' dir='ltr'>loeo</span> <span class='ocrx_word' id='word_1_225' title='bbox 528 1868 589 1894; x_wconf 91' lang='lat' dir='ltr'>tam</span> <span class='ocrx_word' id='word_1_226' title='bbox 624 1860 744 1894; x_wconf 60' lang='lat' dir='ltr'>noviter</span> <span class='ocrx_word' id='word_1_227' title='bbox 778 1860 918 1894; x_wconf 87' lang='lat' dir='ltr'>instituta</span> <span class='ocrx_word' id='word_1_228' title='bbox 941 1873 998 1894; x_wconf 86' lang='lat' dir='ltr'>se-</span> 
     </span>
     <span class='ocr_line' id='line_1_53' title="bbox 246 1908 998 1955; baseline 0 -11"><span class='ocrx_word' id='word_1_229' title='bbox 246 1909 386 1944; x_wconf 87' lang='lat' dir='ltr'>cundum</span> <span class='ocrx_word' id='word_1_230' title='bbox 428 1909 567 1955; x_wconf 82' lang='lat' dir='ltr'>regulam</span> <span class='ocrx_word' id='word_1_231' title='bbox 607 1909 641 1943; x_wconf 81' lang='lat' dir='ltr'>S.</span> <span class='ocrx_word' id='word_1_232' title='bbox 682 1908 846 1944; x_wconf 85' lang='lat' dir='ltr'>Benedicti</span> <span class='ocrx_word' id='word_1_233' title='bbox 883 1909 998 1944; x_wconf 88' lang='lat' dir='ltr'>futuris</span> 
     </span>
     <span class='ocr_line' id='line_1_54' title="bbox 246 1958 997 2005; baseline 0 -13"><span class='ocrx_word' id='word_1_234' title='bbox 246 1958 443 2005; x_wconf 85' lang='lat' dir='ltr'>temporibus</span> <span class='ocrx_word' id='word_1_235' title='bbox 455 1958 678 1992; x_wconf 76' lang='lat' dir='ltr'>inviolabiliter</span> <span class='ocrx_word' id='word_1_236' title='bbox 692 1967 905 1993; x_wconf 82' lang='lat' dir='ltr'>conservetur:</span> <span class='ocrx_word' id='word_1_237' title='bbox 921 1958 997 1992; x_wconf 90' lang='lat' dir='ltr'>nulli</span> 
     </span>
     <span class='ocr_line' id='line_1_55' title="bbox 245 2007 998 2054; baseline 0 -12"><span class='ocrx_word' id='word_1_238' title='bbox 245 2008 340 2042; x_wconf 83' lang='lat' dir='ltr'>etiam</span> <span class='ocrx_word' id='word_1_239' title='bbox 370 2007 500 2042; x_wconf 80' lang='lat' dir='ltr'>facultas</span> <span class='ocrx_word' id='word_1_240' title='bbox 526 2007 576 2048; x_wconf 85' lang='lat' dir='ltr'>sit,</span> <span class='ocrx_word' id='word_1_241' title='bbox 601 2015 669 2053; x_wconf 85' lang='lat' dir='ltr'>post</span> <span class='ocrx_word' id='word_1_242' title='bbox 698 2007 809 2042; x_wconf 82' lang='lat' dir='ltr'>factam</span> <span class='ocrx_word' id='word_1_243' title='bbox 839 2007 920 2054; x_wconf 83' lang='lat' dir='ltr'>apud</span> <span class='ocrx_word' id='word_1_244' title='bbox 944 2020 998 2042; x_wconf 78' lang='lat' dir='ltr'>vos</span> 
     </span>
     <span class='ocr_line' id='line_1_56' title="bbox 246 2056 998 2102; baseline 0.003 -13"><span class='ocrx_word' id='word_1_245' title='bbox 246 2056 486 2102; x_wconf 71' lang='lat' dir='ltr'>professionem,</span> <span class='ocrx_word' id='word_1_246' title='bbox 503 2056 571 2091; x_wconf 88' lang='lat' dir='ltr'>sine</span> <span class='ocrx_word' id='word_1_247' title='bbox 585 2056 707 2091; x_wconf 81' lang='lat' dir='ltr'>abbatis</span> <span class='ocrx_word' id='word_1_248' title='bbox 721 2056 859 2100; x_wconf 86' lang='lat' dir='ltr'>licentia,</span> <span class='ocrx_word' id='word_1_249' title='bbox 871 2057 998 2091; x_wconf 86' lang='lat' dir='ltr'>maioris</span> 
     </span>
     <span class='ocr_line' id='line_1_57' title="bbox 244 2105 996 2152; baseline 0.001 -14"><span class='ocrx_word' id='word_1_250' title='bbox 244 2105 293 2140; x_wconf 73' lang='lat' dir='ltr'>vel</span> <span class='ocrx_word' id='word_1_251' title='bbox 317 2105 447 2140; x_wconf 89' lang='lat' dir='ltr'>minoris</span> <span class='ocrx_word' id='word_1_252' title='bbox 469 2105 633 2152; x_wconf 80' lang='lat' dir='ltr'>religionis</span> <span class='ocrx_word' id='word_1_253' title='bbox 663 2105 812 2149; x_wconf 79' lang='lat' dir='ltr'>obtentu,</span> <span class='ocrx_word' id='word_1_254' title='bbox 841 2105 878 2139; x_wconf 89' lang='lat' dir='ltr'>ad</span> <span class='ocrx_word' id='word_1_255' title='bbox 902 2105 996 2139; x_wconf 86' lang='lat' dir='ltr'>alium</span> 
     </span>
     <span class='ocr_line' id='line_1_58' title="bbox 245 2153 996 2201; baseline 0 -13"><span class='ocrx_word' id='word_1_256' title='bbox 245 2153 349 2189; x_wconf 89' lang='lat' dir='ltr'>locum</span> <span class='ocrx_word' id='word_1_257' title='bbox 385 2163 595 2189; x_wconf 83' lang='lat' dir='ltr'>transmeare:</span> <span class='ocrx_word' id='word_1_258' title='bbox 629 2154 714 2200; x_wconf 90' lang='lat' dir='ltr'>quod</span> <span class='ocrx_word' id='word_1_259' title='bbox 742 2155 766 2188; x_wconf 94' lang='lat' dir='ltr'>si</span> <span class='ocrx_word' id='word_1_260' title='bbox 794 2155 865 2201; x_wconf 89' lang='lat' dir='ltr'>quis</span> <span class='ocrx_word' id='word_1_261' title='bbox 889 2162 996 2188; x_wconf 86' lang='lat' dir='ltr'>contra</span> 
     </span>
     <span class='ocr_line' id='line_1_59' title="bbox 244 2202 997 2250; baseline 0.001 -13"><span class='ocrx_word' id='word_1_262' title='bbox 244 2202 327 2237; x_wconf 80' lang='lat' dir='ltr'>lianc</span> <span class='ocrx_word' id='word_1_263' title='bbox 354 2203 600 2250; x_wconf 85' lang='lat' dir='ltr'>prohibitionem</span> <span class='ocrx_word' id='word_1_264' title='bbox 629 2213 766 2237; x_wconf 84' lang='lat' dir='ltr'>nostram</span> <span class='ocrx_word' id='word_1_265' title='bbox 795 2215 997 2249; x_wconf 86' lang='lat' dir='ltr'>quocumque</span> 
     </span>
     <span class='ocr_line' id='line_1_60' title="bbox 244 2251 995 2298; baseline -0.001 -12"><span class='ocrx_word' id='word_1_266' title='bbox 244 2259 386 2298; x_wconf 86' lang='lat' dir='ltr'>tempore</span> <span class='ocrx_word' id='word_1_267' title='bbox 404 2253 434 2286; x_wconf 91' lang='lat' dir='ltr'>in</span> <span class='ocrx_word' id='word_1_268' title='bbox 453 2251 591 2286; x_wconf 86' lang='lat' dir='ltr'>futurum</span> <span class='ocrx_word' id='word_1_269' title='bbox 615 2251 807 2292; x_wconf 84' lang='lat' dir='ltr'>discesserit,</span> <span class='ocrx_word' id='word_1_270' title='bbox 822 2251 928 2286; x_wconf 91' lang='lat' dir='ltr'>nullus</span> <span class='ocrx_word' id='word_1_271' title='bbox 942 2252 995 2285; x_wconf 89' lang='lat' dir='ltr'>ab·</span> 
     </span>
     <span class='ocr_line' id='line_1_61' title="bbox 243 2299 995 2347; baseline -0.003 -12"><span class='ocrx_word' id='word_1_272' title='bbox 243 2299 319 2341; x_wconf 80' lang='lat' dir='ltr'>has,</span> <span class='ocrx_word' id='word_1_273' title='bbox 354 2309 406 2335; x_wconf 84' lang='lat' dir='ltr'>aut</span> <span class='ocrx_word' id='word_1_274' title='bbox 439 2300 576 2347; x_wconf 84' lang='lat' dir='ltr'>quilibet</span> <span class='ocrx_word' id='word_1_275' title='bbox 604 2300 717 2335; x_wconf 81' lang='lat' dir='ltr'>audeat</span> <span class='ocrx_word' id='word_1_276' title='bbox 746 2313 816 2334; x_wconf 88' lang='lat' dir='ltr'>eum</span> <span class='ocrx_word' id='word_1_277' title='bbox 848 2300 995 2334; x_wconf 87' lang='lat' dir='ltr'>retinere.</span> 
     </span>
     <span class='ocr_line' id='line_1_62' title="bbox 244 2349 997 2394; baseline -0.003 -10"><span class='ocrx_word' id='word_1_278' title='bbox 244 2349 388 2394; x_wconf 82' lang='lat' dir='ltr'>Quoties,</span> <span class='ocrx_word' id='word_1_279' title='bbox 422 2349 535 2384; x_wconf 82' lang='lat' dir='ltr'>abbate</span> <span class='ocrx_word' id='word_1_280' title='bbox 569 2349 719 2392; x_wconf 83' lang='lat' dir='ltr'>obeunte,</span> <span class='ocrx_word' id='word_1_281' title='bbox 746 2349 786 2383; x_wconf 87' lang='lat' dir='ltr'>de</span> <span class='ocrx_word' id='word_1_282' title='bbox 813 2361 997 2383; x_wconf 80' lang='lat' dir='ltr'>successore</span> 
     </span>
     <span class='ocr_line' id='line_1_63' title="bbox 244 2397 996 2444; baseline -0.001 -11"><span class='ocrx_word' id='word_1_283' title='bbox 244 2398 338 2433; x_wconf 85' lang='lat' dir='ltr'>suerit</span> <span class='ocrx_word' id='word_1_284' title='bbox 359 2399 439 2433; x_wconf 88' lang='lat' dir='ltr'>inter</span> <span class='ocrx_word' id='word_1_285' title='bbox 454 2398 564 2432; x_wconf 87' lang='lat' dir='ltr'>fratres</span> <span class='ocrx_word' id='word_1_286' title='bbox 587 2398 686 2444; x_wconf 86' lang='lat' dir='ltr'>ipsius</span> <span class='ocrx_word' id='word_1_287' title='bbox 703 2397 763 2432; x_wconf 90' lang='lat' dir='ltr'>loci</span> <span class='ocrx_word' id='word_1_288' title='bbox 787 2397 996 2442; x_wconf 87' lang='lat' dir='ltr'>tractandum,</span> 
     </span>
     <span class='ocr_line' id='line_1_64' title="bbox 244 2446 996 2493; baseline -0.001 -12"><span class='ocrx_word' id='word_1_289' title='bbox 244 2447 350 2482; x_wconf 90' lang='lat' dir='ltr'>nullus</span> <span class='ocrx_word' id='word_1_290' title='bbox 372 2447 448 2482; x_wconf 84' lang='lat' dir='ltr'>inibi</span> <span class='ocrx_word' id='word_1_291' title='bbox 471 2447 611 2493; x_wconf 84' lang='lat' dir='ltr'>qualibet</span> <span class='ocrx_word' id='word_1_292' title='bbox 633 2446 850 2493; x_wconf 86' lang='lat' dir='ltr'>subreptionis</span> <span class='ocrx_word' id='word_1_293' title='bbox 871 2447 996 2490; x_wconf 88' lang='lat' dir='ltr'>astutia,</span> 
     </span>
     <span class='ocr_line' id='line_1_65' title="bbox 243 2495 998 2542; baseline -0.003 -11"><span class='ocrx_word' id='word_1_294' title='bbox 243 2508 299 2531; x_wconf 85' lang='lat' dir='ltr'>seu</span> <span class='ocrx_word' id='word_1_295' title='bbox 322 2496 467 2531; x_wconf 75' lang='lat' dir='ltr'>violentia</span> <span class='ocrx_word' id='word_1_296' title='bbox 489 2496 630 2530; x_wconf 78' lang='lat' dir='ltr'>cuiusvis</span> <span class='ocrx_word' id='word_1_297' title='bbox 654 2495 829 2542; x_wconf 83' lang='lat' dir='ltr'>potestatis,</span> <span class='ocrx_word' id='word_1_298' title='bbox 856 2496 921 2529; x_wconf 80' lang='lat' dir='ltr'>sive</span> <span class='ocrx_word' id='word_1_299' title='bbox 943 2508 998 2529; x_wconf 90' lang='lat' dir='ltr'>ec-</span> 
     </span>
     <span class='ocr_line' id='line_1_66' title="bbox 243 2543 997 2591; baseline -0.004 -11"><span class='ocrx_word' id='word_1_300' title='bbox 243 2545 436 2580; x_wconf 77' lang='lat' dir='ltr'>clesiasticae</span> <span class='ocrx_word' id='word_1_301' title='bbox 467 2545 531 2579; x_wconf 77' lang='lat' dir='ltr'>sive</span> <span class='ocrx_word' id='word_1_302' title='bbox 566 2544 765 2591; x_wconf 79' lang='lat' dir='ltr'>temporalis,</span> <span class='ocrx_word' id='word_1_303' title='bbox 801 2543 997 2587; x_wconf 72' lang='lat' dir='ltr'>intrudatur,</span> 
     </span>
    </p>

    <p class='ocr_par' dir='ltr' id='par_1_15' title="bbox 244 2614 997 2683">
     <span class='ocr_line' id='line_1_67' title="bbox 279 2614 997 2649; baseline -0.001 -8"><span class='ocrx_word' id='word_1_304' title='bbox 279 2615 318 2649; x_wconf 87' lang='lat' dir='ltr'>(t)</span> <span class='ocrx_word' id='word_1_305' title='bbox 335 2615 372 2641; x_wconf 81' lang='lat' dir='ltr'>Ex</span> <span class='ocrx_word' id='word_1_306' title='bbox 393 2615 522 2642; x_wconf 80' lang='lat' dir='ltr'>Chronico</span> <span class='ocrx_word' id='word_1_307' title='bbox 540 2615 690 2641; x_wconf 69' lang='lat' dir='ltr'>monasterii</span> <span class='ocrx_word' id='word_1_308' title='bbox 713 2614 792 2640; x_wconf 78' lang='lat' dir='ltr'>liuius</span> <span class='ocrx_word' id='word_1_309' title='bbox 815 2614 895 2640; x_wconf 75' lang='lat' dir='ltr'>edidit</span> <span class='ocrx_word' id='word_1_310' title='bbox 918 2614 997 2640; x_wconf 82' lang='lat' dir='ltr'>Sam-</span> 
     </span>
     <span class='ocr_line' id='line_1_68' title="bbox 244 2650 961 2683; baseline -0.001 -6"><span class='ocrx_word' id='word_1_311' title='bbox 244 2651 341 2678; x_wconf 76' lang='lat' dir='ltr'>marth.</span> <span class='ocrx_word' id='word_1_312' title='bbox 364 2650 430 2676; x_wconf 87' lang='lat' dir='ltr'>inter</span> <span class='ocrx_word' id='word_1_313' title='bbox 447 2651 620 2676; x_wconf 81' lang='lat' dir='ltr'>instrumenta</span> <span class='ocrx_word' id='word_1_314' title='bbox 639 2650 768 2676; x_wconf 76' lang='lat' dir='ltr'>Ecclesiae</span> <span class='ocrx_word' id='word_1_315' title='bbox 783 2650 961 2683; x_wconf 59' lang='lat' dir='ltr'>Mogununae.</span> 
     </span>
    </p>
   </div>
   <div class='ocr_carea' id='block_1_13' title="bbox 323 2693 837 2728">
    <p class='ocr_par' dir='ltr' id='par_1_16' title="bbox 323 2693 837 2728">
     <span class='ocr_line' id='line_1_69' title="bbox 323 2693 837 2728; baseline 0 -5"><span class='ocrx_word' id='word_1_316' title='bbox 323 2693 397 2728; x_wconf 70' lang='lat' dir='ltr'>b&#39;rrll.</span> <span class='ocrx_word' id='word_1_317' title='bbox 420 2693 497 2724; x_wconf 70' lang='lat' dir='ltr'>llam.</span> <span class='ocrx_word' id='word_1_318' title='bbox 522 2694 579 2724; x_wconf 49' lang='lat' dir='ltr'>tut.</span> <span class='ocrx_word' id='word_1_319' title='bbox 603 2693 638 2723; x_wconf 74' lang='lat' dir='ltr'>ll.</span> <span class='ocrx_word' id='word_1_320' title='bbox 676 2695 680 2703; x_wconf 55' lang='lat'>³</span> <span class='ocrx_word' id='word_1_321' title='bbox 800 2693 837 2724; x_wconf 66' lang='lat'>40</span> 
     </span>
    </p>
   </div>
   <div class='ocr_carea' id='block_1_14' title="bbox 1047 530 1806 1367">
    <p class='ocr_par' dir='ltr' id='par_1_17' title="bbox 1047 530 1806 1367">
     <span class='ocr_line' id='line_1_70' title="bbox 1057 530 1805 577; baseline 0.008 -14"><span class='ocrx_word' id='word_1_322' title='bbox 1057 530 1204 565; x_wconf 87' lang='lat' dir='ltr'>idoneum</span> <span class='ocrx_word' id='word_1_323' title='bbox 1238 532 1316 566; x_wconf 87' lang='lat' dir='ltr'>inter</span> <span class='ocrx_word' id='word_1_324' title='bbox 1338 544 1371 566; x_wconf 86' lang='lat' dir='ltr'>se</span> <span class='ocrx_word' id='word_1_325' title='bbox 1391 545 1451 566; x_wconf 88' lang='lat' dir='ltr'>uon</span> <span class='ocrx_word' id='word_1_326' title='bbox 1481 533 1677 577; x_wconf 66' lang='lat' dir='ltr'>interierint,</span> <span class='ocrx_word' id='word_1_327' title='bbox 1705 534 1805 570; x_wconf 85' lang='lat' dir='ltr'>duxe-</span> 
     </span>
     <span class='ocr_line' id='line_1_71' title="bbox 1056 579 1806 621; baseline 0.007 -8"><span class='ocrx_word' id='word_1_328' title='bbox 1056 579 1116 613; x_wconf 90' lang='lat' dir='ltr'>rint</span> <span class='ocrx_word' id='word_1_329' title='bbox 1138 579 1187 614; x_wconf 86' lang='lat' dir='ltr'>eli</span> <span class='ocrx_word' id='word_1_330' title='bbox 1181 580 1331 621; x_wconf 61' lang='lat' dir='ltr'>.:÷.rndum</span> <span class='ocrx_word' id='word_1_331' title='bbox 1362 581 1460 615; x_wconf 73' lang='lat' dir='ltr'>Por-10</span> <span class='ocrx_word' id='word_1_332' title='bbox 1477 583 1619 616; x_wconf 87' lang='lat' dir='ltr'>altarium</span> <span class='ocrx_word' id='word_1_333' title='bbox 1643 595 1806 618; x_wconf 85' lang='lat' dir='ltr'>consecra-</span> 
     </span>
     <span class='ocr_line' id='line_1_72' title="bbox 1055 629 1804 676; baseline 0.008 -15"><span class='ocrx_word' id='word_1_334' title='bbox 1055 629 1184 669; x_wconf 85' lang='lat' dir='ltr'>tionem,</span> <span class='ocrx_word' id='word_1_335' title='bbox 1213 629 1369 670; x_wconf 82' lang='lat' dir='ltr'>Cbrisma,</span> <span class='ocrx_word' id='word_1_336' title='bbox 1387 630 1500 664; x_wconf 84' lang='lat' dir='ltr'>Oleum</span> <span class='ocrx_word' id='word_1_337' title='bbox 1524 639 1685 676; x_wconf 80' lang='lat' dir='ltr'>sanctum,</span> <span class='ocrx_word' id='word_1_338' title='bbox 1702 632 1804 668; x_wconf 75' lang='lat' dir='ltr'>bene-</span> 
     </span>
     <span class='ocr_line' id='line_1_73' title="bbox 1055 677 1804 722; baseline 0.007 -12"><span class='ocrx_word' id='word_1_339' title='bbox 1055 677 1224 712; x_wconf 80' lang='lat' dir='ltr'>dictionem</span> <span class='ocrx_word' id='word_1_340' title='bbox 1253 678 1420 722; x_wconf 85' lang='lat' dir='ltr'>abbatum,</span> <span class='ocrx_word' id='word_1_341' title='bbox 1446 688 1475 713; x_wconf 84' lang='lat' dir='ltr'>ct</span> <span class='ocrx_word' id='word_1_342' title='bbox 1498 680 1713 716; x_wconf 87' lang='lat' dir='ltr'>ordinationes</span> <span class='ocrx_word' id='word_1_343' title='bbox 1735 695 1804 715; x_wconf 82' lang='lat' dir='ltr'>mo-</span> 
     </span>
     <span class='ocr_line' id='line_1_74' title="bbox 1055 727 1803 776; baseline 0.008 -17"><span class='ocrx_word' id='word_1_344' title='bbox 1055 739 1082 759; x_wconf 90' lang='grc' dir='ltr'>ιι</span> <span class='ocrx_word' id='word_1_345' title='bbox 1076 727 1163 761; x_wconf 76' lang='lat' dir='ltr'>aclior</span> <span class='ocrx_word' id='word_1_346' title='bbox 1174 739 1225 761; x_wconf 80' lang='lat' dir='ltr'>uni</span> <span class='ocrx_word' id='word_1_347' title='bbox 1239 740 1255 761; x_wconf 89' lang='lat' dir='ltr'>a</span> <span class='ocrx_word' id='word_1_348' title='bbox 1269 727 1423 762; x_wconf 73' lang='grc' dir='ltr'>«Ιίυροοειιι</span> <span class='ocrx_word' id='word_1_349' title='bbox 1418 742 1456 763; x_wconf 92' lang='grc' dir='ltr'>ιο</span> <span class='ocrx_word' id='word_1_350' title='bbox 1472 729 1612 763; x_wconf 87' lang='lat' dir='ltr'>eiusdem</span> <span class='ocrx_word' id='word_1_351' title='bbox 1638 731 1803 776; x_wconf 80' lang='lat' dir='ltr'>parochiae</span> 
     </span>
     <span class='ocr_line' id='line_1_75' title="bbox 1054 776 1802 830; baseline 0.008 -22"><span class='ocrx_word' id='word_1_352' title='bbox 1054 776 1304 830; x_wconf 70' lang='lat' dir='ltr'>archiepiscopo,</span> <span class='ocrx_word' id='word_1_353' title='bbox 1326 777 1350 810; x_wconf 90' lang='lat' dir='ltr'>si</span> <span class='ocrx_word' id='word_1_354' title='bbox 1373 778 1500 823; x_wconf 83' lang='lat' dir='ltr'>quidem</span> <span class='ocrx_word' id='word_1_355' title='bbox 1524 779 1654 823; x_wconf 74' lang='lat' dir='ltr'>gratiam</span> <span class='ocrx_word' id='word_1_356' title='bbox 1674 787 1802 814; x_wconf 87' lang='lat' dir='ltr'>etcorn-</span> 
     </span>
     <span class='ocr_line' id='line_1_76' title="bbox 1053 826 1802 880; baseline 0.007 -22"><span class='ocrx_word' id='word_1_357' title='bbox 1053 837 1234 860; x_wconf 83' lang='lat' dir='ltr'>munionem</span> <span class='ocrx_word' id='word_1_358' title='bbox 1251 826 1458 880; x_wconf 33' lang='lat' dir='ltr'>&#39;Apostolicae</span> <span class='ocrx_word' id='word_1_359' title='bbox 1480 827 1573 861; x_wconf 81' lang='lat' dir='ltr'>Sedis</span> <span class='ocrx_word' id='word_1_360' title='bbox 1600 827 1754 869; x_wconf 78' lang='lat' dir='ltr'>babuerit,</span> <span class='ocrx_word' id='word_1_361' title='bbox 1771 838 1802 863; x_wconf 90' lang='lat' dir='ltr'>et</span> 
     </span>
     <span class='ocr_line' id='line_1_77' title="bbox 1052 874 1797 924; baseline 0.008 -18"><span class='ocrx_word' id='word_1_362' title='bbox 1052 874 1075 907; x_wconf 89' lang='lat' dir='ltr'>si</span> <span class='ocrx_word' id='word_1_363' title='bbox 1111 886 1146 908; x_wconf 87' lang='lat' dir='ltr'>ea</span> <span class='ocrx_word' id='word_1_364' title='bbox 1180 875 1275 920; x_wconf 72' lang='lat' dir='ltr'>gratis</span> <span class='ocrx_word' id='word_1_365' title='bbox 1301 883 1331 909; x_wconf 82' lang='lat' dir='ltr'>et</span> <span class='ocrx_word' id='word_1_366' title='bbox 1365 875 1482 923; x_wconf 82' lang='lat' dir='ltr'>absque</span> <span class='ocrx_word' id='word_1_367' title='bbox 1511 876 1659 922; x_wconf 67' lang='grc' dir='ltr'>ιιιιιιιῑιιιυ</span> <span class='ocrx_word' id='word_1_368' title='bbox 1693 878 1797 924; x_wconf 81' lang='lat' dir='ltr'>aliqua</span> 
     </span>
     <span class='ocr_line' id='line_1_78' title="bbox 1053 923 1800 973; baseline 0.007 -17"><span class='ocrx_word' id='word_1_369' title='bbox 1053 923 1186 957; x_wconf 76' lang='lat' dir='ltr'>toluerit</span> <span class='ocrx_word' id='word_1_370' title='bbox 1211 923 1378 968; x_wconf 79' lang='lat' dir='ltr'>exhibere,</span> <span class='ocrx_word' id='word_1_371' title='bbox 1406 925 1614 973; x_wconf 85' lang='lat' dir='ltr'>suscipiatur·</span> <span class='ocrx_word' id='word_1_372' title='bbox 1608 953 1616 966; x_wconf 92' lang='lat'>,</span> <span class='ocrx_word' id='word_1_373' title='bbox 1651 925 1800 973; x_wconf 88' lang='lat' dir='ltr'>alioquin,</span> 
     </span>
     <span class='ocr_line' id='line_1_79' title="bbox 1052 971 1799 1020; baseline 0.007 -15"><span class='ocrx_word' id='word_1_374' title='bbox 1052 971 1141 1007; x_wconf 82' lang='lat' dir='ltr'>liceat</span> <span class='ocrx_word' id='word_1_375' title='bbox 1160 973 1245 1007; x_wconf 70' lang='lat' dir='ltr'>tobis</span> <span class='ocrx_word' id='word_1_376' title='bbox 1259 982 1289 1007; x_wconf 89' lang='lat' dir='ltr'>et</span> <span class='ocrx_word' id='word_1_377' title='bbox 1305 974 1437 1020; x_wconf 73' lang='lat' dir='ltr'>posteris</span> <span class='ocrx_word' id='word_1_378' title='bbox 1453 975 1574 1018; x_wconf 62' lang='lat' dir='ltr'>restris,</span> <span class='ocrx_word' id='word_1_379' title='bbox 1597 974 1799 1016; x_wconf 79' lang='lat' dir='ltr'>catholicum,</span> 
     </span>
     <span class='ocr_line' id='line_1_80' title="bbox 1050 1023 1800 1068; baseline 0.005 -13"><span class='ocrx_word' id='word_1_380' title='bbox 1050 1034 1144 1068; x_wconf 84' lang='lat' dir='ltr'>quem</span> <span class='ocrx_word' id='word_1_381' title='bbox 1168 1023 1339 1066; x_wconf 74' lang='grc' dir='ltr'>ιοΙιιει-ιιί5,</span> <span class='ocrx_word' id='word_1_382' title='bbox 1370 1023 1457 1059; x_wconf 81' lang='lat' dir='ltr'>adire</span> <span class='ocrx_word' id='word_1_383' title='bbox 1484 1024 1667 1068; x_wconf 75' lang='lat' dir='ltr'>antistitem,</span> <span class='ocrx_word' id='word_1_384' title='bbox 1701 1033 1731 1059; x_wconf 88' lang='lat' dir='ltr'>et</span> <span class='ocrx_word' id='word_1_385' title='bbox 1762 1026 1800 1059; x_wconf 86' lang='lat' dir='ltr'>ab</span> 
     </span>
     <span class='ocr_line' id='line_1_81' title="bbox 1048 1072 1800 1109; baseline 0.004 -4"><span class='ocrx_word' id='word_1_386' title='bbox 1048 1083 1086 1105; x_wconf 80' lang='lat' dir='ltr'>eo</span> <span class='ocrx_word' id='word_1_387' title='bbox 1120 1072 1374 1106; x_wconf 72' lang='lat' dir='ltr'>consecrationes</span> <span class='ocrx_word' id='word_1_388' title='bbox 1406 1080 1436 1107; x_wconf 83' lang='lat' dir='ltr'>et</span> <span class='ocrx_word' id='word_1_389' title='bbox 1468 1081 1661 1107; x_wconf 80' lang='lat' dir='ltr'>sacramenta</span> <span class='ocrx_word' id='word_1_390' title='bbox 1697 1075 1800 1109; x_wconf 78' lang='lat' dir='ltr'>susci-</span> 
     </span>
     <span class='ocr_line' id='line_1_82' title="bbox 1050 1121 1798 1168; baseline 0.007 -16"><span class='ocrx_word' id='word_1_391' title='bbox 1050 1132 1139 1165; x_wconf 85' lang='lat' dir='ltr'>pere:</span> <span class='ocrx_word' id='word_1_392' title='bbox 1176 1121 1368 1167; x_wconf 72' lang='lat' dir='ltr'>sepulturam</span> <span class='ocrx_word' id='word_1_393' title='bbox 1398 1134 1525 1168; x_wconf 88' lang='lat' dir='ltr'>quoque</span> <span class='ocrx_word' id='word_1_394' title='bbox 1548 1123 1637 1157; x_wconf 89' lang='lat' dir='ltr'>istius</span> <span class='ocrx_word' id='word_1_395' title='bbox 1672 1122 1731 1157; x_wconf 88' lang='lat' dir='ltr'>loci</span> <span class='ocrx_word' id='word_1_396' title='bbox 1761 1124 1798 1158; x_wconf 92' lang='lat' dir='ltr'>li-</span> 
     </span>
     <span class='ocr_line' id='line_1_83' title="bbox 1049 1168 1797 1216; baseline 0.005 -13"><span class='ocrx_word' id='word_1_397' title='bbox 1049 1168 1154 1204; x_wconf 79' lang='lat' dir='ltr'>beram</span> <span class='ocrx_word' id='word_1_398' title='bbox 1177 1183 1245 1204; x_wconf 86' lang='lat' dir='ltr'>esse</span> <span class='ocrx_word' id='word_1_399' title='bbox 1268 1171 1396 1204; x_wconf 85' lang='lat' dir='ltr'>omnine</span> <span class='ocrx_word' id='word_1_400' title='bbox 1419 1183 1598 1215; x_wconf 83' lang='lat' dir='ltr'>censemus,</span> <span class='ocrx_word' id='word_1_401' title='bbox 1621 1180 1653 1206; x_wconf 90' lang='lat' dir='ltr'>ut</span> <span class='ocrx_word' id='word_1_402' title='bbox 1675 1184 1797 1216; x_wconf 86' lang='lat' dir='ltr'>eorum,</span> 
     </span>
     <span class='ocr_line' id='line_1_84' title="bbox 1047 1218 1797 1274; baseline 0.009 -24"><span class='ocrx_word' id='word_1_403' title='bbox 1047 1218 1100 1263; x_wconf 89' lang='lat' dir='ltr'>qui</span> <span class='ocrx_word' id='word_1_404' title='bbox 1123 1219 1184 1253; x_wconf 89' lang='lat' dir='ltr'>illic</span> <span class='ocrx_word' id='word_1_405' title='bbox 1205 1219 1329 1274; x_wconf 86' lang='lat' dir='ltr'>sepeliri</span> <span class='ocrx_word' id='word_1_406' title='bbox 1352 1219 1609 1261; x_wconf 71' lang='lat' dir='ltr'>desideraverint,</span> <span class='ocrx_word' id='word_1_407' title='bbox 1636 1221 1695 1255; x_wconf 88' lang='lat' dir='ltr'>nisi</span> <span class='ocrx_word' id='word_1_408' title='bbox 1719 1222 1797 1257; x_wconf 82' lang='lat' dir='ltr'>sorte</span> 
     </span>
     <span class='ocr_line' id='line_1_85' title="bbox 1048 1268 1797 1313; baseline 0.007 -13"><span class='ocrx_word' id='word_1_409' title='bbox 1048 1269 1311 1303; x_wconf 85' lang='lat' dir='ltr'>excommunicati</span> <span class='ocrx_word' id='word_1_410' title='bbox 1339 1268 1467 1313; x_wconf 84' lang='lat' dir='ltr'>fuerint,</span> <span class='ocrx_word' id='word_1_411' title='bbox 1495 1270 1650 1304; x_wconf 69' lang='lat' dir='ltr'>deiotioni</span> <span class='ocrx_word' id='word_1_412' title='bbox 1683 1279 1713 1304; x_wconf 84' lang='lat' dir='ltr'>et</span> <span class='ocrx_word' id='word_1_413' title='bbox 1745 1285 1797 1305; x_wconf 86' lang='lat' dir='ltr'>v-0</span> 
     </span>
     <span class='ocr_line' id='line_1_86' title="bbox 1048 1315 1796 1367; baseline 0.008 -17"><span class='ocrx_word' id='word_1_414' title='bbox 1048 1315 1157 1351; x_wconf 87' lang='lat' dir='ltr'>luntati</span> <span class='ocrx_word' id='word_1_415' title='bbox 1174 1330 1266 1352; x_wconf 64' lang='lat' dir='ltr'>nemo</span> <span class='ocrx_word' id='word_1_416' title='bbox 1275 1318 1414 1352; x_wconf 78' lang='lat' dir='ltr'>obsistat</span> <span class='ocrx_word' id='word_1_417' title='bbox 1431 1318 1654 1353; x_wconf 80' lang='lat' dir='ltr'>Possessiones</span> <span class='ocrx_word' id='word_1_418' title='bbox 1669 1332 1796 1367; x_wconf 80' lang='lat' dir='ltr'>quoque</span> 
     </span>
    </p>
   </div>
   <div class='ocr_carea' id='block_1_15' title="bbox 1045 1367 1889 1471">
    <p class='ocr_par' dir='ltr' id='par_1_18' title="bbox 1045 1367 1889 1465">
     <span class='ocr_line' id='line_1_87' title="bbox 1046 1367 1881 1414; baseline 0.005 -15"><span class='ocrx_word' id='word_1_419' title='bbox 1046 1377 1168 1410; x_wconf 84' lang='lat' dir='ltr'>omnes,</span> <span class='ocrx_word' id='word_1_420' title='bbox 1196 1380 1274 1414; x_wconf 88' lang='lat' dir='ltr'>quas</span> <span class='ocrx_word' id='word_1_421' title='bbox 1297 1368 1379 1401; x_wconf 86' lang='lat' dir='ltr'>iusto</span> <span class='ocrx_word' id='word_1_422' title='bbox 1401 1368 1491 1402; x_wconf 90' lang='lat' dir='ltr'>titulo</span> <span class='ocrx_word' id='word_1_423' title='bbox 1514 1368 1691 1414; x_wconf 84' lang='lat' dir='ltr'>possidetis,</span> <span class='ocrx_word' id='word_1_424' title='bbox 1714 1377 1744 1403; x_wconf 89' lang='lat' dir='ltr'>ct</span> <span class='ocrx_word' id='word_1_425' title='bbox 1764 1384 1795 1404; x_wconf 86' lang='lat' dir='ltr'>m</span> <span class='ocrx_word' id='word_1_426' title='bbox 1829 1367 1851 1412; x_wconf 54' lang='lat'>¹³]</span> <span class='ocrx_word' id='word_1_427' title='bbox 1869 1400 1881 1413; x_wconf 75' lang='grc'>,,</span> 
     </span>
     <span class='ocr_line' id='line_1_88' title="bbox 1045 1414 1889 1471; baseline 0.002 -24"><span class='ocrx_word' id='word_1_428' title='bbox 1045 1414 1184 1449; x_wconf 85' lang='lat' dir='ltr'>lututum</span> <span class='ocrx_word' id='word_1_429' title='bbox 1208 1428 1483 1471; x_wconf 79' lang='lat' dir='ltr'>quorumcumque</span> <span class='ocrx_word' id='word_1_430' title='bbox 1504 1417 1692 1452; x_wconf 53' lang='lat' dir='ltr'>oblatione,</span> <span class='ocrx_word' id='word_1_431' title='bbox 1684 1420 1795 1464; x_wconf 79' lang='lat' dir='ltr'>acqui-</span> <span class='ocrx_word' id='word_1_432' title='bbox 1821 1420 1889 1465; x_wconf 37' lang='lat'>*3⁰:¹¹2*</span> 
     </span>
    </p>
   </div>
   <div class='ocr_carea' id='block_1_16' title="bbox 1039 1463 1828 2691">
    <p class='ocr_par' dir='ltr' id='par_1_19' title="bbox 1039 1463 1794 2691">
     <span class='ocr_line' id='line_1_89' title="bbox 1046 1463 1791 1512; baseline 0.007 -15"><span class='ocrx_word' id='word_1_433' title='bbox 1046 1463 1129 1505; x_wconf 90' lang='lat' dir='ltr'>retis,</span> <span class='ocrx_word' id='word_1_434' title='bbox 1156 1466 1341 1500; x_wconf 84' lang='lat' dir='ltr'>auctoritate</span> <span class='ocrx_word' id='word_1_435' title='bbox 1358 1465 1529 1512; x_wconf 86' lang='lat' dir='ltr'>apostolica</span> <span class='ocrx_word' id='word_1_436' title='bbox 1548 1466 1791 1502; x_wconf 78' lang='lat' dir='ltr'>confirmamus:</span> 
     </span>
     <span class='ocr_line' id='line_1_90' title="bbox 1044 1512 1794 1561; baseline 0.005 -14"><span class='ocrx_word' id='word_1_437' title='bbox 1044 1512 1262 1557; x_wconf 83' lang='lat' dir='ltr'>decernentes,</span> <span class='ocrx_word' id='word_1_438' title='bbox 1284 1514 1369 1561; x_wconf 87' lang='lat' dir='ltr'>quod</span> <span class='ocrx_word' id='word_1_439' title='bbox 1388 1514 1465 1548; x_wconf 90' lang='lat' dir='ltr'>nulli</span> <span class='ocrx_word' id='word_1_440' title='bbox 1481 1516 1610 1550; x_wconf 88' lang='lat' dir='ltr'>omnino</span> <span class='ocrx_word' id='word_1_441' title='bbox 1628 1515 1794 1551; x_wconf 85' lang='lat' dir='ltr'>bominum</span> 
     </span>
     <span class='ocr_line' id='line_1_91' title="bbox 1044 1561 1794 1612; baseline 0.005 -16"><span class='ocrx_word' id='word_1_442' title='bbox 1044 1561 1136 1596; x_wconf 87' lang='lat' dir='ltr'>liceat</span> <span class='ocrx_word' id='word_1_443' title='bbox 1159 1563 1331 1609; x_wconf 82' lang='lat' dir='ltr'>praefatum</span> <span class='ocrx_word' id='word_1_444' title='bbox 1353 1564 1542 1599; x_wconf 86' lang='lat' dir='ltr'>coenobium</span> <span class='ocrx_word' id='word_1_445' title='bbox 1575 1574 1692 1600; x_wconf 87' lang='lat' dir='ltr'>temere</span> <span class='ocrx_word' id='word_1_446' title='bbox 1715 1578 1794 1612; x_wconf 86' lang='lat' dir='ltr'>per-</span> 
     </span>
     <span class='ocr_line' id='line_1_92' title="bbox 1044 1611 1793 1660; baseline 0.007 -15"><span class='ocrx_word' id='word_1_447' title='bbox 1044 1611 1183 1653; x_wconf 84' lang='lat' dir='ltr'>turbare,</span> <span class='ocrx_word' id='word_1_448' title='bbox 1219 1620 1272 1646; x_wconf 88' lang='lat' dir='ltr'>aut</span> <span class='ocrx_word' id='word_1_449' title='bbox 1306 1613 1374 1647; x_wconf 88' lang='lat' dir='ltr'>eius</span> <span class='ocrx_word' id='word_1_450' title='bbox 1407 1614 1626 1660; x_wconf 82' lang='lat' dir='ltr'>possessiones</span> <span class='ocrx_word' id='word_1_451' title='bbox 1660 1614 1793 1658; x_wconf 77' lang='lat' dir='ltr'>auferre,</span> 
     </span>
     <span class='ocr_line' id='line_1_93' title="bbox 1044 1660 1792 1707; baseline 0.007 -14"><span class='ocrx_word' id='word_1_452' title='bbox 1044 1660 1089 1694; x_wconf 75' lang='lat' dir='ltr'>iel</span> <span class='ocrx_word' id='word_1_453' title='bbox 1105 1662 1343 1707; x_wconf 87' lang='lat' dir='ltr'>quomodolibet</span> <span class='ocrx_word' id='word_1_454' title='bbox 1353 1662 1470 1697; x_wconf 85' lang='lat' dir='ltr'>ablatas</span> <span class='ocrx_word' id='word_1_455' title='bbox 1482 1663 1596 1698; x_wconf 89' lang='lat' dir='ltr'>retiner</span> <span class='ocrx_word' id='word_1_456' title='bbox 1599 1677 1626 1704; x_wconf 84' lang='lat' dir='ltr'>e,</span> <span class='ocrx_word' id='word_1_457' title='bbox 1638 1663 1762 1698; x_wconf 85' lang='lat' dir='ltr'>minuet·</span> <span class='ocrx_word' id='word_1_458' title='bbox 1764 1679 1792 1704; x_wconf 77' lang='lat' dir='ltr'>e,</span> 
     </span>
     <span class='ocr_line' id='line_1_94' title="bbox 1042 1710 1790 1766; baseline 0.005 -23"><span class='ocrx_word' id='word_1_459' title='bbox 1042 1717 1094 1743; x_wconf 87' lang='lat' dir='ltr'>aut</span> <span class='ocrx_word' id='word_1_460' title='bbox 1135 1710 1291 1766; x_wconf 72' lang='lat' dir='ltr'>aliquibus</span> <span class='ocrx_word' id='word_1_461' title='bbox 1333 1711 1549 1746; x_wconf 65' lang='lat' dir='ltr'>texationibus</span> <span class='ocrx_word' id='word_1_462' title='bbox 1588 1712 1790 1759; x_wconf 47' lang='lat' dir='ltr'>portur-barm</span> 
     </span>
     <span class='ocr_line' id='line_1_95' title="bbox 1041 1759 1792 1809; baseline 0.005 -17"><span class='ocrx_word' id='word_1_463' title='bbox 1041 1759 1096 1792; x_wconf 88' lang='lat' dir='ltr'>sed</span> <span class='ocrx_word' id='word_1_464' title='bbox 1131 1760 1236 1794; x_wconf 84' lang='lat' dir='ltr'>omnia</span> <span class='ocrx_word' id='word_1_465' title='bbox 1269 1761 1390 1806; x_wconf 79' lang='lat' dir='ltr'>integra</span> <span class='ocrx_word' id='word_1_466' title='bbox 1425 1761 1537 1796; x_wconf 59' lang='lat' dir='ltr'>restris</span> <span class='ocrx_word' id='word_1_467' title='bbox 1564 1769 1594 1795; x_wconf 87' lang='lat' dir='ltr'>et</span> <span class='ocrx_word' id='word_1_468' title='bbox 1617 1773 1792 1809; x_wconf 85' lang='lat' dir='ltr'>pauperum</span> 
     </span>
     <span class='ocr_line' id='line_1_96' title="bbox 1043 1807 1828 1860; baseline 0.005 -19"><span class='ocrx_word' id='word_1_469' title='bbox 1043 1807 1152 1843; x_wconf 90' lang='lat' dir='ltr'>usibus</span> <span class='ocrx_word' id='word_1_470' title='bbox 1184 1817 1410 1844; x_wconf 75' lang='lat' dir='ltr'>conserteutut</span> <span class='ocrx_word' id='word_1_471' title='bbox 1445 1810 1617 1856; x_wconf 44' lang='lat' dir='ltr'>proffilutura</span> <span class='ocrx_word' id='word_1_472' title='bbox 1652 1810 1686 1845; x_wconf 85' lang='lat' dir='ltr'>Si</span> <span class='ocrx_word' id='word_1_473' title='bbox 1720 1824 1828 1860; x_wconf 80' lang='lat' dir='ltr'>quis</span> 
     </span>
     <span class='ocr_line' id='line_1_97' title="bbox 1041 1858 1791 1914; baseline 0.005 -24.005"><span class='ocrx_word' id='word_1_474' title='bbox 1041 1866 1143 1891; x_wconf 85' lang='lat' dir='ltr'>autem</span> <span class='ocrx_word' id='word_1_475' title='bbox 1176 1858 1206 1892; x_wconf 84' lang='lat' dir='ltr'>in</span> <span class='ocrx_word' id='word_1_476' title='bbox 1230 1867 1389 1904; x_wconf 84' lang='lat' dir='ltr'>posterum</span> <span class='ocrx_word' id='word_1_477' title='bbox 1422 1859 1692 1906; x_wconf 72' lang='lat' dir='ltr'>archiepiscopus,</span> <span class='ocrx_word' id='word_1_478' title='bbox 1717 1873 1791 1914; x_wconf 81' lang='lat' dir='ltr'>epr-</span> 
     </span>
     <span class='ocr_line' id='line_1_98' title="bbox 1041 1907 1790 1953; baseline 0.005 -13"><span class='ocrx_word' id='word_1_479' title='bbox 1041 1918 1168 1952; x_wconf 75' lang='lat' dir='ltr'>scopus,</span> <span class='ocrx_word' id='word_1_480' title='bbox 1192 1920 1257 1947; x_wconf 82' lang='lat' dir='ltr'>rex,</span> <span class='ocrx_word' id='word_1_481' title='bbox 1280 1908 1361 1947; x_wconf 82' lang='lat' dir='ltr'>dux,</span> <span class='ocrx_word' id='word_1_482' title='bbox 1385 1907 1430 1942; x_wconf 72' lang='lat' dir='ltr'>iel</span> <span class='ocrx_word' id='word_1_483' title='bbox 1460 1920 1585 1953; x_wconf 87' lang='lat' dir='ltr'>comes,</span> <span class='ocrx_word' id='word_1_484' title='bbox 1609 1908 1654 1944; x_wconf 87' lang='lat' dir='ltr'>vel</span> <span class='ocrx_word' id='word_1_485' title='bbox 1682 1921 1790 1944; x_wconf 87' lang='lat' dir='ltr'>curus-</span> 
     </span>
     <span class='ocr_line' id='line_1_99' title="bbox 1040 1954 1791 2005; baseline 0.005 -17"><span class='ocrx_word' id='word_1_486' title='bbox 1040 1954 1115 1989; x_wconf 90' lang='lat' dir='ltr'>libet</span> <span class='ocrx_word' id='word_1_487' title='bbox 1158 1956 1278 1991; x_wconf 84' lang='lat' dir='ltr'>ordinis</span> <span class='ocrx_word' id='word_1_488' title='bbox 1316 1958 1481 2003; x_wconf 80' lang='lat' dir='ltr'>princeps,</span> <span class='ocrx_word' id='word_1_489' title='bbox 1530 1970 1585 1992; x_wconf 85' lang='lat' dir='ltr'>seu</span> <span class='ocrx_word' id='word_1_490' title='bbox 1632 1958 1791 2005; x_wconf 78' lang='lat' dir='ltr'>quaelibet</span> 
     </span>
     <span class='ocr_line' id='line_1_100' title="bbox 1039 2004 1790 2053; baseline 0.004 -15"><span class='ocrx_word' id='word_1_491' title='bbox 1039 2004 1250 2039; x_wconf 85' lang='lat' dir='ltr'>ecclesiastica</span> <span class='ocrx_word' id='word_1_492' title='bbox 1282 2006 1490 2041; x_wconf 82' lang='lat' dir='ltr'>saecularisve</span> <span class='ocrx_word' id='word_1_493' title='bbox 1522 2019 1675 2053; x_wconf 85' lang='lat' dir='ltr'>persona,</span> <span class='ocrx_word' id='word_1_494' title='bbox 1708 2007 1790 2041; x_wconf 86' lang='lat' dir='ltr'>hanc</span> 
     </span>
     <span class='ocr_line' id='line_1_101' title="bbox 1040 2055 1791 2101; baseline 0.004 -14"><span class='ocrx_word' id='word_1_495' title='bbox 1040 2055 1272 2088; x_wconf 85' lang='lat' dir='ltr'>constitutionis</span> <span class='ocrx_word' id='word_1_496' title='bbox 1287 2062 1411 2089; x_wconf 82' lang='lat' dir='ltr'>nostrae</span> <span class='ocrx_word' id='word_1_497' title='bbox 1425 2056 1526 2101; x_wconf 52' lang='lat' dir='ltr'>paginx</span> <span class='ocrx_word' id='word_1_498' title='bbox 1519 2068 1567 2089; x_wconf 76' lang='lat' dir='ltr'>am</span> <span class='ocrx_word' id='word_1_499' title='bbox 1585 2056 1698 2099; x_wconf 83' lang='lat' dir='ltr'>sciens,</span> <span class='ocrx_word' id='word_1_500' title='bbox 1718 2068 1791 2090; x_wconf 89' lang='lat' dir='ltr'>con-</span> 
     </span>
     <span class='ocr_line' id='line_1_102' title="bbox 1041 2111 1789 2145; baseline 0.001 -8"><span class='ocrx_word' id='word_1_501' title='bbox 1041 2111 1083 2137; x_wconf 86' lang='lat' dir='ltr'>tra</span> <span class='ocrx_word' id='word_1_502' title='bbox 1100 2115 1167 2137; x_wconf 83' lang='lat' dir='ltr'>eam</span> <span class='ocrx_word' id='word_1_503' title='bbox 1188 2111 1305 2138; x_wconf 86' lang='lat' dir='ltr'>temere</span> <span class='ocrx_word' id='word_1_504' title='bbox 1324 2116 1429 2138; x_wconf 77' lang='lat' dir='ltr'>venire</span> <span class='ocrx_word' id='word_1_505' title='bbox 1444 2111 1618 2145; x_wconf 78' lang='lat' dir='ltr'>tentaverit,</span> <span class='ocrx_word' id='word_1_506' title='bbox 1640 2113 1671 2139; x_wconf 85' lang='lat' dir='ltr'>et</span> <span class='ocrx_word' id='word_1_507' title='bbox 1685 2117 1709 2138; x_wconf 78' lang='lat' dir='ltr'>st</span> <span class='ocrx_word' id='word_1_508' title='bbox 1726 2117 1789 2139; x_wconf 86' lang='lat' dir='ltr'>non</span> 
     </span>
     <span class='ocr_line' id='line_1_103' title="bbox 1039 2151 1786 2198; baseline 0.003 -13"><span class='ocrx_word' id='word_1_509' title='bbox 1039 2151 1144 2186; x_wconf 88' lang='lat' dir='ltr'>subito</span> <span class='ocrx_word' id='word_1_510' title='bbox 1166 2152 1377 2187; x_wconf 76' lang='lat' dir='ltr'>satisfactione</span> <span class='ocrx_word' id='word_1_511' title='bbox 1397 2165 1535 2198; x_wconf 77' lang='lat' dir='ltr'>congrua</span> <span class='ocrx_word' id='word_1_512' title='bbox 1557 2153 1786 2194; x_wconf 77' lang='lat' dir='ltr'>emendaverit,</span> 
     </span>
     <span class='ocr_line' id='line_1_104' title="bbox 1040 2201 1787 2249; baseline 0.003 -15"><span class='ocrx_word' id='word_1_513' title='bbox 1040 2201 1201 2247; x_wconf 84' lang='lat' dir='ltr'>potcstatis</span> <span class='ocrx_word' id='word_1_514' title='bbox 1223 2202 1415 2248; x_wconf 81' lang='lat' dir='ltr'>honorisque</span> <span class='ocrx_word' id='word_1_515' title='bbox 1436 2202 1483 2235; x_wconf 91' lang='lat' dir='ltr'>sui</span> <span class='ocrx_word' id='word_1_516' title='bbox 1506 2210 1609 2236; x_wconf 82' lang='lat' dir='ltr'>careat</span> <span class='ocrx_word' id='word_1_517' title='bbox 1623 2202 1787 2249; x_wconf 80' lang='lat' dir='ltr'>dignitate,</span> 
     </span>
     <span class='ocr_line' id='line_1_105' title="bbox 1040 2250 1787 2296; baseline 0.003 -13"><span class='ocrx_word' id='word_1_518' title='bbox 1040 2261 1187 2296; x_wconf 88' lang='lat' dir='ltr'>reamque</span> <span class='ocrx_word' id='word_1_519' title='bbox 1221 2262 1254 2284; x_wconf 87' lang='lat' dir='ltr'>se</span> <span class='ocrx_word' id='word_1_520' title='bbox 1287 2250 1394 2284; x_wconf 74' lang='lat' dir='ltr'>divino</span> <span class='ocrx_word' id='word_1_521' title='bbox 1428 2250 1544 2285; x_wconf 88' lang='lat' dir='ltr'>iudicio</span> <span class='ocrx_word' id='word_1_522' title='bbox 1579 2251 1712 2286; x_wconf 80' lang='lat' dir='ltr'>existere</span> <span class='ocrx_word' id='word_1_523' title='bbox 1748 2251 1787 2285; x_wconf 87' lang='lat' dir='ltr'>de</span> 
     </span>
     <span class='ocr_line' id='line_1_106' title="bbox 1040 2299 1788 2345; baseline 0.004 -14"><span class='ocrx_word' id='word_1_524' title='bbox 1040 2307 1215 2345; x_wconf 83' lang='lat' dir='ltr'>perpetrata</span> <span class='ocrx_word' id='word_1_525' title='bbox 1238 2299 1401 2345; x_wconf 82' lang='lat' dir='ltr'>iniquitate</span> <span class='ocrx_word' id='word_1_526' title='bbox 1427 2308 1607 2344; x_wconf 77' lang='lat' dir='ltr'>cognoscat,</span> <span class='ocrx_word' id='word_1_527' title='bbox 1634 2307 1664 2334; x_wconf 92' lang='lat' dir='ltr'>et</span> <span class='ocrx_word' id='word_1_528' title='bbox 1692 2312 1707 2333; x_wconf 88' lang='lat' dir='ltr'>a</span> <span class='ocrx_word' id='word_1_529' title='bbox 1736 2312 1788 2334; x_wconf 88' lang='lat' dir='ltr'>sa-</span> 
     </span>
     <span class='ocr_line' id='line_1_107' title="bbox 1039 2347 1786 2394; baseline 0.003 -14"><span class='ocrx_word' id='word_1_530' title='bbox 1039 2347 1215 2381; x_wconf 83' lang='lat' dir='ltr'>cratissimo</span> <span class='ocrx_word' id='word_1_531' title='bbox 1248 2347 1389 2394; x_wconf 86' lang='lat' dir='ltr'>Corpore</span> <span class='ocrx_word' id='word_1_532' title='bbox 1417 2355 1446 2381; x_wconf 88' lang='lat' dir='ltr'>et</span> <span class='ocrx_word' id='word_1_533' title='bbox 1474 2348 1636 2393; x_wconf 84' lang='lat' dir='ltr'>Sanguine</span> <span class='ocrx_word' id='word_1_534' title='bbox 1658 2348 1786 2382; x_wconf 88' lang='lat' dir='ltr'>Domini</span> 
     </span>
     <span class='ocr_line' id='line_1_108' title="bbox 1039 2395 1788 2443; baseline 0.004 -14"><span class='ocrx_word' id='word_1_535' title='bbox 1039 2395 1095 2430; x_wconf 83' lang='lat' dir='ltr'>Dei</span> <span class='ocrx_word' id='word_1_536' title='bbox 1119 2396 1216 2430; x_wconf 83' lang='grc' dir='ltr'>ιιο5ιιι</span> <span class='ocrx_word' id='word_1_537' title='bbox 1236 2395 1457 2443; x_wconf 88' lang='lat' dir='ltr'>Redemptoris</span> <span class='ocrx_word' id='word_1_538' title='bbox 1471 2396 1540 2431; x_wconf 89' lang='lat' dir='ltr'>Iesu</span> <span class='ocrx_word' id='word_1_539' title='bbox 1556 2396 1672 2431; x_wconf 86' lang='lat' dir='ltr'>Christi</span> <span class='ocrx_word' id='word_1_540' title='bbox 1687 2397 1788 2432; x_wconf 88' lang='lat' dir='ltr'>aliena</span> 
     </span>
     <span class='ocr_line' id='line_1_109' title="bbox 1040 2445 1787 2491; baseline 0.003 -13"><span class='ocrx_word' id='word_1_541' title='bbox 1040 2445 1102 2486; x_wconf 84' lang='lat' dir='ltr'>fiat,</span> <span class='ocrx_word' id='word_1_542' title='bbox 1125 2453 1215 2491; x_wconf 88' lang='lat' dir='ltr'>atque</span> <span class='ocrx_word' id='word_1_543' title='bbox 1238 2445 1266 2478; x_wconf 90' lang='lat' dir='ltr'>in</span> <span class='ocrx_word' id='word_1_544' title='bbox 1290 2453 1430 2479; x_wconf 85' lang='lat' dir='ltr'>extremo</span> <span class='ocrx_word' id='word_1_545' title='bbox 1454 2445 1596 2480; x_wconf 86' lang='lat' dir='ltr'>examine</span> <span class='ocrx_word' id='word_1_546' title='bbox 1626 2445 1787 2481; x_wconf 86' lang='lat' dir='ltr'>districtae</span> 
     </span>
     <span class='ocr_line' id='line_1_110' title="bbox 1040 2493 1784 2530; baseline 0.001 -3"><span class='ocrx_word' id='word_1_547' title='bbox 1040 2494 1150 2528; x_wconf 87' lang='lat' dir='ltr'>ultioni</span> <span class='ocrx_word' id='word_1_548' title='bbox 1185 2493 1356 2528; x_wconf 82' lang='lat' dir='ltr'>subiaceat.</span> <span class='ocrx_word' id='word_1_549' title='bbox 1385 2494 1518 2528; x_wconf 90' lang='lat' dir='ltr'>Cunctis</span> <span class='ocrx_word' id='word_1_550' title='bbox 1551 2503 1653 2529; x_wconf 84' lang='lat' dir='ltr'>autem</span> <span class='ocrx_word' id='word_1_551' title='bbox 1681 2495 1784 2530; x_wconf 83' lang='lat' dir='ltr'>eidem</span> 
     </span>
     <span class='ocr_line' id='line_1_111' title="bbox 1040 2542 1784 2589; baseline 0 -12"><span class='ocrx_word' id='word_1_552' title='bbox 1040 2543 1109 2577; x_wconf 84' lang='lat' dir='ltr'>loeo</span> <span class='ocrx_word' id='word_1_553' title='bbox 1143 2543 1222 2576; x_wconf 85' lang='lat' dir='ltr'>iusta</span> <span class='ocrx_word' id='word_1_554' title='bbox 1257 2542 1454 2577; x_wconf 75' lang='lat' dir='ltr'>servantibus</span> <span class='ocrx_word' id='word_1_555' title='bbox 1489 2544 1529 2577; x_wconf 88' lang='lat' dir='ltr'>sit</span> <span class='ocrx_word' id='word_1_556' title='bbox 1565 2555 1623 2589; x_wconf 81' lang='lat' dir='ltr'>pax</span> <span class='ocrx_word' id='word_1_557' title='bbox 1657 2544 1784 2578; x_wconf 82' lang='lat' dir='ltr'>Domini</span> 
     </span>
     <span class='ocr_line' id='line_1_112' title="bbox 1040 2591 1783 2638; baseline 0.003 -14"><span class='ocrx_word' id='word_1_558' title='bbox 1040 2592 1136 2626; x_wconf 72' lang='lat' dir='ltr'>nostr-i</span> <span class='ocrx_word' id='word_1_559' title='bbox 1164 2591 1232 2624; x_wconf 71' lang='lat' dir='ltr'>lesu</span> <span class='ocrx_word' id='word_1_560' title='bbox 1261 2591 1395 2629; x_wconf 81' lang='lat' dir='ltr'>Christi;</span> <span class='ocrx_word' id='word_1_561' title='bbox 1418 2600 1574 2638; x_wconf 83' lang='lat' dir='ltr'>quatenus</span> <span class='ocrx_word' id='word_1_562' title='bbox 1595 2600 1625 2626; x_wconf 88' lang='lat' dir='ltr'>ct</span> <span class='ocrx_word' id='word_1_563' title='bbox 1646 2592 1698 2627; x_wconf 88' lang='lat' dir='ltr'>hic</span> <span class='ocrx_word' id='word_1_564' title='bbox 1716 2592 1783 2626; x_wconf 84' lang='lat' dir='ltr'>sru-</span> 
     </span>
     <span class='ocr_line' id='line_1_113' title="bbox 1039 2639 1786 2691; baseline 0.001 -15"><span class='ocrx_word' id='word_1_565' title='bbox 1039 2651 1121 2676; x_wconf 81' lang='lat' dir='ltr'>ctum</span> <span class='ocrx_word' id='word_1_566' title='bbox 1147 2639 1245 2674; x_wconf 71' lang='lat' dir='ltr'>bonae</span> <span class='ocrx_word' id='word_1_567' title='bbox 1272 2641 1404 2675; x_wconf 74' lang='lat' dir='ltr'>actionis</span> <span class='ocrx_word' id='word_1_568' title='bbox 1427 2642 1673 2690; x_wconf 44' lang='lat' dir='ltr'>percipiantset</span> <span class='ocrx_word' id='word_1_569' title='bbox 1702 2641 1786 2691; x_wconf 82' lang='lat' dir='ltr'>apud</span> 
     </span>
    </p>
   </div>
   <div class='ocr_carea' id='block_1_17' title="bbox 1817 1336 2008 1470">
    <p class='ocr_par' dir='ltr' id='par_1_20' title="bbox 1817 1336 2008 1470">
     <span class='ocr_line' id='line_1_114' title="bbox 1817 1336 2008 1470; baseline 0 1735"><span class='ocrx_word' id='word_1_570' title='bbox 1817 1336 2008 1470; x_wconf 95' lang='lat' dir='ltr'> </span> 
     </span>
    </p>
   </div>
   <div class='ocr_carea' id='block_1_18' title="bbox 1845 1818 2002 1839">
    <p class='ocr_par' dir='ltr' id='par_1_21' title="bbox 1845 1818 2002 1839">
     <span class='ocr_line' id='line_1_115' title="bbox 1845 1818 2002 1839; baseline 0.006 -1"><span class='ocrx_word' id='word_1_571' title='bbox 1845 1818 1925 1838; x_wconf 74' lang='lat' dir='ltr'>solitae</span> <span class='ocrx_word' id='word_1_572' title='bbox 1946 1819 2002 1839; x_wconf 75' lang='lat' dir='ltr'>clau-</span> 
     </span>
    </p>
   </div>
  </div>
 </body>
</html>
