2180 3205
789 187 989 216 PRAEFATIO
1596 189 1692 214 xxvn

89 260 107 282 ε
132 246 347 283 committere
375 246 509 289 lubeat,
537 247 648 295 ipsos,
675 247 758 283 dum
786 253 865 283 actu
891 246 1003 282 officio
1031 247 1079 282 illi
1107 248 1268 285 obeundo
1301 258 1444 296 operam
1472 246 1690 294 impendent.

88 316 106 339 ι
131 315 151 339 a
176 303 324 340 choralis
350 303 478 340 servitii
506 316 610 341 onere
638 304 685 340 ita
711 316 773 352 pro
800 310 859 340 tuo
886 303 1029 340 arbitrio
1056 316 1096 340 ac
1124 306 1309 352 prudentia
1337 305 1538 352 dispensare
1561 303 1684 343 valeas,

86 374 105 398 ι
130 373 170 398 ac
196 361 224 397 si
251 372 372 409 reapse
410 362 515 398 choro
552 362 769 398 interessent.
806 361 881 403 Qua
907 362 1049 409 quidem
1086 374 1121 397 re
1155 363 1306 410 plurima
1334 363 1502 398 hactenus
1531 361 1564 396 in
1595 361 1685 396 hane

85 432 102 454 ι
128 419 271 455 Bullarii
298 419 502 462 editionem,
530 420 681 456 exhibita
713 419 924 467 apostolicae
951 419 1174 467 benignitatis
1203 427 1418 467 argumenta,
1447 431 1546 462 nove,
1573 430 1684 466 eoque

84 489 102 512 α
127 476 354 524 amplissimo,
382 483 546 525 paternae
572 477 815 514 sollicitudinis
842 477 985 524 pignore
1012 478 1106 513 auxit
1133 483 1236 525 atque
1264 478 1451 513 cuinulavit
1484 494 1513 512 υ.

125 533 166 570 Χ.
193 534 287 576 Quae
308 535 351 571 de
372 535 520 572 Romani
541 535 683 571 Bullarii
698 535 863 581 dignitate
884 547 923 570 ac
943 535 1154 583 praestantia
1174 535 1353 578 hactenus,
1371 535 1517 571 candide
1548 536 1681 578 Lector,
1703 536 1921 592 rugloffigffsoffg

78 592 222 640 praefati
249 604 393 637 sumus,
421 605 460 628 ea
487 592 695 629 adumbrata
733 592 848 640 potius
886 604 992 640 quam
1020 593 1121 640 plene
1149 593 1303 640 exposita
1330 599 1408 628 sunt
1439 592 1682 628 existimanda.
1702 576 1883 631 expositnmrr‘i-

77 648 184 686 Nobis
211 650 305 686 enim
331 662 448 687 sacrae
476 650 710 698 prosanaeque
737 650 940 685 eruditionis
967 650 1175 686 latissimum
1202 662 1365 698 campum
1399 649 1680 688 excurrentibus,

77 717 148 744 non
174 718 307 755 paucae
334 708 499 756 pagellae,
526 708 586 743 sed
614 708 787 754 integrum
814 707 1108 743 conscribendum
1135 708 1297 743 volumen
1327 707 1455 750 suisset,
1483 716 1521 742 ut
1558 719 1679 742 eruum

77 770 203 812 partes,
229 777 318 812 quae
343 766 580 813 amplissimae
607 772 687 801 sunt
715 765 923 812 cognitaque
944 766 1176 804 delectabiles,
1196 766 1379 801 enucleare
1400 765 1583 801 commode
1605 778 1685 812 pos-

76 833 205 860 semus.
232 823 349 859 Pauca
377 823 604 859 nihilominus
622 853 630 867 ,
657 835 746 871 quae
773 836 895 860 sumus
922 823 1078 871 loquuti,
1106 823 1308 859 huiusmodi
1342 835 1416 859 esse
1444 823 1685 859 arbitramur.

75 891 165 927 quae
191 891 262 916 non
289 880 485 929 improbata
524 881 657 925 doctis,
685 881 728 917 ab
754 881 918 917 omnibus
944 881 1036 916 bona
1063 881 1162 917 venia
1201 887 1383 928 acceptum
1418 880 1458 915 iri
1486 892 1681 927 speramus.

74 936 246 974 Maximus
273 950 351 975 vero
378 939 519 982 fructus,
547 939 582 974 ni
611 945 727 975 nostra
755 950 818 975 nos
845 939 928 974 t'allit
957 939 1086 986 opinio,
1114 939 1287 987 expositae
1316 950 1336 974 a
1362 938 1462 973 nobis
1483 938 1678 974 sententiae

75 995 133 1032 hic
145 995 338 1045 apparebit,
356 996 384 1032 si
404 1008 490 1044 opus
511 997 577 1033 hoc
595 1008 762 1044 magnum
782 1008 852 1033 non
873 997 986 1033 solum
1012 997 1205 1043 theologiae
1232 1007 1483 1043 sacrorumque
1503 1007 1678 1031 canonum

74 1053 243 1097 studiosi,
269 1054 330 1090 sed
357 1054 463 1090 etiam
489 1054 547 1102 qui
575 1055 610 1090 in
638 1054 863 1090 humaniores
901 1055 1102 1102 disciplinas
1137 1054 1346 1090 incumbunt
1374 1053 1546 1100 excipient
1574 1054 1678 1100 aequi

74 1110 235 1159 bonique.
256 1111 372 1153 Quum
392 1112 486 1148 enim
507 1113 731 1149 vehementer
750 1112 945 1160 cupiamus,
966 1124 1088 1148 omnes
1108 1112 1216 1155 illam,
1235 1123 1340 1159 quam
1368 1123 1430 1147 nos
1450 1111 1682 1146 inenarrabili

74 1167 145 1204 Deo
171 1168 340 1205 beneficio
367 1181 387 1205 a
413 1170 528 1217 pueris
554 1170 735 1205 hausimus
756 1170 790 1204 in
812 1170 919 1217 ipsius
946 1169 1142 1205 Catholicae
1172 1169 1343 1205 Ecclesiae
1363 1169 1454 1212 sinu,
1476 1169 1583 1204 fidem
1601 1180 1679 1204 ani-

75 1225 190 1274 plecti,
227 1225 323 1262 illam
361 1227 449 1263 tueri
486 1227 725 1275 profiterique,
753 1227 888 1263 etiamsi
916 1239 1047 1275 pro-ea
1074 1227 1162 1263 mori
1198 1239 1338 1263 necesse
1373 1227 1477 1270 soret3
1510 1225 1679 1261 ineffabili

76 1280 244 1330 angimur
263 1285 436 1320 moestitia
462 1285 596 1332 quoties
617 1291 735 1321 nostra
754 1285 872 1320 leviter
898 1285 1084 1333 inepteque
1114 1284 1269 1327 iudicari,
1297 1284 1472 1332 impieque
1500 1284 1680 1319 dilacerari

75 1339 120 1375 ab
145 1340 187 1376 iis
212 1341 388 1384 videmus,
421 1342 480 1389 qui
510 1343 559 1378 vel
587 1349 785 1378 nostrarum
812 1354 929 1378 rerum
957 1342 1077 1388 ignari,
1104 1342 1156 1377 vel
1183 1342 1316 1377 ratione
1344 1342 1513 1389 perversis
1540 1341 1680 1388 opinio—

76 1397 178 1433 nibus
205 1398 359 1447 abrepta,
386 1399 471 1434 dum
497 1399 597 1435 silere
625 1405 811 1447 oporteret,
838 1400 1029 1446 loquuntur
1055 1399 1248 1441 mendacia,
1268 1399 1539 1441 calumniantur,
1559 1410 1681 1446 asper-

75 1460 214 1499 nantur,
240 1455 415 1492 lacessunt
442 1457 644 1492 maledictis.
685 1457 988 1493 Humanissimum
1026 1457 1119 1492 enim
1148 1468 1187 1492 ae
1222 1456 1372 1492 iustitiae
1407 1456 1552 1503 plenum
1579 1457 1681 1492 nobis

74 1511 210 1548 videtur
243 1513 377 1549 veritati
416 1514 628 1562 ubicumque
667 1515 838 1550 honorem
865 1515 1027 1550 exhibere
1054 1526 1095 1551 ac
1125 1514 1380 1550 observantiam
1407 1514 1579 1561 profiteri:
1610 1527 1677 1561 quo

73 1580 177 1618 saepe
202 1571 333 1607 factum
359 1578 422 1615 est,
442 1578 480 1608 ut
500 1573 558 1621 qui
578 1579 680 1608 antea
699 1573 818 1608 iniusti
840 1579 955 1609 essent
981 1585 1100 1609 rerum
1126 1572 1375 1611 aestimatores,
1404 1577 1508 1618 atque
1527 1572 1563 1606 in
1583 1572 1678 1608 illam

71 1628 206 1664 scelesti
233 1640 274 1665 ao
299 1629 419 1666 furiosi
446 1636 598 1673 ruerent,
625 1631 770 1666 meliora
798 1636 918 1678 postea
944 1631 1067 1674 edocti,
1096 1631 1186 1666 male
1212 1636 1351 1677 partum
1368 1658 1376 1673 ,
1404 1629 1493 1665 male
1521 1635 1676 1676 gestum,

70 1685 160 1722 male
195 1686 376 1723 detentum
411 1688 536 1724 erroris
563 1688 752 1736 imperium
779 1688 1025 1731 abdicaverint,
1053 1694 1086 1724 et
1113 1689 1148 1723 iu
1175 1687 1358 1735 pristinam
1384 1687 1499 1722 lucem
1527 1686 1677 1733 dignita-

69 1748 210 1791 temque
235 1756 273 1780 se
298 1745 557 1789 vindicaverint,
596 1758 637 1781 ex
673 1746 952 1794 persecutoribus
982 1759 1071 1782 vasa
1097 1745 1276 1782 electionis
1303 1745 1431 1780 effecti.

117 1800 253 1845 Deum,
289 1802 375 1838 dum
413 1804 499 1840 haec
541 1803 749 1847 scribimus,
796 1805 895 1840 enixe
939 1816 1078 1840 oramus
1124 1810 1184 1844 ut,
1221 1803 1368 1851 depulsa
1405 1803 1448 1838 ab
1486 1802 1671 1838 homiuum

69 1858 245 1896 mentibus
272 1860 430 1907 caligine,
469 1861 859 1909 cordibusqueeorum
886 1862 1002 1897 Sancti
1029 1861 1177 1909 Spiritus
1205 1861 1284 1908 igne
1314 1860 1503 1903 succensis,
1534 1860 1674 1896 videant

68 1916 220 1953 universi
247 1917 437 1962 veritatem,
463 1919 611 1955 videndo
649 1919 854 1966 intelligant,
891 1920 1116 1966 intelligendo
1143 1919 1420 1966 complectantur
1454 1924 1487 1954 et
1514 1918 1672 1964 diligant.

69 1973 135 2015 Qui
161 1974 190 2010 si
215 1975 367 2012 illuxerit
398 1977 495 2020 dies,
532 1989 600 2024 quo
637 1977 673 2012 in
711 1977 877 2013 Vaticano
920 1983 1038 2024 monte
1079 1977 1174 2013 sidus
1214 1977 1300 2012 illud
1336 1976 1507 2022 fulgidum
1550 1987 1673 2011 omnes

71 2031 231 2068 homines
267 2033 303 2069 in
343 2034 434 2070 viam
471 2035 592 2071 salutis
631 2042 665 2070 et
700 2035 736 2070 in
773 2035 934 2071 semitam
981 2035 1226 2071 mandatorum
1270 2033 1410 2069 Domini
1455 2040 1649 2081 sequantur
1669 2062 1678 2073 ,

70 2094 155 2125 tunc
193 2090 337 2127 demum
373 2104 445 2128 uno
472 2104 530 2128 ore
569 2093 668 2128 fateri
705 2098 870 2140 cogentur
908 2093 1147 2128 Romanorum
1193 2092 1404 2128 Pontificum
1445 2092 1480 2126 in
1519 2091 1672 2127 Ecclesia

69 2145 147 2183 Iesu
178 2146 304 2183 Christi
344 2149 621 2185 administranda
659 2150 866 2197 sapientiam
895 2156 928 2185 et
960 2150 1206 2198 prudentiam,
1245 2150 1278 2184 in
1317 2148 1554 2185 refraenandis
1583 2148 1670 2183 vitiis

69 2203 186 2249 robur,
213 2205 250 2240 in
277 2205 433 2242 docendo
460 2207 765 2254 infallibilitatem,
792 2208 828 2243 in
856 2208 1077 2243 admonendo
1104 2207 1366 2254 benignitatem,
1394 2207 1429 2241 in
1457 2206 1671 2241 adducendis

70 2262 114 2298 ad
139 2263 288 2299 salutem
315 2264 511 2300 errantibus
538 2265 663 2308 zelum,
690 2265 795 2301 fidem
822 2265 858 2300 in
886 2265 1058 2301 credendo
1086 2265 1336 2312 incorruptam,
1363 2276 1461 2312 spem
1488 2264 1525 2298 in
1561 2263 1672 2299 Deum

68 2319 318 2365 firmissimam,
345 2321 380 2357 in
407 2333 529 2358 omnes
557 2323 771 2359 charitatem.
800 2323 902 2358 Hunc
934 2335 974 2359 ex
1010 2323 1127 2358 animo
1150 2323 1248 2358 ⁴diem
1274 2321 1360 2370 votis
1387 2332 1562 2367 urgemus,
1590 2333 1670 2368 quo,

67 2376 163 2413 iuxta
199 2378 355 2415 divinum
392 2380 590 2422 oraculum,
618 2380 819 2416 hominibus
853 2392 971 2417 vocem
1009 2380 1157 2417 Romani
1184 2379 1363 2416 Pontificis
1390 2379 1491 2414 unice
1522 2378 1669 2414 audien-

66 2434 181 2480 tibus,
218 2436 278 2484 qui
314 2448 412 2473 sacra
438 2437 515 2473 Iesu
554 2437 678 2473 Christi
707 2438 777 2473 vice
804 2438 839 2473 in
878 2439 976 2474 terris
1003 2438 1223 2485 defungitur,
1260 2437 1321 2483 fiet
1364 2448 1467 2473 unum
1506 2436 1596 2472 ovile
1633 2443 1668 2472 et

65 2504 155 2529 unus
177 2500 299 2542 pascor
326 2497 366 2530 (¹¹.
1405 2502 1408 2504 ’

104 2586 142 2621 (1)
160 2586 249 2620 lom„
264 2596 288 2621 x,
308 2589 350 2615 16.

1118 2677 1211 2707 ortssts
1232 2676 1406 2708 ttffluttnsas
1428 2676 1584 2706 culmontis
