2180 3205
166 281 213 307 An.
235 279 263 306 C.
280 278 349 307 1073

194 1352 240 1373 prm
251 1351 334 1372 omium.

238 2254 345 2275 Gaeiie‘rsdi

175 2286 209 2298 *Μ’
221 2287 243 2298 ti<
264 2286 283 2300 ln
303 2287 359 2301 inva-

180 2307 243 2327 tenda
254 2306 357 2328 Ecclesia.

430 262 476 297 ssO

375 328 454 363 nalis
485 335 515 362 et
537 322 785 365 bibliothecarii,
810 332 892 355 anno
916 319 1017 365 primo
1041 330 1125 365 pon-

373 378 508 412 tificatus
535 374 642 409 domui
668 370 812 416 Gregorii
839 368 894 402 vlt
929 368 1046 414 Papae,
1076 367 1125 400 in-

374 426 515 460 dictione
543 436 589 457 xi.

452 481 514 510 Dat.
533 480 579 510 die
602 479 612 507 t
635 476 704 507 maii
723 484 799 505 anno
818 473 934 504 Domini
954 473 1045 509 1073,

552 517 655 558 pontif.
675 515 809 554 Gregorii
832 523 908 544 anno
927 522 946 543 1.

732 633 786 668 ΙΙΙ.

374 710 688 745 &communicatum
707 719 726 741 α
747 719 777 740 se
798 707 964 740 denunciat
990 705 1126 750 Golesre-

423 762 497 794 dum
528 758 766 792 Mediolanensis
805 756 961 789 Ecclesiae
991 766 1125 800 usurpa·

422 817 516 843 torem
544 809 609 851 (l).

647 873 861 906 SUMMARlUM

374 939 562 971 Prooemium.
575 936 774 968 —Gotet'redi
793 935 891 966 scelus
914 936 943 964 in
963 935 1126 965 invadenda

413 979 556 1010 Ecclesia.
585 994 625 1000 —-
655 978 678 1006 A
710 976 820 1016 synodo
847 975 999 1013 depositus
1023 979 1051 1004 et
1079 984 1128 1004 ex-

414 1018 661 1049 communicatus.
680 1033 720 1039 -
736 1016 836 1045 Eidem
855 1015 938 1044 nullo
955 1019 1039 1054 pacto
1057 1023 1129 1044 con-

413 1058 613 1090 sentiendum.

374 1121 500 1160 Gregorius
521 1121 641 1159 episcopus
663 1127 740 1148 servus
757 1126 873 1147 serrorum
888 1117 928 1146 Dei
945 1116 1052 1146 omuibus
1067 1116 1129 1145 fitte-

413 1165 474 1195 libus
496 1165 572 1194 Sancti
598 1163 660 1192 Petri
682 1163 839 1201 apostolorum
859 1161 968 1200 principis
990 1161 1013 1190 iu
1036 1160 1128 1199 Lougo-

415 1208 494 1238 bardia
509 1206 716 1245 commorantibus,
728 1207 826 1241 salutent
849 1210 871 1236 et
888 1206 1040 1244 apostolicam
1059 1205 1129 1235 bene-

415 1253 551 1283 dictionem.

423 1315 511 1350 Scire
528 1328 581 1350 vos
602 1315 685 1359 volo,
704 1314 814 1349 fratres
836 1313 1026 1352 charissimi,
1043 1312 1128 1359 quod

376 1365 515 1400 etmulti
539 1373 676 1399 vestrum
705 1364 827 1403 sciunt;
850 1363 922 1410 quia
947 1363 976 1396 in
1000 1375 1037 1396 eo
1061 1363 1129 1396 loco

374 1415 468 1461 positi
491 1426 615 1457 sumus,
639 1423 682 1454 nt,
716 1413 849 1446 velimus
873 1412 1030 1454 nolimus,
1059 1423 1130 1445 om-

374 1463 470 1498 nibus
492 1463 641 1508 gentihus
665 1462 798 1496 maxime
820 1460 1019 1503 christianis,
1048 1461 1129 1493 veri-

378 1520 474 1546 tatem
505 1519 536 1546 et
559 1512 709 1546 iustitiam
741 1510 934 1545 annunciare
956 1509 1130 1555 compella-

378 1574 461 1601 mur,
484 1560 609 1594 dicente
632 1560 785 1595 Domino:
809 1558 917 1594 Clama
941 1571 979 1592 ne
1008 1570 1128 1592 cesses:

377 1610 465 1657 quasi
482 1609 554 1644 tuba
572 1609 672 1644 exalta
686 1621 793 1644 vocem
810 1616 907 1647 tuam,
925 1615 956 1641 et
971 1607 1128 1641 annuncia

376 1659 495 1706 populo
517 1671 589 1693 meo
612 1658 728 1693 scelera
756 1670 865 1692 corum
888 1660 939 1700 (a).
973 1657 1013 1691 Et
1040 1656 1128 1690 alibi:

376 1708 411 1743 Si
442 1720 503 1742 non
531 1707 772 1742 annunciaveris
800 1707 908 1752 iniquo
933 1706 1128 1752 iniquitatem

377 1769 484 1799 suam,
512 1757 646 1792 animam
670 1757 739 1790 eius
766 1756 805 1789 de
836 1768 928 1789 [nanu
952 1762 1002 1788 tua
1023 1755 1130 1800 requi-

377 1818 442 1840 ram
466 1808 516 1849 (b).
545 1805 622 1840 Item
646 1805 818 1851 Propheta:
849 1803 1036 1838 Maledictus
1071 1803 1131 1845 (in-

378 1855 461 1901 quit)
486 1855 597 1898 homo,
624 1854 678 1900 qui
708 1853 851 1898 prohibet
873 1853 1012 1899 gladium
1036 1865 1129 1886 suum

379 1916 394 1938 a
430 1904 647 1950 sanguine(c),
682 1903 776 1946 idest,
805 1902 934 1936 verbum
966 1901 1127 1948 praedica-

379 1952 474 1987 tionis
509 1964 524 1986 a
563 1952 736 1986 carnalium
774 1951 999 1997 increpatione.
1047 1950 1132 1984 Haec

383 2001 454 2035 ideo
473 2001 728 2048 praelibavimus,
745 2001 815 2047 quia
834 2001 915 2034 inter
926 1999 1023 2033 multa
1041 1999 1132 2037 mala,

381 2062 461 2096 quae
483 2050 601 2096 ubique
623 2059 775 2084 terrarum
804 2049 895 2093 finnt,
917 2049 1046 2095 quidam
1071 2048 1133 2081 mi-

381 2099 470 2132 nistri
489 2107 627 2140 satanae,
646 2108 675 2133 et
698 2110 872 2145 praecones
893 2097 1075 2132 antechristi
1101 2097 1131 2130 in

380 2146 602 2192 Longobardia
624 2148 717 2182 etiam
739 2147 831 2181 iidem
855 2147 1056 2181 christianam
1079 2158 1134 2180 co-

383 2205 499 2230 nantur
521 2196 727 2233 confundere,
750 2203 780 2230 et
804 2196 881 2230 iram
904 2196 961 2230 Dei
981 2207 1078 2241 super
1100 2206 1134 2229 se

384 2256 566 2290 provocare.
589 2245 681 2289 Nam,
704 2244 784 2279 sicut
806 2245 907 2284 scitis,
931 2243 1133 2281 Gotei'redus.

383 2293 506 2328 vivente
527 2293 675 2328 Guidoiie
702 2293 785 2328 (licto
807 2294 1045 2340 archiepiscopo
1067 2293 1135 2327 Me-

385 2341 574 2382 diolanensi,
588 2343 731 2377 eamdem
741 2342 930 2381 Ecclesiam,
944 2354 1024 2389 quae
1039 2354 1135 2388 quon—

385 2390 456 2424 dam
492 2391 613 2425 meritis
646 2391 892 2435 gloriosissimae
930 2391 1070 2437 Virginis
1106 2398 1134 2424 et

385 2438 558 2472 Genitricis
579 2439 637 2473 Dei
660 2440 788 2485 Mariae,

387 2487 552 2521 clarissimi
576 2488 713 2522 doctoris
731 2489 768 2522 Β.
794 2489 952 2522 Ambrosii
972 2489 1050 2522 inter
1072 2500 1138 2522 cae-

386 2545 470 2569 teras
493 2535 772 2581 Longobarilorum
788 2537 958 2574 Ecclesias,
976 2537 1137 2582 religione,

423 2594 464 2628 (l)
485 2595 522 2620 Ex
542 2595 606 2620 edit.
620 2596 691 2621 rard.
710 2596 826 2622 (Iarasae.
865 2597 903 2631 (ri)
922 2597 970 2623 isa.
989 2597 1032 2622 53.

425 2631 464 2665 (b)
481 2629 580 2656 Exech.
598 2631 641 2656 55.
681 2630 716 2666 (c)
736 2631 830 2658 [erem.
851 2632 893 2658 [ιδ.

945 261 1134 286 ΒΠΙᾸΑΠΙΓΜ
1167 259 1328 282 ΙὶΟΜΑΝῑᾚ

1168 315 1321 357 libertate,
1348 327 1383 348 ac
1405 313 1531 360 speciali
1559 311 1657 359 gloria
1679 311 1802 353 enituit,
1830 323 1916 347 nunc

1167 364 1256 411 quasi
1284 363 1375 397 vilem
1397 362 1541 397 ancillam
1567 362 1775 408 praesumpsit
1797 373 1915 402 emere,

1167 424 1315 460 sponsam
1344 411 1488 446 videlicet
1512 410 1629 445 Christi
1656 410 1779 446 diabolo
1809 411 1917 458 prosti-

1167 469 1276 502 tuere,
1303 469 1334 496 et
1364 473 1381 496 a
1403 460 1557 495 catholica
1579 459 1640 494 fide
1661 467 1819 506 temptans
1845 472 1915 495 eam

1167 523 1332 557 separare,
1365 510 1453 545 nisus
1488 517 1535 544 est
1560 509 1750 543 simoniacae
1775 509 1915 544 haeresis

1167 561 1285 595 scelere
1318 560 1486 594 maculare.
1525 558 1618 600 Quod
1651 558 1782 593 audiens
1808 566 1915 594 sancta

1166 608 1308 643 Romana
1330 609 1471 644 Ecclesia
1500 616 1598 642 mater
1624 616 1742 646 vestra,
1764 615 1795 642 et
1818 608 1915 643 totius

1167 658 1417 698 christianitatis,
1440 658 1521 692 sicut
1542 657 1640 699 scitis,
1659 656 1818 703 magistra,
1844 669 1917 691 con-

1167 716 1295 754 gregato
1317 719 1333 742 e
1359 707 1490 742 diversis
1513 706 1653 753 partibus
1674 705 1809 740 concilio
1832 706 1916 740 mul-

1168 765 1271 791 torum
1305 757 1513 795 sacerdotum,
1535 764 1565 790 et
1598 755 1793 790 diversorum
1826 755 1914 789 ordi-

1169 818 1245 840 num
1280 818 1455 849 consensu,
1490 805 1564 839 fulta
1597 803 1634 838 B.
1671 804 1752 839 Petri
1786 812 1916 850 aposto-

1168 855 1269 889 lorum
1303 855 1453 902 principis
1474 854 1675 897 auctoritate,
1710 852 1915 888 Gotefredum

1170 904 1241 939 fidei
1265 905 1446 944 catholicae,
1469 911 1499 938 ct
1536 903 1613 949 legis
1634 902 1822 937 christianae
1856 903 1917 936 ini-

1169 954 1287 988 micum
1316 952 1621 993 excommunicavit,
1655 960 1686 986 ct
1706 951 1918 986 anathematis

1170 1003 1271 1037 iaculo
1286 1015 1347 1037 una
1369 1015 1441 1037 cum
1464 1002 1611 1037 omnibus
1632 1001 1691 1036 sibi
1713 1001 1916 1036 consentien-

1170 1052 1253 1087 tibus
1280 1052 1444 1086 transfixit.
1479 1051 1581 1093 Quam
1614 1050 1918 1085 excommunicatio-

1171 1114 1255 1142 nem,
1267 1101 1350 1148 quod
1365 1102 1457 1136 etiam
1475 1100 1594 1135 inimici
1608 1100 1742 1135 Sanctae
1756 1099 1918 1134 Ecclesiae

1171 1163 1286 1196 negare
1308 1163 1370 1185 non
1398 1158 1547 1197 possunt,
1574 1149 1673 1184 sancti
1695 1149 1806 1183 Patres
1833 1149 1916 1182 anti-

1171 1208 1277 1245 quitus
1311 1212 1482 1238 censuere,
1510 1207 1540 1234 et
1566 1210 1622 1245 per
1654 1210 1765 1232 omnes
1794 1206 1918 1232 sanctas

1170 1249 1327 1284 Ecclesias
1349 1249 1444 1284 totius
1471 1248 1556 1283 orbis
1579 1247 1726 1282 catholici
1752 1247 1808 1281 viri
1840 1258 1918 1288 cou-

1171 1298 1307 1339 firmant,
1342 1307 1371 1332 et
1405 1298 1681 1333 confirmaverunt.
1715 1296 1918 1343 Quapropter

1171 1361 1209 1381 ex
1232 1357 1316 1391 parte
1337 1348 1395 1382 Dei
1418 1346 1642 1393 omnipotentis
1665 1346 1765 1380 Patris
1783 1353 1814 1379 et
1837 1344 1918 1386 Filii,

1171 1406 1199 1430 et
1221 1397 1359 1442 Spiritus
1385 1397 1506 1435 Sancti,
1533 1404 1563 1429 et
1586 1395 1749 1429 beatorum
1772 1394 1856 1428 Petri
1883 1403 1915 1428 et

1171 1445 1260 1479 Pauli
1292 1446 1509 1491 apostolorum
1543 1444 1720 1490 principum
1749 1455 1919 1477 monemus

1171 1507 1237 1538 vos,
1264 1494 1372 1529 fratres
1405 1493 1593 1534 charissimi,
1617 1493 1792 1532 hortamur,
1826 1499 1920 1539 atque

1173 1543 1401 1590 praecipimus,
1437 1552 1469 1577 ut
1508 1542 1595 1577 nullo
1631 1542 1725 1576 modo
1761 1541 1921 1589 praedicto

1172 1593 1329 1627 haeretico
1351 1592 1521 1627 Gotesredo
1544 1590 1757 1631 consentiatis,
1780 1590 1852 1637 quia
1875 1589 1920 1624 illi

1173 1643 1203 1675 in
1227 1642 1286 1675 hoc
1308 1642 1427 1676 scelere
1459 1641 1651 1685 consentire,
1686 1639 1920 1674 fidemaCtiristi

1172 1699 1219 1725 est
1253 1703 1383 1735 nogaria
1417 1691 1470 1724 setl
1502 1690 1617 1737 quibus
1645 1689 1748 1723 modis
1775 1689 1918 1735 potestis,

1174 1748 1204 1774 ut
1228 1740 1281 1774 filii
1304 1740 1362 1774 Dei
1391 1740 1416 1773 ei
1441 1740 1589 1782 resistite,
1611 1747 1642 1772 et
1665 1738 1757 1773 fidem
1782 1738 1923 1772 christia-

1174 1802 1257 1832 nain,
1292 1801 1350 1835 qua
1375 1789 1512 1822 salvandi
1540 1788 1632 1827 estis,
1662 1787 1795 1821 omnino
1817 1786 1923 1821 defen-

1173 1838 1252 1879 (lite;
1282 1850 1383 1884 neque
1403 1850 1456 1871 vos
1478 1837 1633 1871 deterreat
1655 1836 1792 1871 humana
1814 1847 1923 1882 super·

1174 1887 1240 1927 bia,
1277 1888 1348 1932 quia
1371 1887 1423 1933 qui
1457 1886 1621 1920 uobiscum
1644 1893 1707 1929 est,
1743 1885 1842 1919 maior
1876 1892 1923 1919 est

1174 1935 1334 1979 omnibus,
1356 1944 1385 1969 et
1401 1947 1526 1982 semper
1541 1935 1687 1973 invictus,
1710 1934 1762 1980 qui
1783 1934 1848 1967 vult
1864 1945 1920 1967 nos

1175 1997 1231 2031 pro
1254 1997 1286 2019 se
1305 1984 1457 2024 laborare,
1481 1992 1511 2017 et
1531 1995 1680 2018 coronam
1699 1982 1839 2028 legitime
1861 1994 1923 2017 cer-

1175 2033 1313 2067 tantibus
1336 2041 1380 2075 (ut
1393 2032 1566 2079 Apostolus
1582 2032 1746 2079 promittit)
1770 2031 1921 2066 tribuere.

1176 2087 1262 2121 Solet
1289 2087 1372 2121 enim
1399 2086 1470 2120 Dux
1495 2094 1602 2120 noster
1624 2085 1733 2132 paucis
1760 2094 1790 2136 et
1821 2084 1920 2119 humi-

1177 2140 1260 2174 libus
1290 2140 1407 2174 multos
1436 2147 1465 2174 et
1499 2139 1655 2186 superbos
1687 2146 1868 2179 conterere,
1895 2146 1926 2172 et

1178 2206 1233 2240 per
1254 2206 1301 2233 ea,
1327 2205 1407 2240 quae
1429 2201 1508 2231 sunt,
1527 2193 1650 2227 infirma
1678 2192 1801 2235 mundi,
1836 2192 1925 2226 fortia

1177 2259 1320 2294 quaeque
1346 2247 1551 2282 confundere.
1586 2246 1640 2280 Sic
1675 2246 1758 2280 enim
1786 2245 1926 2292 placuit,

1177 2309 1208 2335 et
1233 2301 1278 2335 sic
1300 2301 1391 2335 decet
1422 2300 1587 2335 caelestem
1615 2307 1646 2334 et
1667 2299 1818 2334 invictum
1838 2299 1928 2333 Prin-

1177 2354 1290 2399 cipem.
1318 2353 1531 2401 Omnipotens
1556 2353 1655 2393 Deus,
1683 2352 1737 2399 qui
1772 2352 1809 2386 B.
1833 2352 1927 2387 Petro

1063 2439 1068 2444 ,
1156 2419 1159 2457 Ι
1179 2418 1252 2440 oves
1274 2418 1346 2440 suas
1372 2406 1549 2453 specialiter
1570 2405 1745 2446 commisit,
1778 2412 1809 2440 et
1829 2406 1924 2440 totius

812 2452 934 2474 necnon
951 2447 1136 2474 auctoritate
1157 2460 1159 2472 i

1178 2459 1339 2493 Ecclesiae
1362 2459 1499 2505 regimen
1522 2459 1626 2503 dedit,
1662 2471 1716 2493 vos
1739 2459 1769 2492 in
1792 2458 1862 2493 eius
1883 2459 1927 2493 di-

1179 2513 1312 2547 lectione
1334 2513 1532 2557 corroboret,
1555 2521 1589 2547 ut
1610 2513 1678 2547 eius
1703 2512 1888 2547 auctoritate
1911 2525 1928 2547 a

1180 2566 1316 2612 peccatis
1342 2566 1452 2600 vestris
1478 2565 1630 2609 absoluti,
1659 2565 1843 2599 mereamini
1871 2565 1930 2599 ini-

1181 2620 1278 2654 micos
1300 2619 1426 2654 Domini
1449 2619 1669 2666 comprimere,
1691 2627 1720 2654 et
1742 2619 1837 2654 corda
1859 2618 1926 2654 itto-

1940 262 1988 289 An.
2010 262 2039 290 C.
2057 263 2124 290 1073

1966 604 1980 623 Α
1996 602 2076 628 syuodo
2092 601 2128 622 de-

1943 629 2024 655 positus
2043 630 2069 658 ,et
2095 633 2129 648 ex-

1944 657 2116 676 communicatus.

1988 1286 2062 1306 Eidem
2076 1285 2133 1306 uuuo

1955 1315 2017 1338 paeto
2040 1318 2128 1333 consen-

1949 1339 2052 1360 tiendum.
