2180 3205
868 277 967 302 INDEX
986 276 1189 302 nunmcanuu

259 337 390 374 LXXXI.
414 339 596 379 Decretum,
620 344 654 371 ut
683 339 715 371 in
737 338 939 372 monasteriis
965 338 1004 371 ab

348 392 463 427 Ottone
483 392 695 434 Bambergen.
721 391 874 436 episcopo
894 392 1006 425 sunda-

349 445 387 479 tis
407 445 492 479 idem
513 455 641 489 semper
662 445 742 478 ordo
763 455 821 488 pro
842 445 1005 487 religionis

349 504 380 532 et
411 498 600 543 disciplinae
631 497 806 542 spiritualis
834 498 1005 531 stabilitate

350 557 445 596 atque
481 551 740 585 immutabilitate
779 556 1002 591 conservetur,

348 603 423 639 466.

261 657 404 693 LXXXII.
432 658 640 693 Confirmatio
672 658 880 692 ecclesiarum
901 657 1006 692 Sancti

350 711 487 755 Remigii
506 712 545 746 de
565 711 717 752 Plaiotro‚
734 712 773 745 de
793 711 951 751 Bai-bona,
969 711 1007 744 de

350 764 460 805 Lintis,
485 764 524 798 de
541 764 683 799 Lintellis
703 769 734 798 et
754 764 793 797 de
813 764 928 798 Sancto
946 763 1007 797 Sil-

350 823 467 859 vestro‚
491 818 530 851 ab
551 819 667 852 Attone
686 818 835 852 Trecensi
856 817 1008 862 episcopo

352 870 491 906 Cluniae.
505 870 699 905 monasterio
714 871 918 911 donatarum,
930 869 1004 903 467.

262 923 421 959 LXXXIII.
453 924 644 969 Imperatori
676 924 828 958 Lothario
860 929 906 963 et,
941 923 1008 957 eius

351 977 435 1018 loco,
458 978 597 1013 IIenrioo
616 978 768 1013 Bavariae
786 978 871 1019 duci,
895 979 1008 1011 concc-

352 1030 439 1065 ditur
458 1032 644 1066 investitura
675 1031 784 1065 allodii
811 1037 970 1065 terrarum
991 1041 1009 1063 a

352 1084 515 1119 eomitissa
539 1085 688 1119 Mathilde
719 1084 792 1119 Sedi
813 1086 920 1129 Apost.
945 1083 1005 1118 do-

353 1142 514 1178 natarum,
537 1137 612 1172 467.

476 1243 733 1279 COELESTINUS
752 1243 788 1278 11.

263 1351 286 1385 1.
310 1350 518 1385 Confirmatio
538 1350 699 1384 bonorum
719 1350 877 1390 omnium,
899 1350 939 1383 ad
959 1361 1010 1383 ca-

352 1395 487 1429 nonicos
525 1394 631 1429 Sancti
662 1394 793 1428 Maiiani
823 1381 1060 1437 Eugubinae

354 1439 488 1473 civitatis
508 1438 750 1484 pertinentium,
775 1438 824 1472 cui
846 1439 1011 1482 privilegia

352 1484 510 1518 nonnulla
530 1483 764 1523 conceduntur,
789 1481 862 1516 168.

265 1536 301 1572 II.
315 1536 520 1579 Privilegium
534 1546 593 1580 pio
608 1540 771 1568 monaster
774 1535 804 1568 io
815 1535 1010 1569 Sanctissimi

354 1589 536 1630 Salvatoris,
558 1594 588 1622 et
607 1589 712 1622 Sancti
734 1589 851 1628 Ouirici
873 1590 1011 1633 Populo-

354 1642 456 1683 nien.,
480 1642 556 1675 470.

266 1696 315 1731 111.
339 1696 446 1731 Sancti
462 1695 744 1741 Hierosolymitani
760 1695 928 1739 Sepulchri
950 1696 1012 1728 fra-

355 1754 419 1783 tres
438 1749 638 1793 recipiuntur
657 1749 716 1782 sub
736 1748 938 1792 protectione
958 1750 1012 1783 Se-

357 1802 405 1836 dis
424 1802 638 1847 Apostolicae,
660 1801 769 1846 eisque
786 1801 871 1834 bona
893 1808 920 1835 et
943 1802 1012 1835 iura

355 1854 600 1893 confirmantur,
624 1854 699 1888 471.

266 1909 314 1944 lv.
339 1908 547 1943 Confirmatio
578 1908 738 1942 Ecclesiae
769 1908 799 1942 S.
833 1908 948 1941 Mariae
980 1909 1010 1941 in

355 1962 545 2001 Undesdorf,
565 1962 791 2005 bonorumque
812 1961 958 1994 omnium
973 1962 1013 1995 ad

356 2016 504 2049 eamdem
525 2015 766 2059 pertinentium,
790 2014 865 2048 473.

267 2069 302 2102 V.
322 2069 528 2112 Privileoium
550 2068 806 2102 consumationis
835 2068 1009 2108 benonim,

356 2114 397 2147 ad
427 2114 457 2147 S.
481 2113 672 2147 Fesulanam
703 2113 877 2146 Ecclesiam
908 2113 1010 2156 perti-

356 2158 513 2198 nentium,
537 2164 568 2191 et
587 2168 706 2191 iulium
738 2157 899 2193 omnium
924 2157 1010 2190 eius-

358 2203 431 2236 dem
453 2202 606 2246 episcopo
624 2201 850 2246 spectantium
872 2201 948 2234 474

269 2255 317 2290 VI.
338 2255 546 2289 Enumeratio
577 2261 607 2288 et
638 2254 842 2288 confirmatio
874 2254 1010 2294 iuiium,

358 2298 599 2349 privilegiorum
634 2310 670 2332 ae
700 2299 859 2332 bonorum
899 2299 1013 2331 Ferr-a

357 2343 473 2393 riensis
493 2343 664 2383 Ecclesiae,
688 2343 738 2376 cui
759 2342 910 2375 undecim
932 2353 1014 2375 mas-

1690 261 1750 298 901

1128 338 1232 372 Sancti
1253 338 1442 373 Columbani
1462 337 1593 372 Bobien.
1611 336 1777 376 dioecesis,

1041 445 1074 477 11.
1106 444 1309 486 Privilegium
1341 444 1595 478 confirmationis
1620 444 1780 477 bonorum

1129 497 1285 536 omnium,
1310 503 1339 530 et
1361 497 1477 530 iurium
1510 502 1637 530 sanctae
1668 497 1781 530 Ferra-

1129 551 1241 584 riensis
1262 551 1431 591 Ecclesiae,
1448 562 1529 595 quae
1546 551 1605 584 sub
1627 556 1783 595 perpetuo

1130 604 1198 637 iure
1212 604 1301 638 Sedis
1314 605 1515 649 Apostolicae
1533 614 1604 638 cum
1619 603 1781 648 pertinen-

1131 658 1180 691 tiis
1200 658 1350 691 omnibus
1371 669 1438 692 esse
1451 664 1481 692 et
1501 658 1567 691 sore
1589 657 1779 696 declaratur,

1131 710 1204 745 480.

1042 765 1090 799 Ill.
1115 765 1321 799 Confirmatio
1353 766 1512 799 bonorum
1544 771 1575 797 et
1602 764 1782 808 privilegio-

1132 820 1214 848 rum,
1238 820 1255 842 a
1275 810 1415 843 Summis
1441 808 1649 842 Pontificibus
1671 819 1783 842 mona-

1131 854 1227 887 sterio
1247 854 1277 888 S.
1300 854 1385 887 Petri
1406 853 1526 887 Perusii
1548 853 1616 886 ord.
1640 852 1670 886 S.
1686 853 1784 887 Bene-

1132 898 1207 932 dicti
1239 908 1476 932 concessorum.
1517 897 1638 930 Similia
1674 897 1780 941 diplo-

1133 948 1216 976 mata
1254 953 1440 976 concessere
1479 941 1674 974 monasterio
1710 942 1784 975 huic

1132 987 1321 1021 Benedictus
1338 987 1360 1019 V
1379 996 1463 1019 anno
1481 984 1556 1024 978,
1577 985 1726 1019 Silvester
1745 986 1780 1025 lt,

1133 1029 1240 1071 1002,
1272 1031 1335 1064 Leo
1364 1031 1415 1070 lx,
1450 1029 1552 1067 40:33,
1576 1029 1724 1063 Nicolaus
1744 1030 1781 1070 II,

1134 1075 1228 1115 1059,
1253 1075 1432 1108 Alexander
1452 1075 1488 1114 II,
1514 1073 1608 1113 1065,
1642 1073 1781 1107 Pascha-

1132 1120 1168 1154 lis
1188 1121 1233 1159 ll,
1257 1118 1358 1158 1115,
1396 1119 1503 1152 Innoc.
1535 1118 1592 1152 1³1³.
1618 1118 1645 1156 1,
1674 1117 1781 1158 1137,

1131 1175 1204 1208 paq.
1228 1162 1302 1197 483.

1042 1218 1089 1252 lv.
1115 1218 1225 1252 Simile
1244 1217 1446 1261 privilegium
1464 1215 1661 1249 monasterio
1679 1215 1785 1249 Sancti

1132 1271 1259 1306 Ioannis
1289 1271 1436 1304 Parmen.
1472 1269 1626 1303 dioecesis
1664 1268 1786 1302 ordinis

1132 1326 1161 1360 S.
1186 1324 1360 1363 Benedicti,
1383 1323 1458 1357 484.

1073 1407 1077 1412 .
1060 1378 1310 1414 Confirmatio
1330 1379 1491 1411 bonorum
1514 1376 1659 1410 omnium
1680 1382 1710 1409 et
1738 1375 1786 1408 iu-

1134 1433 1216 1466 rium
1229 1432 1362 1466 Sanctae
1376 1430 1598 1466 Cremonensis
1613 1429 1784 1469 Ecclesiae,

1134 1485 1208 1519 486.

1047 1539 1092 1572 tt.
1114 1538 1320 1573 Confirmatio
1350 1537 1466 1570 iurium
1494 1536 1651 1576 omnium,
1672 1536 1789 1569 immu-

1135 1593 1281 1630 nitatum,
1305 1597 1332 1624 et
1365 1591 1525 1624 bonorum
1547 1589 1577 1623 S.
1602 1588 1788 1622 Olivolensis

1135 1644 1304 1684 Ecclesiae,
1328 1643 1403 1677 488.

1046 1700 1106 1733 Vll.
1131 1697 1339 1733 Confirmatio
1365 1696 1556 1730 concordiae
1587 1696 1683 1729 initae
1707 1695 1789 1729 inter

1095 1787 1097 1789 ,
1136 1752 1308 1785 canonicos
1321 1751 1541 1784 Rutbenenses
1562 1755 1590 1782 et
1612 1749 1788 1782 monachos

1135 1805 1360 1845 Massilienses,
1392 1814 1489 1848 super
1519 1803 1652 1836 ecclesia
1681 1802 1787 1836 Sancti

1136 1858 1285 1899 Amantii,
1307 1864 1337 1899 et
1354 1858 1517 1901 sepultura
1535 1856 1650 1890 civium
1671 1855 1789 1889 Ruthe-

1136 1913 1295 1952 nensium,
1319 1911 1394 1944 489.

1046 1968 1120 2001 VIII.
1146 1964 1352 2000 Confirmatio
1366 1964 1537 2001 bonorum,
1554 1973 1635 2007 quae
1648 1962 1789 1996 Graden-

1136 2020 1178 2053 sis
1197 2018 1337 2052 Ecclesia
1365 2016 1656 2060 Constantinopoli,
1678 2015 1710 2048 in
1733 2015 1787 2049 Hi-

1136 2073 1223 2111 stria,
1248 2078 1276 2106 et
1298 2071 1436 2104 Venetiis
1454 2070 1584 2114 potitur,
1607 2068 1681 2103 490.

1047 2128 1096 2161 tx
1122 2125 1330 2160 Confirmatio
1352 2124 1511 2157 bonorum
1526 2122 1669 2156 omnium
1692 2127 1722 2154 et
1742 2121 1789 2154 iu-

1136 2171 1219 2204 rium
1241 2170 1280 2202 ad
1299 2168 1470 2202 Ecclesiam
1490 2168 1552 2209 Reg
1547 2167 1578 2199 ii
1592 2166 1701 2209 Lepidi
1716 2176 1787 2209 spe-

1137 2215 1304 2250 clantium
1328 2213 1417 2245 cuins
1435 2212 1501 2255 epis
1505 2211 1592 2260 copis
1613 2222 1650 2253 pt
1653 2210 1788 2260 csb31e11
1806 2230 1810 2234 -

1138 2260 1168 2291 in
1189 2259 1252 2292 Rcc
1246 2257 1395 2290 ularium
1421 2256 1528 2289 E‹cles
1516 2267 1568 2288 iis
1589 2265 1698 2288 curan]
1719 2254 1788 2287 ani-

1138 2313 1263 2336 maium
1282 2301 1498 2334 exeroentium
1522 2300 1552 2332 in
1571 2299 1790 2343 spiritualibus

1137 2347 1360 2385 subiit-imitar,
1384 2344 1458 2378 402

358 2398 408 2421 ⁵³³
428 2398 569 2420 ¹¹¹¹¹¹⁰re⁵
589 2387 655 2420 de
648 2398 718 2420 ¹⁰¹3
742 2387 832 2421 33¹¹ss
851 2387 1012 2436 Ap⁰S¹⁰¹¹'
1048 2403 1083 2435 X.
1108 2401 1241 2441 Prixilcg
1241 2400 1313 2431 ium
1346 2396 1599 2431 ‹onfiimationis
1630 2396 1790 2429 Ecclesiae

358 2442 415 2466 cae
432 2432 530 2465 donat
549 2431 745 2465 Coelestinus
762 2432 834 2470 PR,
857 2430 932 2497 475.

548 2537 682 2571 LUCIUS
702 2537 737 2570 Il.

271 2636 294 2670 1.
322 2634 526 2677 Privilegium
554 2633 809 2668 confirmationis
839 2634 1012 2673 bonorum,

1139 2445 1168 2477 in
1190 2445 1297 2477 Castro
1322 2443 1411 2475 Halla
1432 2441 1663 2474 canonicorum
1684 2441 1788 2483 Regu-

1137 2489 1252 2521 Iarium
1285 2488 1314 2520 S.
1347 2486 1529 2528 Augustini,
1564 2485 1790 2528 honorumque

1138 2534 1176 2565 ad
1198 2543 1266 2565 eam
1289 2530 1532 2574 pertinentium,
1556 2529 1630 2562 494.

1030 2579 1098 2621 ⁵X1.
1123 2585 1330 2620 Confirmatio
1362 2583 1518 2627 primatus
1543 2583 1714 2615 Toletanae
1734 2582 1790 2616 Ec-

1138 2629 1264 2667 clesiae,
1285 2628 1359 2661 495.

362 2688 483 2722 iurium
511 2693 542 2722 et
561 2687 799 2733 exemptionum
830 2686 1016 2721 monasterii
1049 2685 1112 2719 XII.
1136 2682 1342 2717 Confirmatio
1359 2681 1602 2727 privilegiorum
1623 2679 1790 2715 aSummis
