2180 3205
42 225 86 252 Au.
105 224 135 250 C.
155 223 220 250 ¹180

39 281 265 333 effigffnm⁰¹'¹3'¹c³{in
289 279 425 315 Domino
443 279 496 320 lili,
524 279 585 314 tuis
607 279 697 313 iustis
720 279 982 325 postulationibus

39 323 150 364 etezino's-
162 339 219 361 Petri
234 330 406 366 clementer
423 330 605 369 annuimus,
628 336 658 363 et
677 328 842 375 praefatam
859 329 980 375 plebem

38 371 120 399 ''m'‘
232 380 292 415 sub
329 379 363 414 S.
398 379 479 414 Petri
507 387 537 413 et
564 387 668 413 nostra
703 378 898 424 protectione
926 391 982 411 su-

232 429 397 476 scipimus,
430 437 460 463 et
486 427 659 475 praesentis
680 426 786 473 scripti
816 427 982 472 privilegio

231 479 483 518 communimus,
518 484 689 511 statuentes
712 484 744 510 ut
765 488 981 522 quascunupie

232 528 458 574 possessiones,
490 537 709 573 quaecumque
745 524 842 564 bona,
870 524 979 559 eadem

233 576 322 624 plebs
350 576 641 624 impraesentiarum
677 574 734 608 rite
768 582 798 608 et
830 574 980 608 canonice

231 626 383 672 possidet,
399 633 452 660 aut
476 626 505 659 iu
526 624 666 659 futurum
681 623 885 658 concessione
902 623 979 656 l'on-

231 674 368 714 tilicum,
387 675 549 721 largitione
577 685 684 719 regum
719 672 763 707 vel
785 672 979 719 principum,

230 724 389 759 oblatione
411 724 564 763 fidelium,
586 736 640 758 seu
663 722 732 757 aliis
755 722 846 756 iustis
864 721 979 764 modis,

230 782 409 820 praestante
429 773 579 817 Domino,
608 772 722 819 poterit
743 770 896 817 adipisci,
924 770 978 804 fir-

230 835 280 857 ma
301 822 358 857 tibi
385 823 510 869 tuisque
538 820 777 857 successoribus
807 828 836 854 et
862 819 978 855 illibata

33 867 217 926 ,ἓῆξωᾞωᾎῗξζ
231 880 452 918 permaneant,
493 872 522 905 in
567 871 685 918 quibus
722 869 800 904 haec
842 870 979 916 propriis

32 929 140 952 vocabatis
161 921 381 956 ena-duximus
416 921 618 968 exprimenda
655 919 833 954 vocabulis:
873 918 976 953 locum

33 964 105 983 ''¹²¹⁸''
230 971 346 1018 ipsum,
374 971 403 1005 in
427 982 490 1018 quo
526 969 661 1016 praefata
686 968 774 1016 plebs
796 975 976 1002 constructa

229 1028 288 1059 est,
315 1032 386 1055 cum
409 1019 556 1054 omnibus
584 1018 779 1066 pertinentiis
812 1017 889 1057 suis,
925 1030 978 1052 ca-

229 1069 343 1115 pellam
374 1069 408 1104 S.
437 1069 552 1104 Mariae
579 1070 609 1102 in
638 1067 797 1105 Paritiole,
825 1066 975 1113 capellam

228 1117 334 1153 Sancti
361 1117 502 1162 Florani,
529 1117 678 1164 capellam
707 1116 740 1150 S.
764 1116 891 1162 Augen,
925 1129 978 1150 ca-

229 1167 341 1214 pellam
365 1167 398 1202 S.
421 1167 601 1205 Salvator-is,
623 1165 774 1213 capellam
798 1165 831 1199 S.
848 1165 975 1206 Leonis,

227 1216 381 1264 capellam
402 1216 435 1252 S.
464 1216 647 1255 Felicitatis,
675 1215 825 1262 capellam
843 1214 976 1249 Sanctae

227 1265 343 1301 Mariae
358 1266 388 1301 in
408 1265 560 1313 Spongia,
582 1264 732 1311 capellam
753 1264 785 1298 S.
805 1263 975 1308 Simeonis,

226 1315 377 1362 capellam
405 1315 438 1350 S.
461 1314 649 1350 Christofori
672 1314 700 1347 in
724 1313 852 1355 Scaulo,
875 1313 976 1360 capel-

226 1364 287 1399 lam
309 1364 343 1399 S.
367 1364 517 1412 Stephani
541 1364 570 1398 in
598 1363 736 1407 Felcina,
767 1362 919 1409 capellam
939 1362 972 1396 S.

226 1412 352 1459 Crucis,
383 1413 535 1462 capellam
569 1413 603 1448 S.
640 1412 738 1452 Pauli,
765 1411 917 1458 capellam
940 1411 973 1446 S.

225 1462 400 1503 Fortunati,
423 1463 573 1510 capellam
597 1461 630 1496 S.
653 1460 780 1495 Ioannis
801 1460 974 1508 Casti-iple-

225 1511 285 1552 bis,
307 1512 458 1560 capellam
485 1511 592 1546 Sancti
621 1510 730 1545 Iustini
761 1511 789 1544 in
813 1510 974 1555 Monione,

225 1561 376 1609 capellam
399 1561 534 1596 Sanctae
546 1559 702 1595 Barbarae
716 1559 755 1593 de
771 1559 974 1605 Castellione,

224 1610 375 1658 capellam
398 1610 432 1645 S.
468 1610 635 1654 Caeciliae,
662 1609 812 1656 capellam
841 1609 974 1644 Sanctae

223 1659 341 1695 Mariae
367 1660 396 1694 in
425 1659 607 1703 Pressaioli,
629 1658 779 1704 capellam
801 1657 834 1692 S.
859 1658 975 1693 Leonis

224 1709 255 1743 in
281 1709 415 1753 Ruccle,
442 1709 592 1755 capellam
614 1708 647 1742 S.
672 1707 831 1747 Silvestri,
865 1708 973 1754 capel—

224 1757 286 1792 lam
312 1757 420 1793 Sancti
448 1757 627 1802 Benedicti,
651 1757 800 1803 capellam
823 1756 857 1791 S.
888 1757 973 1792 Lau-

226 1807 329 1852 rentii,
355 1807 504 1854 capellam
533 1807 566 1841 S.
590 1806 633 1841 Io.
662 1805 700 1840 de
727 1806 893 1850 Monterio,
923 1819 976 1841 ca-

226 1856 338 1904 pellam
361 1856 395 1891 S.
423 1856 611 1891 Christol'ori
638 1855 676 1889 de
699 1855 805 1889 Monte
830 1855 973 1897 pavonis,

225 1905 375 1953 capellam
394 1905 501 1940 Sancti
524 1905 677 1944 Thomae,
699 1904 848 1951 capellam
867 1904 972 1939 Sancti

224 1955 350 1990 Martini
383 1955 542 1995 Arsivoli,
573 1953 724 2001 capellam
760 1953 866 1988 Sancti
894 1953 972 1988 Sixti

226 2005 258 2038 in
280 2003 427 2045 Caresto,
459 2004 610 2051 capellam
639 2003 745 2038 Sancti
780 2002 914 2037 Andreae
943 2003 971 2037 iu

225 2053 314 2088 Valle
347 2053 468 2093 Casuli,
506 2053 656 2100 capellam
692 2051 725 2086 S.
755 2051 905 2098 Stephani
942 2053 971 2086 in

224 2102 408 2147 Camenate,
429 2102 580 2149 capellam
596 2102 629 2137 S.
645 2100 761 2136 Mariae
783 2101 821 2136 de
836 2100 972 2135 Castello

224 2151 379 2193 Metulae,
415 2151 566 2199 capellam
605 2151 639 2185 S.
675 2150 905 2184 Bartholomaei
941 2151 969 2184 in

223 2201 417 2241 Terenzano,
439 2200 590 2248 capellam
615 2199 648 2235 S.
676 2200 789 2234 Donati
814 2200 845 2234 in
867 2199 971 2234 Ficea-

225 2260 304 2291 reto,
337 2250 489 2297 capellam
523 2249 558 2284 S.
581 2249 716 2284 Andreae
738 2248 889 2291 Planelli,
919 2262 972 2283 ca-

225 2300 337 2347 pellam
374 2299 509 2334 Sanctae
541 2299 658 2333 Mariae
692 2298 730 2332 de
754 2298 971 2344 Valle-Cupa,

223 2349 374 2396 capellam
397 2348 432 2384 S.
455 2348 579 2391 Marini,
605 2347 756 2395 capellam
780 2347 814 2381 S.
838 2348 972 2381 Bartho-

224 2397 337 2433 lomaei
370 2398 401 2432 in
437 2397 650 2441 Valle-Bona,
684 2396 834 2443 capellam
863 2397 969 2431 Sancti

224 2447 371 2492 Arduini,
393 2446 544 2494 capellam
568 2446 674 2481 Sancti
697 2445 808 2491 Angeli
833 2446 862 2480 in
886 2445 972 2480 Valle

224 2496 363 2531 Bovonis
395 2496 544 2543 capellam
567 2496 601 2531 S.
625 2495 810 2530 Christosori
837 2495 867 2529 in
894 2494 972 2529 For-

223 2545 342 2590 meulo,
368 2545 519 2592 capellam
547 2545 581 2580 S.
609 2545 744 2580 Andreae
776 2545 805 2578 in
831 2544 970 2588 proruto,

222 2595 374 2643 capellam
408 2594 543 2629 Sanctae
574 2594 690 2628 Mariae
714 2595 742 2628 in
771 2593 888 2634 lurito,
916 2605 971 2628 ca-

840 225 1035 249 Aktixsxtitztt
1060 227 1095 249 ΙΙΙ
1120 227 1167 250 ΙΨ.

1651 218 1720 251 827.

1026 281 1135 326 pellam
1170 282 1202 316 S.
1226 281 1339 327 Augeli
1364 283 1393 316 in
1419 282 1540 321 Pereto.
1568 283 1716 330 capellam
1737 284 1770 318 S.

1025 330 1182 365 Laurentii
1224 331 1263 365 de
1300 331 1411 372 Viuza,
1453 332 1603 379 capellam
1640 333 1772 367 Sam-tac

1024 378 1161 414 Marinae
1184 381 1212 414 in
1249 380 1336 414 Valle
1358 382 1530 425 Coeorana,
1555 383 1704 428 capellam
1735 383 1769 417 S.

1025 428 1132 463 Marini
1153 430 1181 464 in
1202 428 1288 464 Valle
1306 430 1446 470 l‘etrosa,
1469 431 1617 478 capellam
1637 433 1770 468 Sanctae,

1023 476 1136 511 Mariae
1160 479 1190 513 in
1214 478 1313 513 Furca
1339 479 1471 526 Unguis,
1493 482 1643 528 capellam
1661 484 1768 518 Sancti

1024 525 1133 570 Aurgi-ti
1174 528 1203 562 in
1243 528 1404 564 Cerbello:
1442 531 1481 565 de
1514 531 1669 577 coniugiis
1696 546 1769 567 vero

1022 574 1258 617 discernendis,
1290 578 1426 613 ollicium
1455 581 1659 616 criminaliter
1695 595 1768 629 pee-
1800 589 1944 617 Non=n¹¹¹=11¹¹

1022 624 1166 659 cautibus
1205 628 1425 672 poenitentiam
1462 631 1662 676 imponeudi3
1698 623 1969 672 oin-fflissf*¹¹¹'''”'‘

1023 687 1077 708 nes
1098 674 1233 721 capellas
1254 676 1291 710 ad
1317 680 1539 727 praescriptam
1560 680 1681 726 plebem
1697 693 1768 728 per-
1806 674 1813 677 ³

1022 723 1166 768 tinenteS,
1210 725 1348 761 decimas
1386 740 1498 763 omnes
1535 739 1563 764 et
1601 731 1767 765 mortuaria

1020 773 1160 808 eiusdem
1180 773 1297 820 plebis;
1323 786 1476 821 praeterea
1497 780 1766 814 renunciationem

1020 823 1125 856 omnis
1151 826 1391 860 consuetudinis
1414 836 1534 873 praeter
1556 829 1695 875 quinque
1717 829 1769 863 de.-

1021 872 1134 912 nariOS,
1174 885 1253 919 quos
1293 876 1410 909 nomini
1447 878 1647 912 cathedratici
1685 879 1770 913 acci-

1021 920 1122 965 piebat
1150 934 1166 956 e
1190 922 1289 957 bonae
1316 926 1484 960 memoriae
1507 926 1622 961 Davizo
1656 928 1769 962 castel-

1020 969 1111 1004 lanus
1145 971 1313 1018 episcopus
1346 974 1385 1008 de
1415 975 1560 1011 mandato
1588 976 1688 1010 bonae
1713 989 1768 1011 re-

1019 1019 1211 1055 cordationis
1238 1021 1381 1058 Giliberti
1409 1024 1432 1058 S
1467 1025 1506 1059 R.
1528 1025 1564 1059 E.
1589 1025 1767 1065 cardinalis,

1018 1076 1095 1103 tunc
1118 1070 1317 1116 Apostolicae
1350 1072 1442 1107 Sedis
1464 1073 1557 1118 legati
1586 1074 1709 1115 factam,
1737 1083 1767 1109 et

1019 1129 1033 1151 a
1057 1117 1156 1153 felicis
1183 1121 1352 1156 memoriae
1384 1123 1623 1168 praedecessore
1660 1132 1766 1158 nostro

1018 1166 1197 1203 Coelestino
1220 1169 1303 1216 Papa
1324 1171 1522 1216 postmodum
1538 1173 1766 1215 confirmatam,

1018 1217 1202 1252 auctoritate
1236 1219 1406 1264 apostolica
1443 1221 1678 1256 confirmamus.
1717 1223 1766 1256 Ad

1018 1265 1093 1300 haec
1120 1267 1305 1302 auctoritate
1339 1270 1508 1316 apostolica
1549 1271 1765 1317 prohibemus,

1017 1322 1051 1349 ut
1075 1315 1180 1351 nullus
1210 1325 1331 1362 praeter
1365 1316 1456 1353 Rom.
1494 1320 1691 1362 Pontificem,
1719 1321 1765 1355 vel

1017 1363 1151 1410 legatum
1180 1366 1264 1410 eius,
1300 1367 1357 1402 uisi
1395 1369 1540 1403 mandato
1579 1370 1677 1414 ipsius
1712 1382 1766 1413 per

1018 1413 1174 1449 interdicti
1211 1417 1396 1451 sententiam
1432 1418 1655 1465 praescriptam
1696 1418 1764 1464 ple-

1018 1462 1086 1496 bem
1115 1463 1154 1498 de
1181 1472 1302 1499 caetero
1329 1466 1429 1512 aliqua
1454 1467 1671 1501 molestatione
1692 1480 1763 1513 gra-

1016 1524 1086 1546 vare
1115 1523 1301 1558 praesumat.
1338 1515 1558 1550 Interdicimus
1594 1517 1697 1553 etiam,
1733 1526 1764 1551 ut

1017 1573 1078 1595 nou
1106 1561 1195 1597 liceat
1221 1563 1390 1599 castellano
1416 1565 1586 1612 episcopo,
1614 1566 1666 1612 qui
1702 1578 1765 1612 quo

1016 1618 1157 1656 tempore
1191 1612 1299 1657 fuerit,
1339 1615 1545 1661 praescriptae
1584 1614 1685 1661 plebi,
1717 1616 1762 1648 vel

1016 1659 1145 1706 capellis
1177 1661 1276 1707 ipsius
1310 1663 1444 1709 aliquam
1480 1663 1673 1698 exactionem
1703 1664 1764 1697 im-

1018 1721 1146 1755 ponere,
1170 1710 1214 1744 vel
1237 1710 1276 1744 ab
1298 1711 1342 1745 eis
1357 1713 1524 1759 quicquam
1540 1713 1677 1758 exigere,
1702 1713 1760 1746 uisi

1016 1770 1174 1801 nummos,
1201 1772 1281 1805 quos
1304 1761 1432 1795 nomine
1459 1761 1660 1796 cathedratici
1688 1763 1762 1796 soli-

1016 1815 1065 1841 tus
1087 1815 1133 1841 est
1154 1807 1279 1843 hahere.
1314 1810 1519 1856 Sepulturam
1547 1823 1674 1857 quoquc
1707 1823 1762 1856 pa-
1789 1817 1956 1844 Srrutturnnhi

1016 1856 1235 1891 roeliianorum
1259 1858 1400 1893 eiusdem
1425 1859 1524 1906 plebis
1553 1849 1879 1906 praescriptae¹1¹¹0'¹..[.².‘.,¹]¹
1908 1856 1959 1870 “5⁹

1016 1905 1097 1951 plebi
1120 1905 1247 1940 liberam
1275 1919 1344 1942 esse
1366 1908 1576 1948 decernimus,
1605 1917 1759 1943 uteorum

1014 1954 1184 1994 devotioni,
1207 1964 1237 1990 et
1263 1965 1421 1991 extremae
1448 1957 1611 1999 voluntati,
1647 1958 1697 2004 qui
1727 1971 1761 1992 se

1015 2003 1076 2038 illic
1102 2004 1226 2051 sepeliri
1249 2005 1498 2047 deliberaverint,
1523 2007 1579 2040 nisi
1604 2007 1680 2041 sorte
1704 2020 1760 2041 ex-

1014 2053 1235 2088 communicati
1270 2054 1332 2088 siut
1371 2056 1416 2089 rel
1456 2055 1627 2099 interdicti,
1656 2056 1760 2089 nullus

1013 2101 1159 2137 obsistat:
1179 2102 1261 2137 salva
1277 2103 1404 2149 quidem
1426 2103 1540 2138 iustitia
1558 2105 1759 2151 capellarum,

1013 2163 1027 2184 a
1051 2151 1167 2197 quibus
1181 2161 1376 2186 mortuorum
1393 2164 1521 2198 corpora
1541 2162 1756 2188 assumuntur.

1012 2199 1220 2235 Decernimus
1238 2213 1322 2247 ergo,
1346 2209 1378 2235 ut
1400 2201 1475 2235 nulli
1498 2203 1628 2236 omnino
1657 2203 1761 2237 homi-

1013 2262 1087 2283 num
1111 2249 1202 2284 liceat
1230 2250 1394 2296 praefatam
1416 2250 1538 2297 plebem
1553 2259 1670 2286 temere
1690 2265 1761 2298 per—

1013 2298 1148 2336 turbare,
1170 2311 1225 2333 seu
1247 2299 1440 2345 quibuslibet
1461 2300 1676 2336 vexationibus
1699 2301 1761 2336 fati-

1012 2360 1103 2393 gare3
1138 2347 1192 2382 sed
1228 2347 1331 2382 omnia
1363 2348 1482 2391 integra
1517 2359 1759 2390 conserventur,

1012 2409 1133 2439 eorum,
1157 2408 1211 2443 pro
1233 2409 1366 2443 quorum
1390 2397 1614 2442 gubernatione
1639 2408 1669 2433 et
1691 2400 1761 2433 sub-

1012 2445 1198 2480 stentatione
1225 2457 1372 2480 concessa
1402 2455 1486 2487 sunt,
1520 2447 1628 2482 usibus
1650 2450 1760 2483 omni-

1013 2494 1114 2528 modis
1130 2494 1306 2541 profutura:
1336 2495 1417 2529 salra
1441 2505 1543 2530 tamen
1563 2496 1656 2531 Sedis
1675 2499 1760 2542 Apo-

1011 2543 1138 2578 stolicae
1165 2544 1346 2578 auctoritate
1375 2552 1403 2578 et
1437 2545 1594 2579 castellani
1618 2546 1758 2593 episcopi

1011 2593 1187 2639 subscripta
1212 2593 1338 2626 iustitia.
1354 2592 1386 2626 Si
1404 2606 1464 2640 qua
1482 2606 1555 2636 erg-2
1571 2594 1602 2629 in
1620 2595 1758 2632 (nentrum

1788 227 1837 252 An.
1859 226 1887 252 (Σ.
1905 228 1970 253 11111)

1797 2199 1935 2222 lmmuuitatis

1775 2231 1891 2255 decretum,
