2180 3205
412 250 484 286 848
958 258 1148 282 nummum
1168 256 1333 281 Romnum

361 315 526 350 Cuthberti
549 314 609 358 (SA
636 313 674 348 de
694 311 850 348 Kadeferd
874 312 1035 347 Ecclesiae
1059 312 1138 346 hona
1159 312 1262 346 omnia
1286 324 1320 346 ac
1340 311 1498 346 libertates
1525 309 1767 352 confirmantur,
1790 312 1860 346 667
1880 325 1898 346 α

463 373 494 398 et
511 376 539 398 se
564 391 570 397 .

363 376 560 448 Cuxanenseq
572 411 798 446 monasterium
821 410 881 445 sub
905 411 1100 457 protectione
1123 410 1323 456 Apostolicae
1344 410 1438 445 Sedis
1461 409 1643 457 suscipitur,
1664 409 1796 456 eiusque
1819 408 1901 443 bona

461 461 565 496 omnia
590 469 621 495 et
643 460 804 507 privilegia
828 460 1068 501 confirmantur,
1093 461 1163 495 565
1186 461 1215 494 b.

594 530 657 543 wan..

1124 613 1166 652 Ι)

365 726 482 762 Daciae
503 726 724 774 episcoporum
743 725 940 760 contumacia
965 725 996 759 in
1024 725 1211 771 refragando
1234 724 1388 760 mandatis
1411 725 1628 773 Hamburgen.
1654 727 1903 774 metropolitani.

464 776 578 811 Eidem
600 775 814 810 subiiciuntur
836 774 961 815 iterum,
985 777 1055 809 579
1078 776 1095 808 b
1122 783 1152 809 et
1173 787 1232 820 seq.

367 825 507 861 Daiberti
540 825 682 872 episcopi
723 824 913 859 pisanorum
948 836 1021 871 erga
1060 823 1236 859 Romanam
1269 824 1444 860 Ecclesiam
1481 825 1609 867 merita,
1644 828 1708 861 ¹41
1744 827 1773 860 b.
1806 825 1906 862 Pallio

465 883 643 915 exornatur,
665 875 735 908 142
753 887 783 908 α.
951 914 953 917 ⁴

366 924 513 959 Damiani
535 923 593 967 (S.)
620 923 660 958 de
680 923 817 958 Donaria
846 922 1029 957 monialium
1045 923 1281 958 monasterium.
1314 924 1347 957 V.
1370 922 1503 958 Fabiani
1526 922 1584 967 (S.)
1605 923 1645 960 de
1673 923 1819 960 Farinate
1851 932 1905 960 etc.

367 973 517 1008 Decimae
542 985 558 1007 a
580 972 668 1008 laicis
695 971 847 1008 Ecclesiis
874 971 996 1006 debitae
1020 971 1152 1007 fideliter
1177 980 1252 1007 sunt
1274 972 1512 1020 persolvendae,
1536 975 1606 1008 759
1628 987 1659 1009 a.

368 1022 426 1058 Dei
455 1023 497 1056 ira
519 1034 614 1069 super
640 1022 843 1064 simoniacos,
867 1022 938 1056 205
965 1033 995 1056 α.

367 1071 587 1118 Denegeldum
610 1071 656 1106 vel
683 1070 894 1118 danegeldum
918 1070 992 1118 quid
1016 1070 1073 1113 sit,
1100 1071 1172 1104 666
1199 1073 1225 1106 b.
1263 1073 1297 1106 V.
1322 1080 1427 1107 notam
1449 1071 1489 1106 ad
1516 1071 1634 1107 calcem
1661 1071 1778 1107 colum.
1805 1072 1906 1108 eiusd.

368 1121 519 1156 Dextrare
540 1120 616 1168 quid
638 1121 689 1160 sit,
709 1123 773 1155 801
802 1122 830 1154 b.
858 1121 893 1153 V.
922 1128 986 1154 not.
1009 1120 1047 1154 ad
1070 1120 1190 1155 calcem
1213 1121 1330 1156 colum.
1353 1121 1456 1156 eiusd.

368 1170 469 1205 Diana
495 1169 637 1205 Ecclesia
664 1170 838 1205 Viennensi
862 1168 1013 1209 subiecta,
1040 1171 1111 1203 208
1139 1183 1169 1204 α.

368 1220 562 1266 Dignitatum
585 1219 701 1265 gradus
724 1220 755 1253 in
775 1219 919 1254 Ecclesia
939 1219 1126 1262 necessarii,
1154 1222 1226 1253 622
1248 1221 1276 1254 b.

369 1269 531 1310 Diniensis
568 1268 712 1303 Ecclesia
747 1269 805 1302 sub
840 1269 1034 1315 protectione
1063 1268 1173 1314 Apost.
1209 1269 1303 1304 Sedis
1339 1269 1522 1316 suscipitur,
1562 1269 1656 1316 eique
1688 1269 1772 1305 bona
1804 1271 1910 1306 omnia

468 1317 707 1362 confirmantur,
726 1320 797 1352 824
823 1320 841 1351 b
868 1327 897 1352 et
918 1330 978 1362 seq.
997 1317 1175 1352 Duodecim
1199 1319 1344 1353 canonici
1367 1320 1395 1354 ei
1419 1318 1637 1358 inservientes,
1660 1321 1738 1354 ibid.

370 1367 511 1416 Dionysii
538 1366 595 1411 tS.)
617 1367 720 1402 abbati
755 1367 919 1402 mandatur
947 1375 979 1401 ut
1006 1366 1151 1402 abbatem
1181 1376 1212 1402 et
1239 1368 1411 1403 monachos
1444 1368 1616 1403 constituat
1641 1369 1673 1403 in
1705 1368 1847 1404 Ecclesia
1873 1368 1907 1404 S.

467 1416 661 1457 Gemvefae,
683 1425 714 1451 et
740 1429 849 1451 eorum
872 1416 1116 1452 substentationi
1141 1417 1333 1463 providetur,
1356 1420 1422 1452 541
1453 1419 1470 1452 b
1492 1426 1522 1453 et
1542 1430 1602 1463 seq.

370 1466 516 1514 Dionysii
542 1465 612 1510 (S.)
643 1466 682 1501 de
720 1466 887 1512 Nongento
925 1466 1004 1501 cella
1039 1465 1304 1502 Cluniacensibus
1335 1466 1498 1502 monachis
1530 1467 1727 1503 adiudicatur
1762 1467 1912 1503 adversus

469 1515 677 1551 Guillelmum
705 1515 850 1550 abbatem
874 1516 907 1550 S.
938 1515 1020 1550 Petri
1043 1514 1261 1556 Carnutensis,
1284 1518 1356 1552 250
1378 1529 1398 1551 α
1423 1524 1455 1551 et
1475 1529 1535 1561 seq.

370 1565 544 1600 Dioscorus
567 1565 598 1599 in
622 1564 744 1613 synodo
766 1564 1020 1600 Chalcedonensi
1049 1565 1228 1604 damnatus,
1252 1567 1317 1600 449
1340 1567 1368 1600 b.

371 1614 520 1650 Dolensis
541 1623 571 1649 et
591 1614 788 1649 Turonensis
816 1614 976 1650 Ecclesiae
998 1615 1210 1649 controversia
1232 1614 1393 1660 definitur⁷
1418 1616 1486 1650 109
1514 1616 1532 1649 b
1553 1622 1586 1649 et
1609 1627 1670 1660 seq.

371 1663 569 1699 Domicellus
602 1663 742 1698 Gunnari
771 1672 802 1698 et
829 1677 907 1699 uxor
932 1665 1000 1699 eius
1036 1663 1155 1699 Helena
1178 1664 1214 1698 B.
1244 1664 1338 1700 Petro
1368 1664 1519 1700 ecclesias
1550 1664 1674 1711 aliquas
1701 1664 1732 1699 in
1763 1663 1912 1700 Sardinia

470 1713 650 1759 conferunt,
678 1715 747 1748 507
770 1726 800 1748 a.

373 1763 585 1807 Dominicata,
610 1762 686 1810 quid
708 1763 760 1807 sit,
784 1765 854 1797 659
877 1764 905 1796 b.
940 1764 974 1797 V.
998 1771 1062 1797 not.
1088 1762 1125 1797 ad
1153 1763 1270 1798 calcem
1293 1763 1409 1799 colum.
1433 1763 1536 1799 eiusd.

374 1813 625 1856 Dominicatura‚
651 1812 727 1859 quid
754 1813 806 1852 sit,
836 1814 897 1846 174
931 1825 960 1847 a.
997 1814 1030 1846 V.
1058 1821 1122 1847 not.
1142 1812 1181 1848 ad
1203 1813 1322 1848 calcem
1344 1813 1460 1848 colum.
1488 1812 1592 1848 eiusd.

374 1862 545 1897 Domitiani
579 1869 609 1896 et
634 1861 825 1908 Ragueberti
855 1861 940 1906 (Ss.)
965 1862 1194 1897 monasterium
1221 1862 1429 1898 Cluniacensi
1459 1862 1654 1899 monasterio
1684 1862 1912 1905 confirmatur,

473 1913 544 1946 429
566 1913 596 1946 b.

376 1961 488 1996 Donati
510 1960 567 2005 (S.)
591 1959 737 1995 Ecclesia
760 1960 791 1995 in
819 1960 997 1997 Viennensi
1023 1961 1321 2010 archiepiscopatu,
1346 1961 1658 2010 Gratianopolitanae
1688 1961 1850 1998 Ecclesiae
1880 1961 1912 1996 in

474 2018 664 2057 perpetuum
687 2010 895 2050 adiudicatur‚
921 2013 989 2045 152
1012 2013 1039 2046 b.

375 2059 490 2095 Donati
515 2059 571 2104 (S.)
594 2059 633 2094 de
653 2058 786 2094 Scovilla
810 2061 1034 2095 monasterium
1063 2060 1215 2108 Papiensi
1237 2061 1393 2108 episcopo
1418 2061 1600 2102 subiicitur,
1622 2062 1694 2095 258
1717 2063 1746 2095 b.

375 2108 569 2145 Donationes
592 2109 755 2144 Ecclesiae
781 2109 880 2145 factae
907 2122 969 2145 non
996 2118 1071 2145 sunt
1097 2110 1293 2146 revocandae
1318 2111 1366 2145 vel
1393 2109 1640 2156 subtrahendae,
1668 2112 1737 2145 759
1766 2112 1795 2145 b.

376 2157 602 2194 Dunelmensis
623 2158 882 2207 archiepiscopus
909 2159 993 2207 quod
1022 2159 1235 2207 pusillanimis
1266 2160 1515 2195 consuetudines
1547 2160 1674 2207 iniquas
1702 2161 1858 2207 receperit
1883 2168 1915 2194 et

474 2209 649 2243 iuramento
677 2208 848 2243 firmaverit
868 2209 1022 2256 arguitur-3
1053 2209 1136 2257 quod
1170 2221 1243 2245 vero
1272 2209 1402 2245 Henrici
1430 2211 1516 2256 regis
1547 2209 1647 2244 filium
1675 2209 1794 2257 absque
1826 2210 1914 2245 iura-

473 2258 570 2293 menti
594 2259 803 2305 praestatione
832 2267 939 2294 contra
961 2258 1078 2293 Pontis.
1095 2259 1342 2306 prohibitionem
1357 2259 1564 2302 coronaverit,
1579 2259 1619 2295 ab
1636 2260 1722 2295 omni
1738 2259 1914 2307 episcopali

473 2307 626 2353 dignitate
649 2307 868 2356 suspenditur,
895 2310 964 2343 740
990 2321 1010 2344 α
1037 2317 1067 2344 et
1093 2321 1153 2354 seq.

377 2576 588 2614 Eboracensis
613 2579 875 2628 archiepiscopus
899 2581 983 2628 quod
1012 2581 1226 2629 pusillanimis
1256 2581 1505 2618 consuetudines
1545 2581 1672 2630 iniquas
1701 2580 1853 2629 receperit
1884 2587 1915 2615 et

476 2629 650 2666 iuramento
672 2630 841 2667 firmaverit
861 2631 1015 2678 ”guitum
1044 2631 1130 2678 quod
1164 2642 1237 2667 vero
1268 2630 1397 2668 Henrici
1431 2633 1518 2681 regis
1547 2632 1647 2669 filium
1675 2631 1795 2679 absque
1830 2629 1916 2665 iura-
