2180 3205
58 226 108 255 Λη,
123 225 153 254 c,
168 224 231 253 ΗΜ
836 225 1048 247 1>Νειιῑκκιιι6
1078 226 1097 246 ιι
1130 225 1178 247 ιϊ.

292 277 397 307 cultas.
429 294 468 300 —
498 277 680 308 lmmunitns.
711 294 750 300 --
786 277 894 307 Solitae
918 278 1001 306 clan-

292 322 374 352 sulae
395 339 435 344 —
455 322 617 352 litnocentii
636 322 687 351 PF.
707 326 735 351 et
754 322 781 351 S.
800 321 830 350 tt.
848 321 876 350 ti.
902 322 1001 351 cardi·

291 367 402 396 nalium
422 367 665 406 subscriptiones.
690 368 730 398 (n.
750 368 799 403 τ.).

250 431 398 462 Innocentius
431 433 551 472 opiscopus
580 441 658 462 serius
681 441 796 461 seriorum
822 431 878 468 nei,
902 432 1002 461 dilectae

291 478 352 507 tiliae
368 478 481 506 (laet-ittae
496 476 624 506 abbatissae
643 477 775 506 monasterii
794 477 870 506 Sancti
889 476 1002 506 ¹hnlwosil

290 522 318 551 de
341 521 504 559 Petra-Plana,
522 522 617 559 eiusque
637 521 753 550 sororibus
775 524 820 550 tatu
843 521 1003 559 praesentibus

290 575 358 604 quain
374 565 456 596 tuturis
477 567 617 606 regulariter
632 565 807 602 substituendis,
825 566 846 594 iu
866 569 1002 604 perpetuum

290 620 412 640 mansuris.

300 677 349 711 Ad
376 678 434 712 hoc
457 676 640 711 universalis
662 675 814 715 Ecclesia,
836 683 896 710 etc.
911 689 1003 721 nsque

251 727 429 773 fatigentur.
452 726 639 773 Eapropter,
662 725 793 760 dilectae
816 725 845 759 in
864 725 1003 760 Domino

251 777 343 815 filiae,
355 776 466 811 vestris
476 774 715 810 rationabilibus
738 774 1002 821 postulationibus

250 826 423 860 clementer
445 825 626 863 annuimus,
649 832 679 858 ct
715 824 888 871 praefatum
913 824 1000 859 Beati

250 874 409 909 Ambrosii
438 874 678 913 monasterium,
701 873 784 921 quod
810 874 838 907 in
868 873 1003 908 Floren-

250 925 316 958 tino
331 925 514 971 episcopatu
537 923 630 958 situm
655 931 713 965 est,
737 923 796 957 sub
819 922 900 957 beati
918 923 1000 958 Petri

249 981 281 1008 et
295 981 400 1008 nostra
420 973 614 1020 protectione
632 973 836 1019 suscipimus,
859 980 889 1007 et
913 985 1001 1018 prae·

249 1023 348 1057 sentis
385 1022 494 1069 scripti
536 1022 711 1069 patrocinio
748 1022 1001 1061 communimus2

249 1079 433 1115 statuentes,
458 1080 489 1105 ut
523 1083 738 1118 quascumque
773 1072 1001 1118 possessione&

249 1132 471 1168 quaecumque
489 1120 571 1155 bona
589 1121 670 1155 idem
695 1121 921 1155 monasterium
943 1121 1002 1155 im-

251 1171 498 1217 praesentiarum
523 1171 603 1205 iuste
627 1179 656 1204 et
677 1170 827 1204 canonice
850 1171 1001 1216 possidet,

57 1225 237 1280 affssffiffiss.
250 1227 303 1254 aut
320 1220 360 1274 ⁸in
390 1219 527 1254 futurum
562 1231 769 1274 concessione
801 1219 1001 1274 Pontificum,

65 1291 111 1310 cuo
126 1290 232 1309 mn..20.
251 1269 414 1315 largitione
437 1281 544 1315 regum
565 1268 611 1303 vel
636 1281 827 1315 principum,
843 1269 1002 1304 oblatione

57 1319 88 1341 '³⁰
109 1317 237 1345 nonnum,
253 1318 406 1363 fidelium,
420 1330 475 1353 seu
499 1318 588 1353 iustis
610 1318 679 1352 aliis
703 1318 817 1358 modis,
844 1318 909 1352 Deo
930 1331 1003 1365 pro-

252 1368 338 1415 pitio,
362 1368 473 1414 poterit
493 1367 637 1414 adipisci,
660 1368 747 1402 firma
771 1367 858 1401 vobis
882 1369 1002 1402 vestris-

251 1429 312 1464 que
344 1416 588 1452 succedentibus
625 1416 740 1451 illibata
781 1425 1001 1462 permaneant3

250 1466 282 1501 in
308 1466 425 1514 quibus
457 1474 487 1501 et
522 1467 686 1501 ecclesian]
711 1466 818 1501 Sancti
840 1465 1002 1501 Michaelis

251 1515 283 1550 in
308 1515 459 1556 Palchito‚
481 1516 570 1550 sitam
595 1515 672 1549 infra
695 1515 851 1550 ciiitatem
875 1515 1003 1551 Floren-

251 1565 360 1606 tinam‚
393 1577 465 1600 cum
493 1565 643 1600 omuibus
671 1566 737 1600 suis
764 1565 960 1612 appendiciis
985 1577 1001 1600 a

249 1613 422 1649 Godel'rido
444 1615 594 1662 episcopo
617 1613 799 1649 Florentino
834 1614 922 1648 vobis
949 1627 1002 1649 ca-

250 1663 364 1699 nonice
375 1675 571 1705 concessam,
584 1672 614 1698 et
627 1676 685 1698 suo
700 1664 818 1710 scripto
835 1664 1001 1709 firmatam,

163 1731 172 1746 ι
252 1713 380 1760 proprio
422 1714 550 1749 nomine
587 1712 736 1748 duximus
771 1712 1000 1748 adnotandam:

75 1795 82 1802 ,
249 1761 332 1797 salva
353 1762 516 1797 Ecclesiae
530 1762 732 1797 Florentinae
746 1763 896 1797 canonica
915 1775 1003 1798 reve-

76 1821 214 1860 uquereei7
251 1812 361 1847 rentia.
392 1811 580 1859 Recipiendi
607 1812 702 1846 etiam
729 1812 916 1857 oblationes,
940 1821 1001 1847 tam

55 1854 239 1913 ξξῗᾷζηῖξξᾙ
252 1872 308 1908 pro
334 1861 412 1896 vivis
432 1873 526 1909 quam
550 1873 607 1908 pro
633 1861 793 1896 defunctis
814 1861 934 1908 absque
948 1862 1004 1897 ali·

59 1916 102 1967 dvt‘·
116 1922 223 1952 «uenero
251 1909 344 1945 cuius
365 1911 612 1945 contradictione
635 1910 763 1945 liberam
787 1911 875 1945 vobis
891 1923 1001 1946 conce-

66 1949 239 1999 024'1'22'2521'2'
251 1958 357 1994 dimus
396 1959 586 1994 facultatem.
627 1960 832 2007 Sepulturam
875 1972 1002 2007 quoque

127 2011 167 2030 Ν·
250 2008 352 2055 ipsius
373 2008 501 2043 liberam
521 2020 591 2044 esse
612 2010 784 2049 sancimus,
804 2018 836 2043 ut
854 2010 1002 2056 quicum-

250 2069 312 2104 que
342 2069 376 2092 se
410 2057 474 2093 illic
505 2057 633 2105 sepeliri
662 2057 914 2096 deliberaverint,
942 2059 1000 2094 nisi

251 2111 330 2146 forte
351 2112 613 2147 excommunicati
635 2112 710 2153 sint,
724 2112 832 2147 nullus
855 2112 1000 2147 obsistat:

250 2165 333 2200 salva
366 2173 471 2201 tamen
506 2166 622 2201 iustitia
659 2166 798 2201 matricis
830 2166 1000 2202 Ecclesiae.

83 2221 211 2245 hnutm.
250 2219 460 2255 Decernimus
485 2232 573 2266 ergo,
595 2229 630 2255 ut
651 2220 728 2255 nulli
752 2220 882 2254 omnino
901 2220 1004 2255 homi-

252 2285 328 2308 num
341 2272 442 2315 liceat,
461 2274 635 2320 praefatum
652 2282 787 2308 vestrum
811 2274 999 2309 coenobium

251 2334 370 2362 temere
390 2327 588 2375 perturbare,
614 2335 667 2362 aut
693 2329 761 2363 eins
783 2328 1002 2374 possessiones

251 2381 385 2426 auferre,
408 2381 454 2416 vel
468 2381 586 2417 ablatas
612 2381 760 2423 retinere,
779 2382 933 2422 minuere,
949 2391 1001 2417 aut

251 2435 411 2483 aliquibus
425 2435 644 2471 vexationibus
665 2435 810 2482 fatigare3
825 2435 881 2470 sed
897 2437 1001 2471 omnia

252 2489 373 2536 integra
399 2498 625 2525 conserventur
646 2490 768 2534 vestris,
799 2497 829 2524 et
854 2489 1000 2535 aliorum,

251 2554 310 2590 pro
334 2555 468 2590 quorum
495 2542 724 2589 gubernatione
757 2551 787 2578 et
819 2543 1002 2578 substenta-

252 2596 337 2633 tione
369 2609 517 2633 concessa
551 2605 637 2639 sunt,
664 2597 776 2633 usibus
806 2597 1000 2633 omnimodis

1680 215 1688 230 V

1682 215 1743 246 ⁴533
1817 226 1848 251 tn
1879 225 1897 251 c
1925 227 1986 252 wi:

1046 278 1217 323 prosatum.
1246 277 1278 312 Si
1303 291 1362 325 qua
1382 277 1475 323 igitur
1497 277 1707 314 ecclesiastica
1733 288 1791 312 vtc.
1822 287 1900 306 §duu-
1916 288 1975 307 ‘tw

1044 328 1174 361 Cunctis
1190 337 1292 361 autem
1314 337 1372 361 ctc.
1391 328 1502 361 Amen.
1823 319 1889 337 ‘'¹¹⁴⁴’'

1093 376 1163 411 Esto
1186 376 1399 412 Issocnsrit‘s
1439 377 1607 412 catholicae
1637 377 1794 412 Ecclesiae
1824 387 1991 409 humenti-1¹¹⁸.

1044 438 1213 473 opiscopus
1235 439 1276 460 ss.

1094 475 1158 521 Ego
1185 475 1351 510 Conradus
1378 475 1563 510 Sabincnsis
1585 476 1682 523 episc.
1708 490 1748 510 ss.
1810 497 1830 513 et
1847 494 1865 513 s.
1888 493 1909 513 ιι,
1932 494 1957 514 ι;.-
1976 496 1979 499 ·

1095 524 1161 569 Ego
1188 524 1349 559 Gerardus
1367 525 1469 571 presb.
1487 525 1571 559 eard.
1593 527 1639 560 tit.
1658 527 1795 561 Sati-:tae
1810 562 1818 572 ς
1832 526 1978 575 ““,’,Ῑῖζ“,“,““,’μ“”ᾱ

1043 573 1156 609 Crucis
1180 574 1208 607 iu
1239 573 1431 608 Hierusalem
1455 587 1497 608 ss,

1094 623 1160 669 Ego
1187 624 1357 657 Ansclmus
1381 623 1483 670 presb.
1507 623 1591 658 card.
1615 624 1660 658 tit.
1685 624 1792 659 Sancti

1043 671 1204 707 Laurentii
1231 672 1259 706 in
1283 672 1400 707 Lucina
1424 685 1466 707 ss.

1092 721 1160 767 Ego
1188 721 1340 756 Martinus
1372 722 1475 769 presb.
1505 722 1589 756 card.
1615 722 1657 756 tit.
1685 723 1792 757 Sancti

1043 770 1194 817 Stephani
1220 771 1248 804 in
1272 770 1380 806 Coelio
1404 779 1509 805 monte
1536 784 1577 806 ss.

1092 820 1159 866 Ego
1187 819 1338 855 Boethius
1362 820 1466 868 presb.
1491 821 1574 855 card.
1611 820 1656 855 tit.
1686 822 1793 857 Sancti

1044 869 1220 905 Clementis
1246 883 1290 904 ss.

1094 919 1160 965 Ego
1182 918 1289 954 Guido
1313 920 1415 966 presb.
1444 921 1528 954 card.
1553 919 1632 954 tituli
1661 919 1795 956 Sanctae

1043 968 1200 1003 Caeciliae
1224 982 1265 1003 ss.

1092 1018 1161 1064 Ego
1182 1018 1321 1052 Thomas
1341 1019 1500 1066 presbyter
1526 1019 1694 1054 cardinalis
1716 1019 1794 1054 tituli

1043 1067 1192 1102 vesanae
1211 1080 1252 1101 ss.

1093 1117 1160 1161 Ego
1182 1117 1356 1163 Gregorius
1383 1117 1463 1152 diac.
1487 1116 1571 1152 card.
1604 1118 1794 1153 Sanctorum

1043 1166 1142 1211 Sei-gii
1166 1175 1195 1200 vt
1218 1166 1333 1201 Bacchi
1357 1179 1398 1201 ss.

1092 1216 1160 1261 Ego
1182 1215 1257 1250 Otto
1285 1217 1438 1251 diaconus
1471 1216 1556 1251 card.
1591 1216 1625 1264 S.
1648 1215 1794 1263 Gregorii

1043 1265 1081 1300 ad
1108 1265 1379 1299 Velum-Aurcum
1403 1278 1444 1300 ss.

1094 1315 1161 1361 Ego
1192 1314 1331 1349 Vas-sallo
1359 1315 1513 1350 diaconus
1539 1315 1658 1350 cardin.
1687 1315 1794 1350 Sancti

1045 1364 1203 1399 Eustachii
1232 1377 1273 1398 ss.

1092 1414 1160 1459 Ego
1183 1412 1323 1447 L'baldus
1346 1413 1499 1448 diaconus
1521 1413 1641 1449 cardin.
1659 1413 1795 1449 Sanctae

1044 1463 1158 1498 Mariae
1181 1463 1211 1496 in
1240 1462 1296 1497 vta
1326 1463 1399 1498 Lata
1422 1476 1463 1497 ss.

1092 1513 1159 1558 Ego
1177 1512 1369 1547 Octavianus
1390 1513 1541 1547 diaconus
1561 1513 1730 1548 cardinalis
1748 1514 1795 1547 tit.

1043 1562 1149 1597 Sancti
1173 1561 1290 1596 Nicolai
1316 1562 1344 1596 in
1367 1561 1502 1597 Carcere
1525 1574 1566 1596 ss,

1091 1611 1205 1646 Datum
1229 1611 1373 1646 Laterani
1402 1624 1458 1658 per
1485 1624 1613 1646 manum
1637 1612 1793 1660 Aymerici

1043 1670 1167 1696 sanctae
1193 1660 1356 1695 Romanae
1379 1661 1540 1696 Ecclesiae
1562 1661 1684 1696 diaconi
1707 1662 1792 1696 card.

1043 1718 1073 1745 et
1095 1709 1284 1751 cancellarii,
1311 1722 1345 1744 tv
1368 1723 1467 1745 nonas
1496 1711 1579 1749 maii,
1616 1711 1722 1745 indict.
1748 1723 1791 1751 iv.

1044 1759 1266 1795 incarnationis
1291 1759 1467 1795 dominicae
1488 1772 1571 1794 anno
1590 1773 1701 1804 arem,
1722 1773 1796 1807 pon-

1043 1810 1178 1844 tificatus
1200 1821 1273 1844 vcro
1299 1808 1408 1844 domni
1435 1809 1609 1845 Innocentii
1638 1810 1741 1856 Papae
1767 1810 1795 1844 lt

1043 1871 1126 1893 anno
1149 1871 1195 1893 xn
1217 1867 1276 1893 etc.

1113 1915 1174 1946 Dat.
1192 1916 1240 1946 die
1258 1915 1294 1945 12
1318 1915 1388 1945 maii
1410 1925 1486 1946 anno
1509 1915 1624 1946 Domini
1644 1917 1729 1951 1141,

1286 1960 1389 1999 pontif.
1408 1969 1485 1989 anno
1508 1969 1556 1990 x11.

1363 2078 1474 2141 Lxxi.

1046 2182 1246 2227 Confirmatio
1267 2184 1456 2222 concordiae,
1480 2184 1574 2217 t'nitae
1595 2184 1674 2217 inter
1694 2186 1794 2219 abba-

1092 2239 1149 2264 tem
1174 2232 1400 2265 cluniacensem
1417 2240 1442 2265 et
1462 2233 1626 2266 monachos
1643 2234 1678 2267 S.
1697 2235 1793 2268 Bene-

1091 2282 1166 2313 dicti
1184 2293 1272 2325 super
1289 2281 1423 2323 Padum,
1445 2282 1478 2314 ιή
1499 2285 1714 2320 controversia,
1736 2297 1788 2322 an,

1091 2331 1146 2363 huc
1173 2332 1390 2363 inonasterium
1415 2331 1462 2364 illi
1485 2332 1651 2372 subiaceat,
1674 2334 1706 2366 in
1732 2335 1791 2367 ab-

1091 2380 1168 2413 batis
1187 2381 1365 2424 praesertim
1385 2381 1524 2414 electione
1546 2383 1606 2424 (l).

1311 2452 1525 2484 SUJMARIL'M

1043 2509 1140 2540 Series
1169 2509 1254 2546 sacti,
1276 2514 1303 2539 et
1334 2511 1463 2541 rationes
1496 2516 1619 2552 utraque
1642 2523 1674 2543 ex
1708 2520 1790 2554 parte

1081 2554 1249 2593 productae.
1280 2571 1321 2576 —
1350 2554 1466 2585 ludices
1498 2566 1588 2596 super
1618 2558 1788 2591 huiusmodi

1076 2611 1115 2646 (t)
1127 2611 1164 2637 Ex
1178 2610 1296 2638 Biblioth.
1309 2611 1384 2639 Clun.
1398 2612 1503 2640 Martini
1513 2614 1634 2649 Marrier,
1645 2616 1693 2643 col.
1709 2617 1786 2645 1405.
