2180 3205
25 222 75 253 An.
91 221 122 250 C.
138 220 203 248 ΗΜ

55 714 173 743 Pauo-tit

2 770 4 775 ⁸
51 746 179 769 electionem

33 777 145 800 mittit
159 781 197 797 ea-

69 807 159 830 nomeu.

858 219 969 243 LtCtt'S
992 219 1014 242 tt
1039 219 1085 242 t‘t’.

219 270 343 307 licentia
380 271 420 307 de
451 272 586 308 clanstro
618 272 799 313 discedere;
828 274 910 320 quod
946 273 970 307 si

219 320 416 361 discesserit,
451 322 557 357 nullus
590 324 833 369 episcopor-uui,
869 321 972 356 nullus

219 370 381 411 abbatum,
406 371 512 406 nullus
539 371 765 406 monachorum
794 372 862 406 sinc
882 383 971 405 com·

220 419 364 453 munium
395 420 554 454 literarum
581 421 726 454 cautione
750 421 837 454 illum
865 420 971 454 susci-

220 468 293 514 piat,
316 468 467 514 quamdiu
492 469 634 504 videlicet
655 470 685 503 in
711 469 848 504 Ecclesia
872 477 970 503 vestra

220 517 361 551 canonici
377 518 495 553 ordinis
511 527 610 558 tenor,
632 518 767 552 Domino
784 526 972 564 praestante,

221 566 363 608 viguerit
386 565 418 601 Si
448 579 537 606 vero,
565 567 707 601 secundo
735 567 781 601 vel
805 566 895 601 tertio
917 578 972 600 vo-

220 623 320 655 catus,
350 615 450 650 redire
471 616 706 670 contempserit,
727 615 970 650 liccateiusilem

221 661 279 698 loci
308 665 498 711 praeposito,
534 664 717 699 canonicam
745 664 775 697 in
799 676 870 698 eum
901 676 974 711 pro-

221 710 302 747 ferre
328 714 527 748 sententiam.
555 712 702 748 Obeunte
726 725 798 748 vero
821 721 861 755 te,
889 725 973 747 nunc

221 761 363 796 eiusdem
391 761 450 798 loci
484 762 672 809 praeposito
700 762 748 796 vet
776 762 812 796 ad
846 762 974 797 alterins

222 809 385 845 Ecclesiae
411 811 549 858 regimen
578 818 770 850 transeunte
805 811 870 846 sive
892 823 974 857 quo-

222 859 297 894 libet
318 868 442 895 tuorum
465 872 697 899 successorum
722 860 826 894 nullus
845 859 884 894 ibi
901 871 975 907 qua·

221 907 298 943 libet
337 909 552 956 subreptionis
592 910 703 944 astutia
745 909 790 944 vel
829 909 972 944 violentia

221 957 429 993 substituatur
454 958 500 993 vel
531 966 758 1005 praeponatur,
795 957 851 992 nisi
879 970 973 1005 quem

189 1007 193 1011 ’
222 1005 332 1042 fratres
350 1008 510 1042 communi
529 1019 700 1046 consensu,
722 1015 774 1042 aut
803 1019 872 1053 pars
895 1019 975 1042 con-

120 1161 187 1180 tui-nm

31 1189 83 1212 hibi
102 1188 141 1210 sibi
155 1187 211 1210 ‹ieli-

17 1230 23 1234 ·
45 1225 95 1247 ton
109 1218 196 1241 cuilibet

69 1249 170 1276 indolem.

47 1446 158 1470 mmmm
176 1452 213 1474 pro

19 1504 22 1509 Ι
34 1478 163 1500 {munitate
176 1476 216 1498 Bc-

47 1508 126 1531 oio-tu
140 1509 200 1530 eluz-

93 1539 140 1561 uem
147 1546 154 1566 3

0 1934 1 1944 l
16 1953 19 1956 ’
35 1947 38 1950 ”
63 1946 113 1970 &n
125 1946 194 1969 sotius

0 1974 1 1984 ¹
77 1977 183 2000 dnn-ntis.

222 1055 282 1090 silii
305 1056 448 1100 sanioris,
475 1056 650 1091 secuudum
680 1056 736 1090 Dei
764 1057 922 1096 timorem,
945 1064 975 1090 et

222 1103 305 1140 beati
327 1105 496 1151 Augustini
522 1105 662 1152 regulam
685 1105 837 1140 canonice
861 1106 975 1152 provi-

225 1153 328 1188 derint
366 1154 559 1201 eligendum.
607 1154 810 1201 Sepulturam
849 1167 976 1201 quoque

225 1202 326 1250 ipsius
352 1203 410 1238 loci
434 1204 561 1239 liberam
597 1215 666 1238 esse
698 1203 914 1244 concedimus,
943 1212 976 1238 ut

226 1263 350 1291 eorum,
373 1252 426 1299 qui
447 1265 480 1288 se
501 1253 563 1287 illic
579 1252 705 1299 sepeliri
725 1252 975 1292 deliberaxerint,

226 1310 383 1336 extremae
418 1302 568 1336 toluntati
604 1309 634 1336 et
672 1301 828 1336 devotioni
870 1301 977 1337 nullus

226 1350 369 1391 obsistat,
388 1351 447 1385 nisi
459 1350 574 1386 fuerint
589 1351 868 1385 excommunicati;
892 1351 976 1386 salva

227 1406 332 1434 tamen
372 1399 490 1434 iustitia
525 1399 662 1434 matricis
698 1399 860 1434 Ecclesiae
891 1412 976 1434 suae.

226 1447 436 1484 Decernimus
461 1461 549 1495 ergo,
571 1456 605 1483 ut
628 1447 703 1482 nulli
726 1449 854 1483 omnino
881 1449 978 1484 homi-

229 1509 303 1532 num
331 1497 422 1532 liceat
451 1498 618 1545 praefatam
654 1497 825 1532 Ecclesiam
861 1506 978 1533 temere

229 1546 427 1594 perturbare,
454 1555 508 1582 aut
528 1548 596 1582 eius
623 1546 703 1581 bona
731 1547 780 1581 vel
802 1547 979 1594 possessio-

229 1594 440 1640 nes'aul'erre,
461 1597 507 1631 vel
526 1596 644 1631 ablatas
666 1595 811 1637 retinere,
825 1597 978 1635 minuere,

229 1656 286 1680 seu
306 1644 499 1692 quibuslibet
522 1645 669 1680 indebitis
694 1645 912 1680 exactionibus
931 1645 977 1680 vel

229 1694 384 1729 molestiis
400 1693 546 1740 fatigare3
567 1695 622 1729 sed
645 1694 750 1728 omnia
774 1695 892 1740 integra
909 1706 978 1729 con-

230 1751 404 1785 serventur,
430 1756 556 1788 eorum,
579 1755 636 1791 pro
663 1755 797 1790 quorum
820 1743 979 1789 guberna-

230 1792 317 1828 tione
349 1800 381 1827 et
413 1793 661 1828 substentatione
700 1804 849 1827 concessa
888 1801 979 1832 sunt,

232 1841 341 1876 usibus
366 1842 559 1877 omnimodis
589 1841 771 1889 profutura,
805 1842 892 1876 salva
929 1842 979 1875 ni-

232 1890 347 1925 mirum
392 1890 609 1938 Salisburgen.
648 1891 788 1938 archiep.
829 1891 980 1925 canonica

232 1939 359 1974 iustitia.
385 1939 421 1975 Si
450 1953 513 1988 qua
542 1941 638 1986 igitur
659 1941 689 1974 in
711 1939 852 1974 futurum
875 1940 980 1975 eccle-

231 1989 358 2024 siastica
373 1990 581 2025 saecularisve
600 2001 745 2037 persona,
764 1989 844 2024 lianc
858 1998 981 2024 nostrae

233 2038 467 2074 constitutionis
489 2039 634 2086 paginam
651 2039 766 2083 sciens,
788 2046 896 2073 contra
912 2050 979 2073 eam

233 2094 352 2123 temere
372 2088 479 2123 venire
492 2089 674 2127 tentaverit,
695 2087 836 2122 secundo
852 2087 981 2122 tertiove

234 2137 436 2179 commonita,
463 2138 489 2173 si
512 2150 576 2172 non
602 2137 815 2172 satisfactione
842 2148 981 2183 congrua

235 2192 354 2220 reatum
371 2198 462 2221 suum
481 2187 661 2226 correxerin
691 2186 851 2233 potestatis
878 2185 982 2220 liono-

235 2234 341 2281 risque
362 2235 409 2270 sui
440 2235 592 2282 dignitate
622 2243 744 2276 careat
780 2247 927 2289 reamque
949 2247 982 2269 se

236 2282 342 2319 divino
364 2262 493 2319 iudicio&
507 2285 642 2320 existere
663 2285 701 2318 de
731 2292 905 2339 perpetrita
921 2284 984 2318 ini-

236 2332 354 2379 quitate
375 2342 554 2379 cognoscat,
576 2341 606 2368 et
627 2346 644 2368 a
670 2333 879 2368 sacratissimo
903 2332 984 2367 Cor-

237 2393 361 2428 porcae
378 2381 541 2428 Sanguine
562 2382 662 2426 Dein
670 2386 679 2425 )
701 2383 801 2417 aliena
824 2382 885 2416 liat
901 2381 985 2416 Cun-

236 2430 296 2465 ctis
316 2439 421 2466 autem
443 2431 545 2466 eidem
573 2431 642 2466 loco
676 2443 732 2466 sua
764 2431 830 2465 iura
857 2443 984 2465 servan-

237 2478 322 2515 tibus
342 2480 384 2516 sit
405 2493 465 2528 pax
489 2480 618 2515 Domini
640 2481 737 2516 nostri
761 2480 831 2514 lesu
854 2479 984 2521 Christi,

273 2546 313 2582 (Ι)
328 2546 408 2574 Forte
421 2546 616 2582 supplendum:
639 2551 663 2574 et
682 2547 789 2573 Domini
806 2548 986 2579 Redemptor-is

237 2589 325 2614 nostri·
339 2588 365 2613 1.
382 2587 409 2614 C.
448 2586 485 2623 (n.
503 2590 543 2624 ·r.)

1642 208 1713 240 4953

1014 281 1169 319 qnatenus
1195 280 1225 306 et
1259 272 1309 306 lile
1335 271 1468 306 fructum
1500 271 1600 306 lmnzm
1632 273 1763 305 mtto-iis

1016 322 1202 375 percipiant,
1237 331 1266 355 ct
1293 322 1373 367 apul
1411 322 1587 355 districtum
1622 320 1727 354 lulic
1725 333 1762 354 -in

1016 383 1086 417 prm*
1092 383 1149 404 ΠὶΙιΙ
1172 379 1317 404 aelel'ssssc
1341 371 1425 417 ll'lCiS
1449 371 1617 404 iHVCUialli..
1648 371 1726 403 :ffxllll
1721 382 1762 403 ’.ΙΙ

1063 419 1176 453 Datum
1206 419 1306 453 Later.
1337 432 1534 464 perminimi
1562 419 1694 454 Batonis
1712 431 1764 453 ca-

1016 469 1141 514 pellani,
1170 481 1242 502 non.
1271 469 1393 514 aprilis,
1422 469 1593 502 indirtione
1621 481 1675 506 rii,
1710 469 1764 502 in-

1015 518 1204 552 carnationis
1231 518 1406 551 dominicae
1428 530 1512 552 anno
1533 529 1671 561 nrxtiv,
1691 530 1767 565 pon-

1015 567 1149 601 tilieatus
1177 567 1273 600 nostri
1302 578 1384 600 anno
1412 578 1433 600 Ι.

1073 622 1133 653 Dat.
1156 623 1203 653 die
1221 623 1239 653 5
1261 623 1364 661 aprilis
1384 632 1459 653 anno
1483 622 1598 653 Domini
1618 623 1705 660 1144,

1270 667 1372 706 pontis.
1395 677 1471 697 anno
1490 676 1509 699 1.

1368 802 1422 839 XI.

1019 879 1217 924 Confirmatio
1241 880 1394 923 primatus
1421 879 1586 914 Toletanae
1607 881 1689 914 Eccl.
1708 883 1765 924 (1).

1283 952 1498 983 summittat!

1016 1008 1182 1049 Eirordinm.
1212 1026 1250 1033 —
1279 1009 1435 1040 Raimundi
1459 1010 1673 1050 archiepiscopi
1703 1021 1767 1051 pre-

1056 1054 1141 1084 cibus
1174 1054 1344 1093 indulgens,
1367 1055 1393 1084 ei
1417 1054 1573 1093 primatum
1592 1054 1766 1094 'Hispania-

1056 1108 1121 1128 rum
1140 1099 1294 1129 confirmat
1312 1099 1458 1132 Pontifex;
1475 1115 1514 1121 —
1533 1098 1639 1129 Statuit
1657 1100 1767 1139 quibus

1057 1144 1214 1182 praecipue
1250 1143 1356 1173 diebus
1390 1144 1478 1182 pallio
1514 1144 1553 1173 uti
1586 1144 1700 1173 debeat.
1729 1161 1768 1168 —

1057 1187 1215 1218 Confirmat
1241 1197 1357 1226 quoque
1377 1187 1471 1217 eidem
1501 1188 1546 1216 ius
1569 1190 1768 1226 cognoscendi

1057 1233 1262 1272 episcoporum
1303 1241 1431 1261 causas:
1476 1231 1556 1260 salva
1595 1234 1767 1262 auctoritate

1059 1277 1144 1307 Sedis
1166 1277 1359 1316 Apostolicacm
1378 1292 1416 1298 —-
1443 1275 1679 1314 Complutensem
1709 1276 1767 1306 Ec-

1057 1321 1179 1351 clesiam
1210 1320 1366 1350 Toletanae
1403 1319 1540 1349 subiicit:
1578 1325 1768 1360 caeterasque

1058 1375 1181 1402 omnes,
1204 1375 1279 1404 quae
1302 1365 1465 1404 antiquitus
1498 1365 1525 1393 ei
1557 1364 1768 1403 subiacebsint;

1057 1427 1096 1432 —
1113 1411 1153 1439 Ac
1176 1410 1296 1448 insuper
1314 1408 1469 1444 Ecclesiam,
1488 1418 1562 1447 quas
1581 1410 1616 1438 de
1641 1409 1767 1440 Sarace-

1059 1463 1163 1483 norum
1193 1453 1330 1483 manibus
1350 1453 1491 1482 vindicari
1516 1454 1673 1493 contingat,
1695 1465 1770 1494 quo-

1058 1508 1153 1537 usque
1182 1502 1278 1528 tamen
1297 1497 1332 1527 ad
1352 1498 1506 1536 pristinam
1530 1499 1698 1536 dignitatem
1719 1509 1768 1529 re-

1059 1543 1206 1580 (ligantur.

1019 1615 1111 1643 Lucius
1141 1615 1282 1651 episcopus
1309 1622 1403 1644 servus
1423 1622 1562 1643 servornm
1582 1615 1636 1648 Dei,
1658 1623 1767 1644 venera·

1063 1665 1112 1692 bili
1130 1663 1215 1694 fratri
1242 1665 1388 1693 Raimundo
1413 1664 1539 1693 Toletano
1559 1664 1768 1701 archiepiscopo,

1064 1715 1172 1751 eiusque
1197 1715 1396 1743 successoribus
1415 1714 1542 1743 canonice
1561 1715 1768 1749 substituendis.

1064 1766 1092 1794 in
1110 1766 1279 1801 perpetuum.

1069 1832 1275 1867 Sacrosancta
1297 1831 1438 1867 Romana
1461 1841 1490 1867 et
1512 1834 1693 1879 Apostolica
1707 1834 1771 1868 Ec-

1021 1881 1126 1924 clesia,
1153 1881 1192 1915 ab
1208 1882 1276 1928 ipso
1291 1881 1452 1917 Salvator-e
1475 1883 1617 1917 omnium
1633 1883 1770 1918 Domino

1021 1930 1090 1965 Iesu
1121 1929 1248 1965 Cliristo
1283 1939 1377 1978 caput
1404 1940 1434 1966 et
1461 1932 1554 1966 cardo
1577 1941 1622 1966 est
1658 1932 1771 1967 Eccle-

1021 1981 1137 2014 siarum
1173 1980 1316 2014 oninium
1352 1981 1529 2015 constituta.
1577 1981 1646 2015 Non
1680 1981 1770 2016 decet

1023 2030 1117 2075 igitur
1149 2041 1166 2063 a
1200 2029 1302 2075 capite
1336 2029 1475 2064 membra
1511 2030 1686 2073 dissidere,
1714 2032 1769 2065 sed

1023 2079 1173 2113 eminenti
1199 2078 1310 2113 rationi
1347 2087 1377 2113 et
1407 2091 1562 2126 supernae
1597 2081 1769 2126 provisioni

1023 2128 1132 2175 capitis
1150 2127 1289 2162 obedire.
1318 2127 1506 2162 Moderatrix
1528 2136 1631 2163 autem
1655 2128 1772 2163 discre-

1024 2177 1067 2211 tio
1089 2177 1210 2223 capitis‚
1237 2176 1432 2223 singulorum
1461 2177 1674 2212 membrorum
1702 2178 1771 2212 offi-

1024 2227 1124 2260 ciosas
1150 2225 1290 2260 actiones
1316 2226 1563 2266 confoederans,
1598 2227 1770 2273 unicnique

1026 2276 1073 2309 ius
1095 2283 1123 2309 et
1150 2274 1292 2309 ordinem
1314 2287 1331 2310 a
1357 2284 1466 2310 natura
1492 2276 1694 2310 constitutum
1723 2277 1772 2310 di-

1024 2325 1138 2359 stincte
1159 2332 1331 2363 conservat,
1359 2333 1390 2358 et
1411 2324 1591 2371 quibusque
1614 2325 1772 2360 nobilibus

1027 2373 1197 2408 tenustatis
1222 2385 1298 2408 suae
1320 2373 1516 2419 dignitatem,
1544 2374 1611 2409 sine
1644 2375 1771 2418 invidia,

1025 2423 1131 2458 sociali
1153 2422 1279 2457 caritate
1295 2423 1440 2457 custodit.
1464 2423 1530 2458 Hac
1544 2423 1637 2469 igitur
1651 2424 1771 2458 inducti

1026 2472 1156 2512 ratione,
1184 2471 1335 2506 honorem
1359 2472 1475 2507 nobilis
1501 2482 1531 2507 et
1552 2472 1689 2508 famosae
1707 2472 1772 2507 To-

1027 2521 1146 2556 letanae
1171 2520 1342 2563 Ecclesiae,
1366 2521 1565 2569 Apostolicae
1586 2522 1679 2558 Sedis
1698 2534 1773 2570 pro-

1061 2587 1101 2624 (¹)
1120 2587 1160 2615 Ex
1178 2595 1260 2625 opere
1274 2587 1406 2626 Casteioni
1424 2588 1457 2617 de
1472 2588 1580 2618 Primat.
1599 2589 1683 2631 Tolet-

1779 218 1829 243 An.
1847 215 1876 242 C.
1896 216 1959 242 ttwi

1821 1840 1930 1860 Exordium
