2180 3205
32 258 53 304 '3
72 282 92 298 .
107 269 137 298 c.
155 270 222 297 ¹¹7st

236 324 377 360 secundo
403 325 534 360 tertiove
567 324 771 365 commonita,
803 323 862 358 nisi
887 336 984 371 prae-

235 379 451 426 sumptionem
500 391 588 414 suam
632 378 726 425 digna
771 377 984 412 satisfactione

235 433 417 477 correxerit,
441 433 604 480 potestatis
631 432 823 478 honorisque
849 432 896 466 sui
928 431 984 465 di·-

234 486 352 533 gnitate
373 495 488 528 careat,
515 498 664 534 reamque
685 498 718 521 se
739 486 846 521 «lirino
869 485 984 520 iudicio

234 540 368 577 existere
390 541 430 577 dc
465 549 641 589 perpetrata
670 541 832 587 iniquitate
860 553 984 586 coguo-

233 603 312 636 scat,
344 603 375 630 et
399 608 415 630 a
442 596 653 631 sacratissimo
680 593 822 641 Corpore
848 602 877 628 et
903 594 985 628 San-

233 649 330 695 guine
357 648 413 684 Dei
436 658 466 685 et
487 649 615 684 Domini
638 648 863 695 Retleutptoris
886 649 982 682 nostri

233 701 305 738 Iesu
327 702 446 739 Christi
469 704 568 739 aliena
592 705 654 744 liat,
675 711 767 750 atquc
792 703 820 737 in
843 711 984 737 extremo

233 757 378 793 examine
391 758 551 793 districtae
567 757 676 791 ultioni
703 756 872 791 subiaceat.
901 756 986 790 Cun-

63 807 220 868 ἰῢῐῐῆἳω
234 810 292 846 ctis
312 820 416 846 autem
439 812 540 847 eidem
565 811 634 846 loco
656 823 712 846 sua
742 811 807 844 iura
830 811 985 845 servanti-

190 853 216 868 Μ
234 863 295 900 bus
320 865 360 900 sit
381 877 440 912 pax
469 865 596 900 Domini
625 864 721 900 nostri
750 864 818 899 lvsu
853 864 984 905 Clu-isti,

79 912 82 913 ⁷
233 927 391 966 quatenus
421 928 452 954 et
487 919 538 954 liic
560 920 696 954 fructum
725 919 825 954 bonae
852 919 984 953 actionis

232 972 425 1020 percipiant,
461 981 491 1008 et
524 973 606 1021 apud
643 972 819 1007 districtum
844 973 981 1008 ludicem

234 1027 370 1074 praemia
392 1035 535 1063 aeternae
559 1027 645 1075 pacis
667 1027 837 1062 inveniant.
869 1027 982 1062 Arnen.

281 1080 355 1116 EGO
386 1080 591 1117 AtssxANDt-:R
617 1081 789 1117 catholicae
822 1082 983 1117 Ecclesiae

231 1138 404 1187 episcopus
424 1153 466 1175 ss.

279 1197 349 1246 Ego
367 1199 511 1234 Ubaldus
532 1198 691 1234 Ostiensis
714 1198 887 1246 episcopus
905 1212 946 1234 ss.

279 1256 349 1304 Ego
370 1258 552 1293 Bernardus
579 1258 774 1299 Portuensis,
802 1267 832 1293 et
858 1258 892 1293 S.
919 1259 982 1294 Ru-

229 1315 312 1351 finae
334 1317 507 1365 episcopus
529 1330 572 1352 ss.

277 1374 349 1422 Ego
376 1375 558 1412 Gualterius
590 1377 780 1412 Albanensis
813 1377 982 1425 episcopus

229 1433 415 1483 subscripsi.

278 1493 348 1540 Ego
369 1493 503 1530 Ioannes
530 1494 634 1542 presb.
662 1494 748 1529 card.
774 1494 824 1530 Ss.
853 1494 982 1529 Ioannis

229 1559 262 1588 et
280 1551 369 1588 Pauli
392 1553 438 1588 tit.
460 1553 654 1589 Pammacliii
677 1566 718 1589 ss.

278 1610 349 1657 Ego
373 1611 509 1647 Ioannes
532 1612 694 1661 presbyter
715 1612 882 1648 cardinalis
899 1613 979 1648 tituli

230 1667 264 1704 S.
290 1668 476 1705 Anastasiae
501 1683 544 1705 ss.

278 1727 348 1775 Ego
385 1728 574 1764 Guillelmus
613 1729 773 1777 presbyter
812 1729 981 1765 cardinalis

230 1787 313 1823 tituli
337 1786 445 1823 Sancti
466 1788 550 1823 Petri
573 1788 610 1822 ad
632 1788 766 1822 Vincula
791 1800 832 1822 ss.

278 1846 348 1894 Ego
373 1846 458 1882 Boso
480 1847 641 1894 presbyter
662 1846 828 1882 cardinalis
847 1845 981 1881 Sanctae

230 1903 365 1940 Pudeat.
394 1905 439 1939 tit.
468 1905 606 1940 Pastoris
624 1918 665 1940 ss.

278 1962 348 2010 Ego
374 1963 488 1998 Petrus
514 1964 676 2012 presbyter
703 1963 872 1999 cardinalis
900 1963 979 1998 tituli

229 2019 266 2056 S.
294 2021 459 2057 Susanuae
479 2035 522 2057 ss.

278 2079 349 2127 Ego
368 2080 500 2116 Ardicio
526 2081 678 2117 diaconus
710 2081 878 2116 cardinalis
900 2081 979 2116 tituli

230 2137 265 2175 S.
286 2138 445 2175 Theodori
471 2153 513 2175 ss.

279 2197 348 2245 Ego
379 2198 524 2245 Vitellius
557 2199 711 2235 diaconus
737 2199 906 2235 cardinalis
929 2199 979 2235 Ss.

229 2255 334 2304 Sergii
359 2265 391 2292 et
407 2253 531 2293 Bacchi
558 2271 600 2293 ss.

279 2315 396 2351 Datum
417 2316 578 2352 Ferentini
607 2329 664 2365 per
684 2330 813 2352 manum
840 2316 980 2353 Gratiani

230 2381 357 2410 sanctae
388 2375 551 2411 Romanae
571 2376 732 2411 Ecclesiae
764 2377 843 2411 diac.
871 2385 901 2412 et
923 2389 982 2412 no—

231 2432 320 2478 tatii,
352 2445 394 2469 111
431 2433 492 2469 kal.
529 2434 660 2469 ianuarii
698 2447 781 2470 anno
816 2448 979 2476 arctxxlv,

232 2491 434 2540 pontificatus
468 2504 541 2528 vero
573 2492 695 2528 domini
721 2493 893 2529 Alexandri
920 2493 981 2528 Pa-

230 2561 292 2598 pae
315 2549 359 2585 ΙΙΙ
379 2563 463 2586 anno
490 2564 556 2587 ΧΠ.

251 2607 314 2640 Dat.
335 2608 382 2640 die
403 2609 443 2640 30
463 2609 630 2641 decembris
647 2619 724 2641 anno
741 2610 857 2641 Domini
876 2610 962 2648 1174,

485 2658 565 2694 pont.
581 2663 656 2685 anno
673 2663 728 2685 xvr.

105 1100 107 1102 ·
130 1089 162 1111 dri
178 1088 219 1110 1²1³.

52 1187 58 1190 ”
77 1206 98 1216 .
115 1193 140 1216 tt.
160 1193 218 1217 nect.

62 1238 64 1240 -
81 1225 193 1247 rdiualinm

110 1256 209 1284 ‘pliona

851 269 1047 292 ALssxasnER
1072 269 1106 292 ΙΙΙ

1131 269 1178 292 m».
1656 257 1726 290 775
1791 268 1839 294 An.
1855 268 1886 295 c.
1907 268 1969 295 ma

1322 322 1480 358 Lxxvtt.

1025 401 1283 433 .-11·‹·hidiaconnm
1324 407 1350 433 ct
1391 401 1552 434 canonicos
1601 401 1776 434 Asculanae

1077 450 1225 482 lit-clasiae
1251 451 1304 482 suta
1325 451 1508 494 protectione
1527 450 1615 483 Sedis
1647 451 1774 494 Aposto-

1073 500 1147 532 licae
1185 501 1371 544 suscipiens,
1413 501 1523 533 eisdem
1561 501 1642 533 bona
1668 501 1774 533 omnia

1073 557 1234 582 concrmul
1251 576 1259 589 ,
1287 550 1442 594 vitaliaque
1480 550 1614 594 Iarqt'lttr
1644 550 1775 594 priuile-

1072 599 1126 641 ῃία
1154 600 1210 640 tl).

1288 672 1504 703 st'itttantmt

1024 740 1241 770 Exordium.—-
1255 741 1429 772 Canonicam
1445 743 1615 773 huiusmodi
1636 743 1691 773 sub
1708 752 1776 782 pro-

1066 785 1191 814 tectione
1214 785 1298 815 Sedis
1318 786 1502 826 ,ipostolicae
1523 788 1636 827 recipit:
1661 805 1701 810 —
1723 788 1774 818 Ei-

1064 839 1120 868 que
1140 830 1213 858 bona
1245 831 1340 859 onmia
1365 841 1397 860 ac
1417 832 1589 862 donationes
1613 833 1775 863 confirmat.

1063 891 1102 896 —
1123 873 1200 903 bona
1233 875 1374 904 nonnulla
1398 881 1559 913 enumerat,
1588 877 1775 916 propriisque

1064 918 1217 948 vocabulis
1241 920 1384 958 exprimit.
1411 937 1451 942 —
1478 920 1641 951 Canonicos
1659 921 1695 951 ab
1722 931 1774 951 ex-

1066 967 1145 992 terna
1164 972 1350 1003 quacumque
1370 964 1500 994 molestia
1525 966 1634 995 eximit.
1655 983 1695 988 -
1717 965 1774 996 So-

1063 1007 1133 1036 litae
1155 1008 1317 1038 clausulae.
1338 1026 1378 1030 —
1398 1009 1554 1039 Alexandri
1574 1009 1625 1040 1³1¹.
1648 1015 1677 1041 et
1695 1011 1724 1041 S.
1742 1010 1774 1041 R.

1062 1051 1212 1083 Ecclesiae
1235 1053 1428 1083 cardinalium
1452 1053 1694 1093 subscriptiones.

1022 1119 1172 1148 Alexander
1191 1120 1330 1156 episcopus
1350 1127 1444 1149 servus
1469 1128 1609 1150 servorum
1627 1121 1682 1155 Dei.
1707 1122 1774 1151 dile-

1067 1169 1120 1197 ctis
1131 1168 1197 1197 filiis
1209 1170 1346 1204 Raynatdo
1362 1170 1561 1204 archidiacono,
1574 1171 1718 1200 matthaeo*
1729 1179 1774 1200 ar·

1067 1218 1283 1254 chipresbytero.
1306 1221 1336 1248 et
1362 1221 1498 1248 canonicis
1517 1221 1664 1250 Asculanae
1687 1222 1773 1250 Eccle-

1067 1268 1134 1299 siae,
1155 1268 1213 1296 tam
1224 1269 1416 1303 praesentibus
1429 1277 1508 1305 quam
1525 1269 1630 1300 futuris
1648 1271 1774 1301 canonico

1067 1316 1278 1350 substituendis,
1292 1317 1320 1346 in
1331 1319 1504 1354 perpetuum.

1071 1393 1226 1435 Quotiens
1253 1394 1329 1429 illud
1358 1407 1374 1429 a
1402 1396 1494 1431 nobis
1527 1397 1653 1444 petitur,
1686 1399 1772 1446 quod

1023 1443 1166 1489 religioni
1193 1452 1224 1477 et
1249 1443 1404 1479 honestati
1437 1447 1606 1482 convenire
1627 1448 1772 1483 dinosci-

1024 1501 1088 1536 tur,
1109 1494 1215 1527 animo
1239 1506 1295 1528 nos
1317 1494 1407 1529 decet
1428 1495 1562 1531 libenter
1583 1497 1770 1540 concedere,

1023 1551 1053 1576 et
1088 1543 1261 1589 petentium
1291 1543 1456 1580 desideriis
1493 1558 1667 1593 congruum
1704 1548 1771 1583 suf-

1024 1591 1154 1638 fragium
1183 1592 1347 1639 impertiri.
1387 1594 1574 1642 Eapropter,
1606 1597 1711 1632 dilecti
1737 1598 1768 1632 in
1797 1609 1970 1631 Canuuiemnhn-

1021 1641 1158 1676 Domino
1179 1642 1246 1686 lilii,
1265 1643 1373 1678 restris
1396 1644 1486 1679 iustis
1507 1646 1770 1692 postulationibus
1784 1642 1970 1693 [zss'fssgssfu'sffi‘ff

1022 1691 1193 1726 clementer
1213 1693 1400 1733 annuimus,
1435 1703 1465 1728 et
1497 1696 1679 1730 canonicam
1715 1690 1969 1739 νε--ἢνξνεῑοῐῑο-ιετυὲ

1022 1749 1117 1775 stram
1141 1741 1200 1775 sub
1226 1741 1264 1776 B.
1287 1742 1371 1777 Petri
1397 1753 1427 1778 ct
1450 1752 1554 1779 nostra
1577 1746 1769 1792 protectione
1784 1737 1847 1761 ⁶¹⁹¹¹³

1022 1790 1215 1837 suscipimus
1240 1799 1270 1826 et
1293 1793 1466 1839 praesentis
1483 1795 1590 1842 scripti
1608 1796 1770 1842 privilegio

1022 1841 1276 1883 communimus3
1298 1850 1481 1883 statuentes,
1505 1853 1537 1878 ut
1555 1856 1770 1893 quascumque
1797 1857 1862 1885 Eique
1911 1858 1967 1878 tama

1023 1890 1258 1936 possessiones,
1285 1903 1504 1940 quaecumque
1535 1893 1632 1939 bona,
1658 1894 1767 1930 eadem
1784 1891 1861 1913 ⁰¹¹¹''l'''
1882 1896 1906 1910 ³⁶
1928 1890 1968 1909 ‘¹⁰‘

1783 1920 1883 1940 nationes
1913 1926 1968 1940 cun-

1023 1939 1161 1974 Ecclesia
1184 1940 1475 1987 impraesentiarum
1503 1943 1584 1978 iuste
1612 1953 1642 1978 et
1667 1956 1770 1980 cano-
1784 1951 1859 1971 firmat-

1819 1409 1939 1432 Exordium.

1023 1989 1092 2023 nice
1114 1989 1265 2036 possidet,
1287 1992 1386 2026 autin
1405 1991 1544 2027 futurum
1564 1994 1771 2031 concessione

1023 2038 1224 2083 Pontificum,
1251 2039 1415 2086 largitione
1442 2053 1552 2089 regum
1574 2043 1621 2077 rel
1649 2044 1770 2091 princi-

1024 2101 1111 2135 pum,
1138 2089 1296 2124 oblatione
1324 2090 1483 2136 fidelium,
1509 2104 1565 2127 seu
1587 2092 1658 2127 aliis
1679 2094 1770 2130 iustis

1023 2138 1137 2179 modis,
1165 2147 1342 2185 praestante
1367 2140 1525 2186 Domino,
1559 2143 1673 2189 poterit
1702 2144 1771 2179 adi-

1023 2188 1113 2234 pisci,
1146 2188 1233 2222 firma
1258 2189 1348 2224 vobis
1371 2190 1541 2238 vestrisque
1569 2194 1770 2228 successori-

1023 2237 1081 2272 bus
1119 2246 1149 2272 et
1183 2237 1298 2272 illibata
1335 2249 1556 2286 permaneant3
1594 2242 1625 2276 in
1652 2243 1769 2290 quibus

1022 2287 1099 2321 haec
1127 2287 1260 2334 propriis
1281 2288 1430 2323 duximus
1456 2291 1658 2338 exprimenda
1682 2305 1769 2328 roca·
1795 2299 1968 2321 &nummu-¹

1022 2336 1121 2371 bulis:
1161 2336 1304 2371 videlieet
1341 2348 1477 2373 castrum
1517 2335 1968 2389 Maltignanum,{iiissiiiii'sslifssss

1021 2395 1156 2421 castrum
1184 2386 1377 2428 Posmontis,
1402 2397 1537 2424 castrum
1563 2389 1768 2427 Columnatae
1783 2393 1838 2413 ”⁰¹³⁵
1859 2394 1966 2420 “W‘ifflss·

1023 2448 1095 2471 cum
1135 2436 1278 2470 ecclesiis
1316 2449 1425 2472 eorum
1460 2447 1490 2473 et
1522 2440 1670 2475 omnibus
1703 2443 1769 2477 suis

1023 2490 1232 2537 pertinentiis,
1267 2490 1351 2530 rivis,
1389 2492 1526 2538 pascuis,
1562 2494 1651 2528 terris
1676 2497 1770 2531 cultis

1022 2553 1052 2579 et
1078 2544 1222 2585 incultis,
1249 2545 1452 2588 molendinis,
1474 2547 1639 2583 arboribus
1661 2549 1770 2584 fructi-

1058 2620 1097 2655 (ί)
1116 2619 1206 2646 Edidit
1224 2620 1370 2655 Ughellius,
1388 2621 1444 2648 Ital.
1462 2621 1533 2656 Sac.,
1551 2626 1615 2650 tom.
1637 2631 1656 2656 t,
1674 2624 1718 2651 ubi
1736 2624 1770 2653 de

1021 2659 1153 2687 Ecclesiae
1167 2659 1246 2687 huius
1261 2661 1401 2696 episcopis.
1779 2660 1781 2663 ’
