2180 3205
221 250 237 275 Α
246 258 268 274 r..
287 249 314 275 C.
337 251 400 277 {¹553

231 312 275 336 Qun
292 313 320 331 nti
333 316 398 337 possit

219 342 237 361 iii
255 342 347 362 Erclesiu
359 346 399 362 *ia-

218 376 266 392 tuti>
283 374 361 393 itii-bus.

223 1208 332 1235 ipsamque
351 1208 392 1228 Er-

210 1241 321 1260 rlcsiamin
331 1240 392 1259 honis

210 1271 296 1292 iuribus.
317 1274 392 1291 caete-

210 1307 280 1327 wque
296 1302 391 1322 omnibus

210 1332 325 1353 ovinia-frui
335 1336 392 1353 tran-

210 1365 312 1390 quillitate
352 1366 391 1384 de—

210 1397 285 1415 rei-nii.

221 1651 297 1672 Statuit
337 1657 391 1679 poe—

209 1690 220 1701 ιι
230 1690 246 1702 is
264 1686 339 1703 contra
357 1684 391 1703 di-

209 1714 305 1740 plomatis
330 1714 390 1734 huius

209 1744 329 1764 violatores.

224 2496 327 2516 ‚anastasii
343 2492 381 2514 PP.

210 2558 229 2573 et
245 2553 265 2572 S.
284 2552 304 2572 R.
322 2552 392 2572 Eccle-

222 2590 265 2604 siae
278 2584 379 2603 cardina-

217 2615 265 2634 lium
290 2614 385 2633 subscri-

249 2646 341 2672 ptiones.

468 241 537 274 600

417 306 555 341 videlicet
583 317 619 339 eo
647 304 851 350 infrascriptis
873 304 985 338 ‹lii-hus
1008 304 1085 338 inl'ra
1104 317 1157 337 ec-

414 355 539 389 rlrsiam
584 354 800 388 tantummodo
837 355 953 388 utaris:
992 354 1020 386 in
1059 353 1156 387 Natali

413 404 550 443 Domini,
573 404 760 450 Epiphania,
788 403 1006 437 Purilicatione
1025 402 1158 437 Sanctae

411 464 440 488 et
467 466 593 500 semper
616 452 756 497 Virginis
772 453 897 491 Mariae,
921 460 951 486 et
974 453 1003 486 in
1028 453 1160 486 Annun-

411 503 543 537 ciatione
565 502 718 541 eiusdem,
746 502 852 537 Coena
882 502 1020 545 Domini,
1042 510 1071 536 et
1101 502 1158 535 Pa-

411 552 569 586 schalibus
602 551 834 592 festivitatibus,
868 551 1060 586 Ascensione
1092 551 1158 585 Do-

411 602 498 640 mini,
522 601 717 640 Pentecoste,
749 602 776 635 in
802 601 967 635 festivitate
982 601 1014 634 S.
1033 601 1158 634 ioannis

410 651 580 697 Baptistae,
608 651 637 684 in
667 651 814 685 natalitiis
836 651 1049 697 apostolorum
1073 650 1156 684 Petri

410 709 439 734 et
476 700 577 740 Pauli,
611 710 641 735 et
671 700 911 747 Assuinptione,
939 709 968 734 et
990 699 1157 734 Nativitate

411 750 446 783 B.
474 762 662 797 semperque
685 749 822 796 Virginis
844 749 948 783 Matris
971 749 1096 789 Mariae,
1127 750 1156 783 in

409 800 604 834 dedicatione
644 799 687 834 tui
722 799 1023 845 archiepiscopatus,
1061 808 1089 833 et
1126 799 1155 833 in

409 849 619 884 anniversario
646 857 715 883 tuae
754 848 997 883 consecrationis
1029 848 1097 888 die,
1126 849 1155 883 in

408 898 704 945 congregationibus
726 899 959 945 episcoporum,
981 898 1157 932 ordinatio—

411 948 503 982 nibus
529 948 726 988 clericomm,
750 956 779 982 et
802 947 1091 982 consecrationibus
1109 960 1157 983 ec-

408 997 593 1038 etesiarum
623 1006 780 1045 praeterea
803 997 833 1031 in
858 997 1061 1032 translatione
1084 1010 1156 1032 eor-

409 1048 495 1094 poris
523 1048 602 1082 beati
629 1047 880 1086 Bai-theloniaei;
912 1047 995 1093 quod
1024 1054 1074 1081 tua
1100 1047 1156 1082 fra-

407 1097 536 1131 ternitas
561 1098 591 1131 in
622 1097 788 1132 secretario
810 1096 921 1131 debeat
947 1096 1097 1139 induere7
1125 1106 1155 1131 et

407 1147 453 1181 sic
474 1147 512 1181 ad
542 1147 704 1181 missarum
730 1146 880 1181 solemnia
905 1146 1070 1192 proticisci.
1099 1147 1155 1182 De—

407 1197 565 1231 cernimus
587 1209 672 1243 ergo,
697 1205 726 1230 ut
745 1195 820 1230 nulli
838 1196 967 1230 omuino
989 1195 1153 1230 hominum

408 1246 508 1286 liceat,
527 1246 669 1280 eamdem
693 1246 866 1280 Ecclesiam
890 1253 1007 1280 temere
1031 1255 1155 1292 pertur-

408 1295 491 1335 bare,
518 1303 571 1330 aut
598 1296 664 1330 eius
700 1295 915 1342 possessiones
941 1295 1074 1335 auferre,
1108 1296 1152 1329 vel

406 1345 522 1379 ablatas
550 1346 695 1383 retinere,
724 1345 877 1387 minuere,
904 1345 950 1378 vel
980 1346 1154 1379 temerariis

408 1395 623 1430 vexationibus
646 1394 787 1439 fatigat-m
815 1394 868 1429 sed
903 1394 1006 1428 omnia
1036 1395 1151 1441 integra

405 1453 640 1484 conserventur,
663 1457 784 1488 eorum,
809 1456 865 1490 pro
887 1456 1021 1490 quorum
1041 1444 1153 1490 guber-

407 1495 532 1529 natione
553 1503 583 1529 et
607 1493 856 1529 substentatione
887 1505 1036 1528 concessa
1064 1503 1151 1534 sunt,

407 1543 516 1578 usibus
535 1543 725 1578 omnimodis
748 1543 923 1590 profutura:
957 1544 1038 1578 salva
1061 1542 1153 1578 Sedis

406 1593 608 1639 Apostolicae
628 1593 822 1628 auctoritate.
855 1592 887 1627 Si
917 1604 974 1639 qua
999 1593 1094 1640 igitur
1121 1593 1151 1628 in

407 1642 545 1677 futurum
561 1643 772 1678 ecclesiastica
786 1642 992 1677 saecularisve
1008 1655 1151 1690 persona,

406 1692 487 1727 hanc
501 1701 626 1728 nostrae
640 1693 856 1727 concessionis
872 1691 1016 1738 paginam
1037 1692 1151 1736 sciens,

405 1751 512 1777 contra
539 1754 606 1777 eam
636 1751 751 1777 temere
774 1742 878 1776 venire
906 1743 1079 1781 tentaverit.
1107 1755 1154 1776 se-

404 1791 510 1826 cundo
531 1792 661 1827 tertiove
682 1793 887 1830 commonita,
915 1791 940 1824 si
967 1804 1029 1826 non
1059 1792 1153 1826 satis-

405 1841 539 1876 factione
565 1854 701 1888 congrua
728 1840 958 1885 emendaverit,
992 1842 1152 1888 potestatis

405 1890 597 1938 honorisque
619 1891 668 1925 sui
690 1891 842 1937 (lignitate
864 1898 978 1931 eareat,
1005 1903 1153 1937 reamque

405 1953 439 1975 se
454 1940 561 1975 divino
589 1941 704 1975 iudicio
726 1940 765 1975 de
792 1948 964 1987 perpetrata
988 1940 1152 1987 iniquitate

406 1997 576 2036 eognoscat
598 1991 741 2033 existere,
768 1997 829 2024 eta
847 1989 1059 2024 sacratissimo
1073 1989 1153 2025 Cor—

407 2052 482 2087 pore
503 2048 533 2074 et
551 2040 712 2086 Sanguine
732 2039 789 2073 Dei
813 2048 843 2074 et
865 2038 991 2073 Domini
1019 2039 1154 2074 Redem-

406 2089 505 2136 ptoris
527 2090 622 2124 nostri
646 2089 714 2124 Iesu
742 2088 859 2124 Christi
887 2088 988 2123 aliena
1010 2088 1073 2129 fiat,
1099 2097 1153 2123 at-

405 2151 466 2186 quc
489 2139 518 2172 in
541 2147 681 2173 extremo
703 2139 846 2173 examine
864 2138 1023 2173 districtae
1043 2139 1151 2173 ultioni

405 2188 574 2223 subiaceat.
597 2188 728 2223 Cunctis
749 2196 853 2222 autem
866 2187 967 2223 eidem
985 2188 1054 2222 loco
1074 2189 1152 2223 iusta

405 2238 601 2272 servantibus
631 2239 671 2272 sit
705 2251 761 2285 pax
789 2236 915 2272 Domini
951 2238 1048 2272 nostri
1083 2237 1152 2272 lesu

405 2286 538 2327 Cliristi;
573 2296 728 2335 quatenus
755 2295 785 2321 et
809 2287 861 2322 hic
887 2286 1021 2322 fructum
1052 2287 1152 2322 bonae

405 2338 538 2371 actionis
574 2338 760 2384 percipiant,
798 2346 830 2372 et
866 2336 949 2384 apud
977 2336 1152 2371 districtum

405 2385 544 2420 Iudicem
568 2387 703 2433 praemia
718 2395 862 2421 aeternae
881 2386 967 2434 pacis
982 2386 1152 2421 inveniant.

405 2435 519 2469 Amen.

455 2484 527 2518 Eoo
551 2485 749 2520 Ammmsms
775 2494 833 2520 cat.
867 2485 954 2520 Ecel.
982 2485 1079 2532 episc.

455 2533 523 2579 Ego
551 2533 618 2580 Ugo
641 2534 763 2568 Ostien.
789 2535 886 2581 episc.

458 2582 524 2628 Ego
546 2584 707 2618 Guarinus
728 2584 922 2619 Praenestin.
947 2583 1031 2618 Eccl.
1054 2583 1153 2631 episc.

459 2658 1053 2668 ·················

999 249 1185 272 nt'tJAtttL'at
1209 249 1368 271 ROMANK'M

1249 351 1313 397 Ego
1342 351 1473 386 Iacobus
1499 352 1583 386 card.
1611 352 1645 386 S.
1673 352 1799 387 Calixti.

1248 401 1313 447 Ego
1343 429 1349 434 .
1381 429 1386 434 .
1417 430 1423 435 .
1455 429 1461 435 .
1492 402 1595 449 presb.
1625 402 1697 436 card
1704 429 1893 436 ......

1247 451 1313 496 Ego
1338 450 1478 485 Ubaldus
1501 451 1603 498 presb.
1627 452 1710 486 card.
1733 451 1767 484 S.
1787 451 1946 486 Praxetlis.

1248 500 1313 545 Ego
1337 500 1431 535 lulius
1455 501 1557 547 presb.
1581 501 1664 535 rard.
1683 501 1728 534 tit.
1745 501 1779 535 S.
1796 500 1946 535 Marcelli.

1249 549 1314 595 Ego
1341 550 1532 585 Octavianus
1554 550 1656 598 presb.
1686 550 1769 584 card.
1797 550 1830 584 S.
1862 549 1948 584 Cae-

1198 599 1300 633 ciliae.

1247 648 1313 695 Ego
1336 649 1482 683 Astaldns
1506 649 1608 696 presb.
1630 649 1798 684 cardinalis
1820 648 1944 683 tituliS.

1199 697 1333 732 Priscae.

1246 747 1314 794 Ego
1341 747 1474 782 Ioannes
1502 748 1605 796 presb.
1635 747 1720 783 card.
1743 747 1793 782 Ss.
1818 747 1945 782 loannis

1197 805 1227 831 et
1253 797 1353 831 Pauli.

1247 846 1312 892 Ego
1334 846 1471 883 Cencius
1493 847 1596 894 presb.
1619 847 1702 882 card.
1726 846 1776 881 Ss.
1800 846 1891 881 Nerei
1915 855 1945 881 et

1197 896 1340 931 Achillei.

1246 945 1312 990 Ego
1341 974 1347 979 .
1377 975 1383 980 .
1414 974 1420 980 .
1451 975 1457 981 .
1486 947 1565 982 diac.
1588 946 1671 981 card.
1691 946 1724 980 S.
1748 945 1887 992 Georgii.

1244 994 1310 1041 Ego
1333 995 1470 1031 iacintus
1497 997 1576 1031 diae.
1599 995 1684 1030 card.
1712 997 1746 1029 S.
1775 995 1888 1031 Mariae
1911 996 1941 1030 in

1196 1043 1378 1079 Cosmediu.

1245 1093 1312 1140 Ego
1339 1095 1471 1130 Ioannes
1497 1095 1577 1130 diac.
1603 1095 1687 1129 card.
1715 1094 1764 1129 Ss.
1792 1094 1894 1141 Sergii
1910 1103 1940 1129 et

1208 1144 1323 1178 iacchi.

1245 1243 1357 1278 Datum
1396 1244 1539 1279 Laterani
1574 1256 1628 1291 per
1661 1255 1772 1278 manus
1804 1243 1940 1278 Rolandi

1195 1292 1227 1326 S.
1258 1293 1293 1327 P..
1324 1293 1358 1327 E.
1388 1294 1523 1342 presbyt.
1541 1293 1624 1328 card.
1648 1302 1678 1327 et
1700 1293 1890 1332 cancellarii,
1923 1305 1940 1327 x

1195 1341 1253 1375 kal.
1277 1344 1392 1381 octob..
1419 1344 1526 1378 indict.
1550 1356 1573 1386 ι,
1596 1342 1819 1377 incarnationis
1845 1341 1940 1377 domi-

1195 1392 1282 1426 nicae
1308 1405 1390 1426 anno
1417 1405 1534 1436 meriti,
1563 1392 1760 1439 pontificatus
1781 1404 1855 1426 vero
1881 1392 1939 1426 do-

1196 1442 1257 1475 mni
1287 1442 1442 1476 Anastasii
1471 1443 1513 1477 IV
1538 1455 1621 1477 anno
1648 1455 1669 1476 1.

1195 1497 1252 1528 Dat.
1271 1498 1316 1528 ilie
1339 1500 1375 1528 22>
1403 1500 1589 1539 septembris,
1611 1509 1688 1529 anno
1718 1499 1834 1529 Domini
1853 1498 1938 1536 1153,

1451 1545 1550 1584 pontif.
1569 1555 1644 1575 anno
1663 1555 1681 1575 t.

1545 1710 1598 1745 tlt.

1195 1787 1395 1829 Privilaqium
1435 1785 1658 1827 immunitatis,
1693 1784 1941 1827 omnimodaeque

1241 1841 1439 1885 e.re›11ptz'onis
1453 1839 1632 1873 monasterii
1648 1839 1683 1871 S.
1700 1839 1840 1871 Antln'ini'
1852 1849 1940 1869 ›1101‹-

1242 1897 1278 1929 lz's
1302 1896 1410 1937 Helui,
1445 1905 1604 1938 rerumque
1633 1894 1769 1926 omnium
1798 1892 1841 1924 ad
1860 1891 1940 1924 illud

1240 1950 1454 1995 perti'nencitun
1480 1948 1674 1991 confirmatio
1696 1948 1750 1989 (l).

1461 2026 1558 2057 SUMM
1564 2024 1647 2055 ARIU
1651 2025 1674 2055 M

1195 2091 1360 2121 Exordium.
1381 2107 1418 2112 -
1434 2089 1567 2119 Pontifex
1582 2088 1734 2117 confirmat
1752 2087 1815 2116 iura
1831 2085 1939 2121 omnia,

1234 2146 1266 2166 ac
1284 2136 1358 2165 bona
1371 2133 1540 2164 monasterii
1555 2133 1655 2162 huius.
1668 2149 1707 2154 -
1721 2131 1796 2161 lllud
1811 2131 1938 2161 liberum

1234 2181 1268 2210 ab
1296 2180 1375 2209 omni
1398 2177 1559 2218 episcopali
1581 2176 1795 2211 iurisdictione,
1824 2175 1939 2215 solique

1234 2225 1315 2254 Rom.
1354 2223 1487 2253 Pontifici
1536 2221 1700 2252 subiectum
1734 2220 1880 2255 declarat;
1900 2237 1940 2242 ——

1233 2270 1463 2308 Exemptumque
1481 2267 1516 2296 ab
1529 2267 1608 2296 omni
1620 2266 1764 2296 saeculari
1783 2269 1938 2305 potestate:

1233 2331 1272 2336 —
1293 2313 1425 2343 Decimas
1448 2321 1561 2346 omnes,
1582 2312 1698 2350 aliaque
1725 2319 1811 2341 onera
1842 2310 1939 2340 indul-

1233 2364 1289 2397 get.
1310 2375 1349 2380 —
1371 2357 1491 2386 Abbatis
1519 2356 1690 2386 electionem
1720 2355 1755 2384 ad
1779 2355 1938 2384 monachos

1233 2405 1393 2440 dumtaxat3
1415 2402 1665 2431 consecrationem
1687 2409 1755 2430 vero
1789 2400 1824 2429 ad
1856 2398 1937 2428 Rom.

1234 2448 1403 2477 Pontificem
1427 2451 1558 2486 spectare
1577 2446 1715 2476 decernit.
1735 2462 1776 2467 —
1795 2444 1937 2473 Altarium

1234 2501 1350 2532 quoque
1372 2491 1608 2521 consecrationes
1625 2514 1632 2526 ‚
1667 2498 1766 2519 sacros
1802 2488 1939 2523 ordines,

1235 2538 1351 2576 aliaque
1363 2536 1532 2566 huiusmodi
1548 2545 1563 2564 a
1574 2543 1631 2573 quo
1647 2533 1767 2563 libuerit
1778 2531 1937 2571 recipiendi

1234 2582 1372 2620 episcopo
1400 2579 1502 2610 tribuit
1533 2578 1709 2608 facultatem.
1726 2593 1765 2599 -
1782 2575 1938 2605 Nonnullis

1230 2643 1268 2678 (t)
1289 2643 1326 2669 Ex
1346 2641 1526 2677 Ugheli.‚1tal.
1544 2640 1613 2672 Suc„
1632 2643 1695 2667 tom.
1718 2646 1775 2665 vni.

1965 247 2015 273 An.
2033 246 2060 273 C.
2080 247 2146 272 ¹¹55
