2180 3205
153 263 203 289 Au.
220 261 248 287 C.
270 262 334 289 ΗΠ

163 2002 336 2028 Quareinierec-

151 2033 285 2053 clesiasticos
302 2033 336 2053 dl-

151 2069 208 2083 versi
225 2065 267 2083 siut
286 2069 336 2089 gra—

152 2094 197 2114 dus.

401 255 469 287 804

398 319 466 365 Ego
507 318 599 363 llugo
633 317 713 352 (liae.
752 315 838 351 card.
874 315 908 351 S.
940 314 1102 350 Eustachii

348 368 431 402 iuxta
456 367 609 413 ternplum
637 366 797 412 Agrippae
823 378 864 400 ss.

398 417 512 450 Datum
531 415 670 450 venetiis
685 416 715 449 in
731 414 889 454 Rivoalto,
904 425 960 461 per
974 425 1101 447 manum

348 465 487 500 Gratiani
515 464 549 499 S.
581 464 621 499 R.
647 464 685 499 Ε.
713 463 898 498 subdiaconi
921 470 952 497 et
978 462 1102 505 notarii,

348 527 409 548 vni
433 514 502 548 idus
524 513 657 557 octobr.‚
680 513 787 547 indict.
807 525 851 553 xx,
870 512 987 546 incarn.
1015 511 1101 545 dom.

347 576 398 598 an.
430 575 618 604 mccxxvn,
649 561 851 609 pontificatus
888 573 962 595 vero
993 559 1101 594 domni

347 612 518 647 Alexandri
544 612 649 659 Papae
675 611 717 645 III
740 622 822 645 anno
844 623 909 644 xix.

397 669 459 699 Dat.
478 669 524 700 die
544 669 561 699 8
580 668 710 699 octobris
729 677 806 698 anno
828 666 946 697 Domini
966 666 1052 703 1177,

586 712 690 753 pontif.
706 721 783 741 anno
800 720 859 742 xix.

661 870 777 906 XCIII.

347 944 549 989 Confirmatio
564 944 714 977 bonorum
729 943 865 976 omnium
880 942 1100 981 Ecclesi'arum,

395 994 652 1027 monaste-riorum
693 993 735 1026 ad
774 992 997 1036 Aquileiensem
1039 991 1101 1023 Ec-

394 1043 463 1075 cles.
489 1042 718 1087 pertinentium,
747 1053 783 1074 ac
814 1041 1036 1074 iurisdictionis
1067 1041 1100 1072 in

395 1093 545 1125 sexdecim
571 1091 600 1124 ei
618 1091 756 1124 subiectis
782 1090 1003 1135 episcopatibus
1025 1090 1083 1131 (1).

628 1159 842 1190 SUMMARIUM

344 1219 442 1256 Quare
458 1219 534 1249 inter
549 1217 769 1247 ecclesiasticos
785 1217 893 1247 diversi
909 1217 968 1247 sint
979 1217 1099 1255 gradus.

383 1281 424 1287 —
452 1262 652 1302 Aquileiensis
675 1261 806 1291 Ecclesia
837 1270 871 1290 ex
902 1261 1099 1291 nobilioribus

384 1307 565 1338 Occidentis.
582 1323 623 1328 —
644 1305 745 1335 Eidem
768 1305 815 1335 ius
839 1314 928 1344 super
950 1306 1099 1335 sexdecim

384 1353 573 1392 episcopatus
588 1351 753 1380 confirmat.
769 1367 809 1372 —
823 1349 1099 1388 Iustinopolitanam

386 1406 454 1426 vero
482 1401 510 1426 et
527 1395 732 1433 Tergestinam
758 1394 794 1424 ad
814 1399 928 1432 tempus
959 1394 1045 1430 unit;
1061 1410 1101 1415 —

384 1440 446 1477 Quo
469 1440 593 1479 expleto,
609 1438 781 1478 episcopum
802 1438 919 1476 utrique
938 1437 1099 1466 instituen-

385 1486 453 1515 dum
473 1494 488 1514 a
513 1483 677 1522 patriarcha
696 1481 879 1520 Aquileiensi
902 1480 1046 1509 concedit.
1062 1497 1101 1502 —

384 1528 543 1558 Confirmat
554 1535 671 1566 quoque
684 1526 779 1555 eidem
794 1525 891 1554 omnia
910 1525 1100 1561 monasteria,

383 1590 423 1596 -—
443 1572 478 1602 Et
504 1571 586 1611 pallii
605 1579 704 1606 usum,
725 1586 765 1592 --
786 1569 826 1598 Ac
855 1569 952 1598 crucis
981 1569 1098 1607 praela-

385 1618 504 1647 tionem.
525 1631 565 1637 —
592 1613 712 1644 Caetera
731 1621 849 1651 quoque
881 1611 968 1649 bona,
990 1621 1023 1641 ac
1043 1612 1098 1642 do-

385 1662 521 1690 nationes
545 1667 646 1688 omnes
664 1661 742 1687 ratas
762 1656 859 1685 habet.

344 1730 495 1759 Alexander
514 1729 654 1764 episcopus
670 1734 765 1756 servus
778 1733 916 1756 servorum
943 1726 998 1759 Dei,
1022 1732 1099 1755 vene·

392 1779 475 1808 rabili
503 1778 590 1806 fratri
618 1775 725 1806 Valrico
755 1775 932 1811 Aquileiensis
967 1775 1100 1804 Ecclesiae

391 1827 579 1865 patriarchae.
603 1826 714 1862 eiusque
744 1823 945 1853 successoribus
975 1823 1121 1852 canoniam

390 1876 580 1909 instituendis,
596 1875 624 1904 in
642 1875 816 1911 perpetuum.

399 1944 488 1979 Licet
514 1944 656 1979 omnium
692 1941 907 1989 apostolorum
936 1953 991 1988 par
1018 1949 1101 1976 esset

350 1993 496 2037 dilectio,
527 2002 556 2027 et
584 2004 694 2027 omnes
731 1991 849 2037 ligandi
890 1998 921 2025 et
959 1990 1100 2026 solvendi

351 2043 494 2077 eamdem
513 2041 691 2088 acceperint
708 2047 911 2087 potestatem3
934 2040 1018 2075 iuxta
1037 2052 1100 2074 ver-

351 2094 426 2126 bum
450 2101 552 2126 tamen
577 2090 657 2125 beati
679 2090 814 2132 Leonis,
840 2088 925 2123 velut
947 2089 1100 2135 quaedam

351 2149 470 2176 servata
493 2149 540 2175 est
563 2142 646 2174 iuxta
668 2151 723 2173 eos
741 2138 901 2173 distinctio
923 2137 1100 2183 dignitatis3

351 2199 381 2225 et
404 2192 456 2224 uni
480 2191 586 2224 datum
618 2197 685 2228 est,
721 2195 754 2222 ut
780 2187 911 2221 caeteris
939 2187 1101 2233 praeside—

352 2247 413 2274 ret:
452 2241 547 2285 inque
582 2238 728 2272 eumdem
770 2236 878 2282 utique
906 2236 1034 2270 modum
1069 2236 1100 2270 in

352 2288 493 2322 Ecclesia
517 2290 574 2321 Dei
602 2286 775 2320 ciliciorum
811 2284 890 2319 facta
916 2293 964 2319 est
990 2285 1101 2330 digni-

936 260 1124 284 BULLARIUM
1146 260 1309 283 ROMANUM

1907 261 1958 286 An.
1977 261 2006 286 C.
2019 260 2086 288 117⁷

1142 314 1244 349 dentis
1265 314 1304 349 ab
1325 313 1463 360 antiquis
1484 313 1679 361 temporibus
1705 313 1890 361 Aquileien-
1926 320 2069 348 Aquileiense

1142 375 1208 397 sem
1237 370 1359 398 constat
1384 363 1559 398 Ecclesiam
1586 363 1737 404 extitisse,
1763 375 1842 410 quae
1859 373 1890 399 et
1903 352 2087 404 ξῑῗῗὲῖἷέἶςῗοὲἷ

1142 412 1324 447 excellentia
1364 412 1528 458 diguitatis
1553 411 1698 452 emicuit,
1725 419 1755 446 et
1784 424 1890 448 sacro·
1904 414 1982 434 deffl-

1142 469 1266 496 sanctae
1303 461 1447 495 Romane
1484 461 1646 495 Ecclesiae
1688 460 1821 495 fideliter
1860 470 1891 497 et

1142 510 1253 544 devote
1274 511 1414 544 noscitur
1431 510 1612 545 adhaerere.
1640 508 1733 544 Unde
1751 518 1780 544 et
1801 511 1892 556 Apo-

1141 559 1252 594 stolica
1290 559 1392 594 Sedes
1424 559 1527 594 eidem
1566 559 1728 593 Ecclesiae
1765 571 1891 606 semper

1143 609 1207 642 iura
1230 615 1261 643 et
1282 608 1450 655 dignitates
1471 620 1544 643 suas
1565 608 1762 643 conservavit
1787 617 1891 643 atten-

1141 657 1216 697 tius,
1243 665 1274 691 et
1304 657 1458 705 praelatos
1491 656 1591 704 ipsius
1619 657 1808 704 propensius
1829 657 1892 693 ho-

1142 706 1283 749 noravit,
1323 715 1353 741 et
1381 707 1479 741 iustas
1517 706 1748 753 postulationes
1779 719 1889 742 eorum

1141 754 1312 802 benignius
1350 755 1514 790 admittere
1553 756 1729 790 consuevit.
1764 756 1889 803 Eapro-

1142 811 1220 850 pter‚
1247 804 1436 839 venerabilis
1462 804 1494 838 in
1519 803 1647 839 Christo
1669 804 1762 839 frater
1782 805 1890 852 Aqui·
1917 817 1988 839 iii-iem
2003 820 2035 840 ius
2054 826 2088 841 su-

1141 853 1269 888 leiensis
1297 854 1481 900 patriarcha,
1503 853 1570 894 tibi,
1592 861 1622 887 et
1644 865 1700 900 per
1718 861 1748 888 te
1763 862 1889 889 sauctae
1903 851 2089 907 ξζζῗζῗξξᾙζζ

1140 901 1340 949 Aquileiensi
1374 902 1553 942 Ecclesiae,
1580 903 1631 937 cui
1658 910 1786 938 auctore
1821 903 1888 938 Deo
1903 887 1979 933 firmi·

1141 963 1274 997 praeesse
1300 951 1507 998 dignosceris,
1541 951 1579 985 ad
1613 951 1772 998 exemplar
1800 963 1890 998 prae-

1140 1000 1316 1035 decessoris
1331 1001 1428 1035 nostri
1451 1001 1552 1036 bonae
1574 1001 1745 1035 memoriae
1758 1001 1890 1036 Adi-iani

1141 1049 1244 1096 Papae
1269 1057 1455 1096 potestatem
1477 1062 1572 1097 super
1583 1049 1744 1084 sexdecim
1762 1051 1890 1097 episco-

1140 1107 1243 1144 patus,
1279 1099 1423 1133 videlicet
1452 1098 1631 1139 Polensem,
1658 1099 1890 1145 Tergestinen.,

1141 1147 1357 1192 parentinen„
1376 1148 1540 1192 petenen„
1556 1147 1794 1190 Emouiensem,
1809 1149 1891 1184 C0n=

1139 1197 1293 1240 cordien.,
1318 1197 1505 1237 'l'ai·visien.,
1533 1196 1754 1238 Genetensem,
1782 1197 1890 1232 Bellu-

1140 1258 1226 1287 nen.,
1264 1246 1516 1287 Feltrenensem,
1538 1246 1799 1290 paduanensem,
1827 1247 1890 1281 Vi-

1139 1296 1381 1339 centinensem,
1419 1295 1653 1339 Tridentineu.,
1680 1295 1889 1331 Mantuanen-

1140 1357 1218 1385 sem,
1241 1344 1472 1386 Veronensem,
1499 1344 1746 1389 Cumanensem‚
1771 1353 1889 1380 metro-

1141 1393 1265 1439 politico
1298 1395 1366 1429 iure
1399 1393 1612 1429 concedimus.
1640 1393 1717 1428 Item
1745 1394 1888 1429 Iustino-
1915 1409 2078 1437 iustinopoiim-

1140 1443 1309 1489 politanam
1338 1455 1411 1478 vero
1438 1443 1627 1487 Ecclesiam,
1657 1455 1751 1490 quam
1774 1443 1830 1477 tibi
1857 1452 1888 1478 et
1901 1447 1949 1461 ”³¹¹¹
1977 1446 2029 1461 “²¹⁰
2066 1443 2088 1462 ‘²²

1139 1492 1298 1527 Ecclesiae
1321 1500 1391 1527 tuae
1417 1492 1623 1527 nihilominus
1649 1492 2061 1537 coiifii‘mamus,¹emi³usuni²;

1139 1541 1247 1576 sedem
1281 1541 1493 1588 episcopalem
1520 1541 1561 1576 de
1589 1541 1730 1576 omnium
1757 1541 1888 1576 fratrum

1141 1599 1317 1625 nostrorum
1347 1590 1480 1625 consilio
1503 1590 1712 1630 instituimus,
1747 1590 1789 1625 ita
1811 1592 1889 1636 qui-

1140 1639 1229 1683 dem,
1264 1648 1299 1673 ut
1332 1639 1519 1674 venerabilis
1552 1639 1646 1675 frater
1671 1646 1778 1674 noster
1810 1640 1890 1674 Ber-

1140 1689 1257 1723 nardus
1279 1701 1363 1723 nunc
1384 1688 1527 1723 eiusdem
1549 1688 1611 1723 loci
1638 1688 1807 1735 episcopus
1826 1697 1888 1724 tam

1140 1738 1222 1772 illam
1255 1750 1349 1784 quam
1376 1737 1592 1784 Tergestinam
1615 1737 1804 1779 Ecclesiam,
1831 1750 1891 1774 nec

1141 1799 1203 1821 non
1231 1794 1261 1822 et
1288 1795 1387 1821 totum
1420 1788 1647 1834 episcopatum,
1680 1786 1822 1834 quandiu
1843 1787 1892 1822 vi-

1119 1837 1230 1881 :xerit,
1263 1835 1375 1871 debeat
1411 1836 1571 1878 obtinere3
1608 1845 1640 1871 et
1669 1848 1706 1871 eo
1728 1835 1889 1876 defuneto,

1118 1874 1232 1921 ¹liceat
1269 1885 1322 1920 tibi
1360 1885 1399 1920 de
1443 1885 1578 1920 consilio
1616 1885 1888 1931 suffraganeorum
1915 1898 1960 1926 Quo
1985 1899 2086 1926 expiem,

1141 1943 1266 1969 tuorum
1293 1946 1366 1969 cum
1401 1933 1495 1969 Sedis
1520 1934 1723 1981 Apostolicae
1749 1937 1889 1970 auctori·
1903 1930 2089 1988 ζξζςσῖξξᾷζζζῗ

1118 1988 1122 2022 3
1141 1992 1213 2028 tate,
1236 1984 1267 2018 in
1286 1991 1429 2030 utraque,
1456 1984 1480 2018 si
1505 1983 1652 2028 volueris,
1674 1992 1705 2019 et
1726 1983 1889 2019 facultates
1902 1992 1949 2012 dum
1963 1997 1977 2011 a
1994 1993 2087 2027 eatfiarss

1140 2045 1245 2067 earum
1270 2033 1307 2067 ad
1330 2032 1390 2068 hoc
1416 2032 1608 2068 sufficientes
1633 2033 1810 2079 agnoveris,
1836 2022 2087 2074 se-{220233¹,¹⁰¹⁰¹¹⁵¹

1141 2082 1211 2116 dein
1227 2082 1390 2117 restituere
1407 2082 1628 2128 pontificalem.
1650 2082 1800 2118 Abbatias
1814 2094 1890 2130 quo-

1119 2143 1202 2177 ,que
1239 2130 1441 2175 osciancen,
1475 2130 1636 2175 Rosiaen.,
1672 2131 1891 2177 Velamanen.,
1915 2139 2088 2176 Confirmatiuo-

1119 2187 1122 2214 ζ
1141 2180 1324 2219 Mosiacen.,
1347 2179 1539 2220 Sextenien.,
1561 2179 1729 2222 Priteseu„
1756 2180 1889 2216 Sanctae
1902 2171 2088 2226 {if-:iiffloeffi

1120 2229 1258 2264 lMariae
1278 2228 1316 2263 ad
1339 2229 1523 2274 Organum,
1551 2228 1584 2264 S.
1612 2229 1810 2276 Euphemiae
1849 2230 1890 2265 de

1120 2281 1123 2292 ’
1142 2278 1321 2322 Villanova,
1347 2278 1493 2323 Sitioen,
1514 2278 1762 2325 olvenburgen„
1788 2279 1891 2326 Aqui-

353 2345 514 2383 tatumque
536 2336 712 2379 diveisitas‚
745 2342 775 2368 et
804 2334 841 2368 ad
866 2334 1000 2368 maiores
1028 2341 1103 2368 sunt
1121 2336 1124 2378 ξ
1142 2328 1220 2361 leia&
1250 2328 1373 2362 unii-um
1393 2339 1497 2362 ⁴unum
1521 2330 1744 2363 monasterium
1772 2330 1891 2363 sancti-

353 2395 485 2420 statutae
515 2397 684 2432 pei-sonae,
712 2394 791 2429 quae
826 2390 855 2417 et
891 2383 1102 2429 praerogativa

353 2436 515 2480 dignitatis
550 2443 739 2476 eminerent,
767 2439 797 2466 et
829 2431 960 2466 aliarum
995 2443 1101 2466 curam

355 2484 487 2517 babeant
513 2485 709 2529 ampliorem.
749 2480 851 2515 Unam
879 2492 952 2515 vero
979 2480 1017 2514 de
1052 2480 1103 2514 di-

1121 2375 1339 2421 gmonialium,
1373 2376 1506 2411 alterum
1539 2389 1571 2411 in
1597 2379 1722 2412 civitate
1742 2377 1890 2412 Austriae

1121 2430 1359 2501 Reonstructum
1386 2427 1416 2459 in
1460 2425 1611 2460 honorem
1646 2425 1754 2461 beatae
1781 2426 1890 2461 Gene-

1144 2475 1228 2508 tricis
1249 2486 1374 2520 semper
1401 2474 1537 2520 Virginis
1562 2475 1697 2516 Mariae,
1731 2474 1786 2509 tibi
1809 2475 1890 2509 tuis-

353 2532 518 2577 gn'iorilms
540 2544 568 2565 ez
593 2529 800 2565 nobilioribus
826 2529 976 2564 Ecclesiis
1006 2529 1103 2564 Occi·
1142 2534 1204 2569 que
1229 2523 1467 2558 successoribus
1493 2524 1640 2558 duximus
1667 2524 1887 2559 roborandam.

389 2596 428 2630 (t)
445 2596 534 2622 Edzdit
551 2595 663 2630 Ugliell„
677 2594 732 2622 ltal.
745 2595 816 2627 Sec„
829 2597 893 2621 tom.
905 2602 933 2627 v,
948 2593 993 2620 ubi
1013 2593 1046 2620 de
1056 2593 1104 2620 hac

354 2635 480 2663 Ecclesia.

1143 2571 1356 2607 Nihilominus
1391 2572 1480 2607 vobis
1513 2580 1544 2607 et
1580 2572 1614 2608 S.
1654 2572 1815 2607 Michaelis
1847 2572 1888 2608 de

1142 2620 1274 2656 lemine
1299 2621 1542 2661 nraeoosituras,
1576 2621 1813 2668 Aquileiensein
1834 2621 1889 2657 ci-

1901 1470 2046 1496 'tergestinam
2062 1472 2088 1492 :id
2118 1466 2124 1471 ¹
