2180 3205
55 210 92 235 An
120 207 145 233 C.
167 207 231 234 llltll

890 207 1003 230 LUCICS
1033 209 1053 229 tt
1084 208 1130 229 ΙΨ.

1673 195 1740 228 489
1807 205 1856 231 An.
1875 205 1902 231 c.
1920 206 1987 231 tituta

245 260 309 295 siae
336 268 455 295 vestrae
487 261 618 295 clericos
651 269 703 295 ant
737 261 797 295 illic
831 269 883 294 ant
918 261 990 294 alibi
1035 269 1064 294 ct
1089 261 1138 294 liic
1167 261 1299 294 fructum
1322 260 1421 294 bonas·
1445 259 1578 293 actionis
1602 260 1787 306 percipiant,

244 310 405 353 ordinare,
441 311 486 344 vel
516 311 664 347 retinere:
702 324 757 344 nec
787 310 993 356 parochianos
1035 318 1063 342 ct
1086 309 1168 355 apud
1196 310 1370 343 ‹listi-ictum
1399 309 1537 343 Iudicem
1564 309 1698 354 praemia
1728 320 1788 342 :te—

243 358 400 404 qnoslibct
427 358 574 400 iudicare,
603 371 705 406 neque
728 371 802 393 suos
839 359 867 392 in
893 367 991 392 vestra

242 406 382 442 Ecclesia
419 408 550 442 clericos
581 409 789 448 constituere,
824 419 926 454 neque
953 407 992 441 de

242 456 376 502 publicis
398 457 584 491 criminibus
608 457 817 503 poenitentias
835 456 990 496 indicere;

242 517 334 550 porro
356 513 416 539 tam
444 505 480 539 B.
504 505 597 540 Marci
626 506 777 545 ecclesia,
801 518 893 551 quam
921 517 991 539 cac-

241 561 324 588 terae
355 554 520 594 ecclesiae,
560 555 604 589 vel
637 554 839 589 ecclesiarum
867 554 988 593 clerici,

239 601 320 637 intcr
341 604 483 638 eamdem
508 603 686 650 parochiam
713 603 774 637 snb
795 610 893 637 vestra
911 603 990 636 obe-

238 650 355 687 dientia
378 659 408 686 et
430 652 635 699 dispositione
661 653 850 691 consistant;
879 652 989 685 inobe-

237 699 359 735 dientes
387 712 477 741 vero,
513 701 595 735 iuxta
619 709 716 735 sanct.
734 712 890 735 canonum
914 712 989 734 san-

237 749 369 794 ctiones,
379 757 448 784 tuae
458 751 616 796 potestatis
629 758 832 784 coerceantur
845 749 985 783 arbitrio.

54 803 102 828 'm
120 806 222 833 eiusdem,
237 796 320 833 Sane
341 799 380 833 de
403 798 601 833 monasteriis
628 797 676 833 Ss.
701 797 823 836 Hilarii,
846 798 985 844 Georgii,

41 836 369 892 23::2;:„?“¹”¹“Nicotai‚
393 846 526 882 sanciae
544 847 668 890 cruos,
691 847 724 881 s.
747 847 928 888 zachai-1³0,
951 846 983 881 s.

235 895 409 937 Laurentii,
435 896 470 931 S.
500 896 636 936 Erasmi,
671 895 704 929 S.
727 896 864 934 Seruili,
898 908 985 930 catn-

235 944 307 979 dem
327 945 415 980 vobis
441 945 649 980 obedientiam
677 956 860 992 permanere
885 946 985 979 sanci-

235 1006 318 1034 mus,
352 1006 446 1042 quam
482 994 740 1041 praedecessores
774 994 864 1028 vestri
901 994 983 1028 obti-

235 1044 343 1078 nuisse
366 1051 549 1078 noscuntur.
572 1043 671 1078 Porro
685 1043 814 1078 abbates
834 1043 863 1077 in
884 1052 982 1078 vestra

234 1092 381 1138 parochia
415 1094 575 1128 constituti
615 1092 758 1139 publicas
798 1093 909 1126 missas
950 1093 980 1126 in

233 1140 384 1177 Ecclesiis
407 1154 467 1176 non
491 1142 557 1177 suis
580 1142 708 1176 minime
722 1141 880 1176 celebrare
897 1154 983 1187 prae-

233 1199 369 1225 sumant.
397 1191 565 1227 Sancimus
599 1191 704 1231 etiam,
739 1199 773 1224 ut
796 1190 850 1226 illi.
873 1191 925 1237 qui
949 1192 979 1225 in

234 1248 332 1274 vestra
356 1240 504 1287 parochia
525 1240 651 1276 assidue
677 1248 922 1279 commorantur,
950 1249 980 1274 et

201 1296 203 1299 '
232 1288 348 1334 quibus
383 1298 442 1324 tam
471 1290 548 1336 ipsis
582 1301 675 1336 quam
710 1300 818 1323 eorum
855 1288 979 1324 familiis

231 1337 406 1382 spiritualia
439 1338 683 1381 administratis,
719 1338 859 1372 decimas
893 1338 979 1373 vobis

230 1385 350 1433 absque
371 1384 502 1422 alicuius
523 1387 769 1423 contradictione
788 1387 976 1433 persolvant.

230 1434 442 1471 prohibemus
462 1445 579 1482 autem,
603 1445 634 1470 ut
650 1436 755 1470 nullus
777 1436 888 1482 episc„
911 1437 978 1471 nul-

231 1483 280 1519 lus
300 1484 407 1526 abbas,
434 1486 492 1530 eis,
514 1494 576 1520 tam
604 1486 688 1519 sanis
709 1497 802 1531 quam
827 1485 976 1527 infirmis,

230 1532 356 1579 publice
381 1535 603 1581 poenitentiam
624 1535 796 1580 iniungere„
823 1534 910 1569 vobis
928 1535 977 1569 in-

230 1583 393 1627 consultis,
421 1584 480 1618 nisi
505 1584 583 1619 sorte
611 1591 740 1630 urgente
768 1584 877 1617 mortis
903 1585 976 1618 arti-

230 1631 313 1672 ento,
335 1632 458 1667 audeat.
483 1633 531 1667 Ad
560 1634 636 1668 haec
654 1633 837 1667 adiicientes
864 1632 976 1667 decer-

231 1680 356 1722 nimus,
401 1690 434 1716 ut
478 1694 695 1729 quascumque
737 1683 976 1728 possessiones,

230 1741 447 1778 quaecumque
473 1731 571 1776 bona,
605 1732 714 1766 eadem
749 1730 888 1766 Ecclesia
917 1732 977 1766 im-

230 1780 478 1825 praesentiarum
500 1781 581 1816 iuste
602 1793 638 1815 ac
665 1780 803 1826 legitime
826 1780 976 1827 possidet,

229 1836 282 1861 aut
309 1828 341 1863 in
363 1828 502 1864 futurum
526 1830 687 1874 canonice,
714 1837 891 1876 praestante
909 1829 977 1865 Do-

229 1876 333 1922 mino,
361 1879 474 1925 poterit
487 1879 630 1926 adipisci,
654 1880 740 1914 firma
763 1878 830 1919 tibi,
852 1879 977 1926 tuisque

230 1927 466 1963 successoribus
479 1929 510 1962 in
523 1936 721 1976 perpetuum,
743 1935 774 1962 et
795 1928 976 1963 intemerata

57 1987 200 2011 &timeon-
231 1985 444 2021 permaneant.
480 1977 513 2012 Si
549 1979 620 2025 quis
652 1978 746 2024 igitur
771 1977 976 2024 imposterum

26 2019 184 2044 '-‘¹¹¹⁵¹‘''³⁸’·
230 2023 305 2059 huic
337 2034 461 2061 nostrae
493 2027 711 2062 constitutioni
748 2034 864 2060 temero
900 2039 977 2061 con-

231 2073 323 2109 traire
352 2076 526 2120 tentaverit,
552 2077 692 2111 secundo
727 2076 855 2111 tertiove
889 2088 977 2110 com-

231 2123 382 2168 monitus,
394 2125 418 2158 si
430 2137 492 2159 non
504 2125 712 2160 satisfactione
722 2137 858 2170 congrua
875 2137 978 2160 emen—

231 2171 360 2214 daverit,
381 2175 542 2220 potestatis
556 2174 746 2221 honorisque
764 2174 812 2208 sui
827 2174 977 2220 dignitate

231 2228 345 2262 careat,
369 2234 520 2270 reumque
534 2236 567 2258 se
582 2223 687 2259 divino
707 2223 822 2258 iudicio
845 2224 977 2258 existere

232 2268 272 2304 de
294 2279 467 2317 perpetrata
501 2273 665 2319 iniquitate
697 2280 877 2318 cognoscat,
904 2281 935 2307 et
961 2285 976 2306 a

231 2319 428 2355 sanctissimo
450 2320 590 2368 Corpore
616 2329 645 2356 et
667 2321 828 2368 Sanguine
860 2321 918 2356 Dei
947 2330 977 2356 et

230 2366 358 2403 Domini
383 2369 606 2417 Redemptoris
632 2372 728 2405 nostri
760 2370 828 2405 Iesu
860 2370 975 2405 Christi

231 2417 352 2453 alienus
378 2418 451 2462 [iat⁷
477 2428 570 2467 atque
596 2420 627 2454 in
662 2428 801 2454 extremo
835 2420 977 2455 examine

232 2464 391 2503 districtae
413 2467 523 2503 ultioni
536 2468 706 2504 subiaceat.
722 2468 855 2503 Cunctis
873 2477 976 2503 autem

220 2511 332 2550 'eidem
354 2517 516 2553 Ecclesiae
537 2530 592 2553 sua
624 2519 689 2552 iura
716 2517 912 2553 servantibus
938 2518 978 2552 sit

231 2575 293 2612 pax
312 2565 440 2601 Domini
460 2568 555 2602 nostri
579 2567 648 2602 lesu
667 2567 796 2607 Christi,
823 2575 978 2613 quatenus

310 2623 385 2654 Ball.
407 2624 484 2656 Rom.
508 2625 563 2655 Vol.
586 2624 622 2654 II.
782 2623 820 2653 652

1036 366 1140 392 ternae
1169 359 1252 404 pacis
1281 359 1450 392 inveniant.
1481 359 1592 392 Arnen.

1084 406 1152 441 Eoo
1186 406 1304 442 Luctus
1327 407 1499 442 catholicas·
1528 406 1686 441 Ecclesiae
1709 407 1785 452 cpi——

1032 467 1148 499 scopus
1176 463 1234 489 rte.

1084 504 1149 549 Ego
1171 504 1338 539 conradus
1362 504 1549 539 Sabinensis
1576 504 1672 551 episc.
1697 513 1756 539 etc.
1801 518 1856 552 ers.
1874 518 1896 538 tt.
1913 518 1959 540 ccci
1980 533 1984 535 .

1838 412 1893 434 Lucii
1910 414 1948 435 1³1².

1082 553 1148 595 Ego
1172 553 1337 587 Albericus
1355 554 1476 587 ostien.
1501 555 1597 600 episc.
1627 563 1685 587 etc.
1813 550 1971 600 ,ζζζιῗ“’5ζ[,ῗζ“’,

1081 602 1146 645 Ego
1172 602 1289 636 linarus
1316 602 1515 636 Tusculanus
1545 603 1642 649 episc.
1672 611 1730 637 etc.
1844 611 1934 636 paone..

1080 646 1146 694 Ego
1168 651 1226 684 SS.
1257 651 1360 696 presb.
1384 651 1468 686 card.
1494 652 1539 685 tit.
1576 651 1688 685 Catixti
1719 659 1780 685 etc.

1079 699 1143 744 Ego
1170 699 1343 734 Gilibvrtus
1379 701 1480 746 presb.
1513 700 1597 735 card.
1636 700 1715 734 tituli
1745 700 1779 735 S.

1028 747 1136 782 Marci.

1079 797 1144 841 Ego
1175 796 1342 831 Rainerius
1375 798 1479 844 presb.
1516 798 1599 832 card.
1630 798 1708 832 tituli
1743 799 1775 832 S.

1025 845 1177 891 Stephani
1203 847 1230 880 in
1259 845 1369 881 Coelio
1390 855 1505 881 monte.

1074 894 1140 940 Ego
1162 894 1344 930 Mansredus
1372 896 1477 942 presb.
1507 895 1591 930 card.
1628 897 1708 930 t'ttuti
1741 896 1775 931 S.

1024 943 1172 978 Sabinae.

1073 992 1138 1038 Ego
1164 991 1336 1038 Gregorius
1371 993 1450 1028 diac.
1487 993 1571 1027 card.
1600 993 1633 1027 S.
1669 994 1772 1040 Sergii

1023 1048 1053 1075 et
1076 1041 1200 1076 Bacchi.

1072 1090 1140 1135 Ego
1161 1090 1266 1125 Guido
1288 1091 1368 1126 diac.
1392 1091 1476 1126 card.
1506 1091 1556 1125 Ss.
1580 1091 1716 1127 Cosmae
1743 1102 1773 1127 et

1022 1139 1178 1174 Damiani.

1071 1189 1138 1234 Ego
1168 1188 1329 1224 Gerar-dus
1363 1189 1442 1224 diac.
1472 1189 1556 1223 card.
1584 1189 1618 1225 S.
1653 1190 1771 1226 Mariae

1021 1237 1050 1271 in
1080 1238 1244 1272 Domnica.

1068 1286 1135 1333 Ego
1162 1287 1335 1334 Gregorius
1361 1287 1394 1321 S.
1418 1286 1578 1323 Romanae
1609 1288 1768 1324 Ecclesiae

1021 1335 1169 1381 indignus
1196 1336 1276 1371 diac.
1306 1337 1428 1383 scripsi.

1068 1385 1257 1431 Rodulplms
1288 1385 1368 1420 diac.
1405 1386 1489 1421 card.
1523 1386 1557 1421 S.
1586 1386 1701 1421 Luciae
1738 1387 1767 1421 in

1018 1433 1113 1480 Septa
1132 1434 1226 1469 Solis.

1066 1482 1136 1517 Dat.
1165 1484 1232 1518 Lat.
1262 1495 1317 1530 per
1343 1495 1469 1518 manum
1498 1484 1629 1519 Baronis
1655 1486 1768 1532 capel-

1018 1531 1092 1572 lani,
1126 1540 1156 1566 et
1192 1532 1365 1578 scriptoris,
1393 1545 1438 1567 xit
1472 1532 1531 1567 kal.
1562 1533 1686 1581 aprilis,
1717 1535 1767 1569 in-

1017 1581 1091 1615 dict.
1103 1593 1160 1619 vit,
1178 1582 1328 1616 incarnat.
1340 1581 1766 1628 dominicae,ann01ucxuv‚

1019 1630 1217 1676 pontificatus
1239 1642 1311 1665 vero
1330 1629 1367 1664 D.
1392 1631 1478 1666 Lucii
1501 1631 1528 1665 ΙΙ
1555 1631 1617 1665 ΡΡ.
1642 1644 1724 1665 anno
1744 1645 1764 1668 1.

1070 1686 1129 1717 Dat.
1149 1687 1195 1717 die
1213 1687 1246 1716 21
1273 1687 1369 1716 martii
1391 1697 1466 1717 anno
1485 1687 1601 1718 Domini
1628 1689 1712 1726 1144,

1269 1727 1372 1766 pontis.
1396 1737 1473 1758 anno
1494 1737 1514 1758 1.

1309 1792 1447 1801 ———

1356 1873 1424 1908 VII.

1019 1941 1220 1985 Confirmatio
1241 1942 1432 1979 concordiae,
1463 1943 1558 1976 initae
1578 1943 1657 1974 inter
1677 1953 1764 1974 cano-

1066 1991 1147 2023 nicos
1180 1991 1380 2024 Rutltenenses
1410 1998 1436 2024 et
1463 1993 1625 2024 monachos
1651 1991 1767 2023 Massi-

1067 2039 1182 2077 lienses,
1206 2051 1295 2084 super
1327 2041 1450 2074 ecclesia
1484 2041 1518 2074 S.
1547 2040 1707 2082 Atttatttt't',
1740 2045 1766 2070 ct

1065 2090 1219 2132 sepultura
1246 2090 1357 2122 ciuium
1376 2090 1613 2122 Ruthenenst‘tmt
1635 2090 1690 2130 (l).

1284 2161 1499 2192 SUMMARIUM

1019 2217 1382 2248 Exortlium.—Ecclesias
1391 2229 1463 2258 quas
1474 2217 1685 2247 monasterium
1698 2229 1765 2258 pos-

1058 2262 1146 2297 sidet,
1162 2262 1216 2291 sub
1232 2263 1409 2300 protectione
1421 2261 1504 2292 Sedis
1517 2262 1700 2299 Apostolicae
1717 2273 1766 2293 su-

1058 2305 1154 2344 scipit,
1169 2323 1208 2327 —
1220 2307 1258 2335 Ac
1272 2307 1421 2345 praesenti
1434 2306 1585 2344 privilegio
1602 2307 1765 2337 confirmat.

1056 2367 1095 2372 —
1116 2350 1305 2380 Concordiam
1326 2351 1402 2380 inter
1417 2351 1628 2380 monasterium
1642 2355 1670 2380 et
1685 2353 1766 2390 capi-

1058 2394 1150 2423 tulum
1164 2394 1290 2423 roborat.
1305 2411 1345 2416 —
1355 2393 1509 2423 Decretum
1523 2395 1715 2425 immunitatis
1728 2396 1763 2425 ab

1058 2439 1136 2468 omni
1159 2439 1301 2475 molestia,
1324 2439 1446 2468 adiectis
1466 2439 1562 2468 solitis
1590 2440 1764 2478 poenalibus

1057 2482 1310 2512 conclusionibus.
1337 2484 1377 2521 (R.
1400 2484 1438 2522 τ.)

1054 2543 1091 2578 (1)
1110 2544 1147 2569 Ex
1166 2543 1267 2570 archiv.
1297 2544 1424 2571 Ecclesiae
1440 2544 1519 2572 huius
1533 2544 1615 2572 edidit
1633 2545 1764 2579 Baluzius,

1019 2583 1172 2616 Miscellan.‚
1189 2587 1251 2611 tom.
1265 2592 1294 2617 ιι,
1306 2592 1364 2619 pag.
1386 2585 1443 2611 ¹28.
