2180 3205
430 213 504 260 {44
969 231 1155 255 nummum
1176 216 1340 254 nonnum

481 287 611 334 Angliae
635 287 726 332 regis,
750 287 819 320 669
839 299 869 319 a.
897 285 929 320 S,
954 284 1105 319 Bernardi
1129 283 1250 318 abbatis
1271 283 1453 323 Clarevall.,
1473 285 1544 317 684
1568 294 1597 316 α.
1622 282 1656 316 S.
1676 282 1816 317 Thomae
1833 281 1919 317 Can-

479 336 656 373 tuariensis,
681 337 750 370 759
774 348 802 368 α.
818 334 864 368 S.
888 333 1062 368 Theobaldi
1087 333 1248 373 eremitae,
1277 334 1348 367 856
1371 345 1401 366 α.

382 385 619 424 Cantuariensis
640 384 798 422 Ecclesia,
824 387 869 417 46
892 395 921 416 α.
946 382 989 416 Ex
1012 382 1080 417 eius
1102 382 1172 416 sinu
1197 381 1341 416 monachi
1367 393 1429 416 non
1446 380 1638 427 expellendi,
1663 381 1737 414 ibid.
1766 379 1844 414 Eius
1859 379 1921 426 pri-

478 442 581 470 matus
603 442 632 468 et
654 432 820 478 dignitates
847 443 958 466 omnes
989 432 1228 471 confirmantur,
1257 432 1328 465 695
1357 432 1374 464 b
1401 438 1430 465 et
1455 442 1516 475 seq.
1553 429 1728 475 Anglorum
1751 440 1842 475 reges
1856 440 1919 463 un-

478 483 573 530 gendi
601 490 630 516 et
655 481 860 516 incoronandi
884 481 1117 528 possessionem
1147 480 1253 524 habet,
1279 481 1347 514 745
1370 492 1389 514 α
1417 488 1446 514 et
1468 480 1495 513 b.

381 533 522 581 Caprasii
543 531 599 575 (S.)
623 531 784 566 Arelensis
805 530 986 565 monasterii
1017 530 1114 564 abbas
1140 542 1156 564 a
1185 528 1389 564 Lunensibus
1416 528 1575 575 episcopis
1606 526 1840 562 consecrandus
1866 526 1919 562 de-

479 581 634 619 cernitur,
659 582 728 615 809
751 582 768 614 b
794 587 823 613 et
849 592 910 624 seq.

382 630 564 679 Cuppellani
586 629 758 664 rectoribus
779 628 995 663 Ecclesiarum
1023 628 1232 662 obedientiam
1258 626 1375 661 debent
1398 634 1567 672 praestare,
1595 628 1664 660 552
1692 639 1721 660 a.

381 682 531 728 Capuana
558 678 698 713 Ecclesia
721 678 781 712 sub
803 678 998 724 protectione
1025 677 1135 724 Apost.
1166 676 1260 711 Sedis
1282 676 1464 723 suscipitur,
1493 676 1637 722 bonaque
1659 675 1762 710 omnia
1785 675 1813 709 ei
1836 688 1916 710 con-

481 729 643 763 firmantur
669 739 742 762 cum
763 728 889 762 decreto
913 727 1119 761 immunitatis
1153 726 1192 760 ab
1225 726 1310 760 omni
1340 725 1493 765 molestia,
1522 724 1560 768 vi,
1583 732 1649 766 eta,
1679 725 1746 759 765
1769 737 1788 758 a
1810 734 1840 759 et
1857 738 1916 770 seq.

381 780 574 824 Caramagna
596 776 657 820 (de)
681 776 916 816 monasterium,
933 777 1003 810 628
1017 778 1045 809 b.
1064 776 1245 810 Astensium
1262 775 1484 821 episcoporum
1499 785 1593 808 curae
1605 774 1824 813 commissum,
1842 776 1915 808 ibid.

381 827 569 863 Carnotensi
591 827 623 860 in
645 826 781 861 claustro
803 825 918 859 domus
932 825 1122 865 existentes,
1150 836 1189 859 ne
1212 824 1300 858 laicis
1321 823 1436 858 dentur
1463 831 1517 857 aut
1542 823 1685 858 locentur
1707 836 1723 856 a
1745 824 1918 863 canonicis,

480 876 671 917 decretatur,
694 877 765 909 200
793 877 809 908 b
836 883 866 908 et
891 887 951 919 seq.

383 925 516 961 Carolus
537 933 566 960 et
592 924 728 972 Pipinus
754 923 934 958 Sarlatense
958 922 1184 958 monasterium
1211 921 1356 966 fundant,
1379 923 1449 956 588
1472 923 1499 955 b.

382 974 663 1015 Carthusianorum
686 973 763 1007 ordo
784 973 988 1019 approbatur,
1012 972 1072 1006 sub
1101 971 1294 1018 protectione
1317 971 1516 1017 Apostolicae
1542 969 1635 1004 Sedis
1657 970 1846 1018 suscipitur,
1872 970 1919 1004 ei-

480 1036 541 1071 que
565 1024 645 1058 bona
667 1023 771 1057 omnia
793 1018 1032 1065 confirmantur,
1054 1033 1127 1056 cum
1143 1020 1269 1055 decreto
1291 1019 1501 1054 immunitatis
1522 1026 1553 1054 et
1579 1019 1795 1054 indemnitatis
1817 1020 1920 1054 bono-

481 1085 564 1117 rum,
588 1074 658 1106 798
685 1085 705 1106 a
727 1080 757 1106 et
781 1084 840 1117 seq.

383 1122 482 1158 Casae
508 1122 566 1156 Dei
588 1121 779 1156 monasterio
809 1127 994 1167 perpetuum
1024 1118 1198 1166 imponitur
1219 1117 1382 1153 silentium
1411 1117 1442 1151 in
1473 1118 1684 1152 controversia
1717 1129 1814 1164 super
1840 1118 1918 1153 cella

481 1171 682 1214 Gordianica,
709 1172 779 1204 269
807 1182 826 1204 a
848 1177 876 1203 et
903 1181 962 1213 seq.

383 1220 482 1255 Casae
507 1220 595 1255 Marii
632 1219 808 1254 Verulanae
841 1218 995 1252 dioecesis
1029 1216 1256 1252 monasterium
1295 1215 1415 1251 ordinis
1452 1214 1674 1250 Cisterciensis
1709 1216 1769 1250 sub
1805 1224 1918 1263 prote-

481 1270 586 1304 ctione
603 1269 714 1316 Apost.
737 1268 831 1303 Sedis
852 1267 1013 1312 recipitur,
1036 1266 1116 1301 bona
1144 1265 1246 1300 omnia
1269 1265 1295 1299 ei
1312 1265 1552 1309 confirmantur,
1577 1265 1737 1313 multaque
1754 1266 1918 1313 privilegia

480 1327 512 1353 et
532 1318 746 1353 immunitates
771 1316 1001 1359 conceduntur,
1027 1318 1089 1349 751
1122 1328 1141 1349 a
1169 1324 1199 1349 et
1225 1327 1284 1359 seq.
1805 1338 1808 1342 .

383 1367 592 1403 Casauriense
625 1366 850 1401 monasterium
879 1365 912 1400 S.
945 1364 1119 1400 Clementis
1140 1375 1272 1410 corpore
1296 1363 1428 1409 insigne,
1458 1365 1526 1397 517
1549 1376 1579 1397 α.
1617 1363 1693 1398 Eius
1725 1364 1816 1408 bona,
1839 1366 1917 1399 ibid.

485 1416 733 1455 Confirmantur,
756 1418 825 1450 517
849 1417 877 1448 h.

381 1467 557 1503 Casimirus
578 1465 729 1500 Poloniae
754 1465 828 1503 dux,
851 1476 925 1498 cum
939 1462 1070 1498 consilio
1088 1463 1324 1509 episcoporum,
1347 1460 1567 1496 defunctorum
1583 1462 1806 1509 episcoporum
1821 1462 1921 1508 spolia

480 1516 546 1561 rapi
569 1514 726 1562 prohibet,
750 1516 819 1547 822
843 1526 873 1548 α.
904 1512 970 1547 Hoc
991 1519 1144 1546 statutum
1161 1519 1191 1546 et
1211 1510 1364 1545 nonnulla
1385 1510 1444 1545 alia
1467 1523 1484 1545 a
1506 1510 1660 1546 pontifice
1682 1511 1921 1556 confirmantur,

481 1567 556 1598 ibid.
579 1572 609 1598 et
636 1566 664 1597 b.

382 1613 586 1650 Cassinensis
606 1611 785 1647 monasterii
814 1611 949 1656 dignitas
971 1609 1131 1649 asseritur,
1150 1611 1222 1643 255
1243 1621 1273 1643 α,
1302 1608 1370 1643 Sub
1394 1616 1546 1656 perpetuo
1568 1608 1601 1643 S.
1625 1609 1663 1644 R.
1687 1609 1724 1643 E.
1755 1610 1824 1644 iure
1852 1621 1922 1644 esse

485 1662 672 1700 declaratur,
698 1663 766 1695 182
787 1673 818 1699 α,
842 1662 914 1694 255
936 1672 968 1697 a,
998 1660 1069 1693 264
1096 1660 1124 1691 b.
1152 1657 1390 1692 Confirmantur
1417 1658 1444 1692 ei
1467 1658 1570 1692 omnia
1599 1658 1678 1692 bona
1701 1671 1774 1693 cum
1796 1658 1924 1693 decreto

482 1711 703 1750 immunitatis,
730 1711 798 1743 182
821 1722 851 1749 a,
879 1711 951 1742 255
972 1721 1003 1746 a,
1035 1708 1105 1741 506
1128 1709 1155 1743 b.
1185 1709 1254 1741 540
1278 1709 1306 1747 b,
1330 1709 1400 1741 660
1433 1709 1459 1741 b.
1494 1707 1572 1741 Eius
1602 1708 1815 1742 controversia
1846 1720 1921 1742 cum

483 1761 642 1796 abbatissa
664 1759 703 1794 de
724 1759 832 1806 Capua
854 1770 951 1804 super
978 1756 1054 1791 cella
1088 1755 1249 1802 Cinglensi
1286 1756 1446 1795 definitur,
1473 1758 1543 1789 217
1571 1768 1600 1790 a.
1624 1755 1831 1792 Caeterorum
1854 1769 1924 1791 mo-

486 1809 692 1844 nasteriorum
727 1820 782 1854 per
809 1806 1016 1841 Occidentem
1045 1813 1139 1851 caput
1166 1805 1354 1847 declaratur,
1377 1807 1447 1839 264
1482 1807 1511 1846 b3
1539 1813 1567 1839 et
1595 1806 1663 1840 eius
1689 1805 1818 1840 abbates
1849 1818 1922 1840 cae-

484 1859 559 1894 teris
576 1858 743 1892 abbatibus
770 1868 826 1903 per
847 1855 1055 1890 Occidentem
1084 1854 1288 1900 praecedere:
1318 1854 1358 1887 uti
1388 1866 1479 1900 posse
1505 1854 1707 1898 chirothecis,
1740 1854 1924 1899 dalmatica,

485 1909 594 1946 mitra,
622 1906 745 1953 solique
766 1905 877 1952 Apost.
910 1904 982 1939 Sedi
1006 1903 1167 1937 subiectos
1189 1915 1271 1947 esse,
1293 1905 1364 1937 255
1391 1916 1421 1941 a.
1446 1905 1516 1937 545
1537 1916 1568 1937 a.
1592 1903 1924 1951 Decerniturinsuper

484 1966 517 1992 ut
551 1967 770 2003 quoscumque
801 1953 933 1988 clericos
967 1952 1129 1998 suscipere
1164 1952 1284 1998 possint
1310 1952 1379 1987 sine
1414 1952 1553 1998 episcopi
1590 1953 1855 1997 contradictione,
1893 1961 1925 1988 et

484 2006 657 2040 monachos
691 2002 1010 2048 sanctimonialesque
1047 2001 1200 2035 foeminas
1228 2001 1274 2035 eis
1312 2001 1471 2035 subiectas
1499 2001 1648 2040 iudicare,
1682 2003 1756 2036 ibid.
1788 2001 1922 2036 Palladii

486 2054 563 2089 cella
585 2065 712 2088 romana
730 2053 760 2086 in
780 2052 950 2099 hospitium
973 2051 1020 2085 eis
1041 2049 1238 2088 conceditur,
1261 2052 1331 2084 255
1353 2063 1385 2088 α,
1411 2053 1480 2084 545
1504 2062 1534 2093 α,
1559 2052 1630 2084 665
1655 2052 1684 2084 b.
1712 2051 1832 2086 Eorum
1859 2051 1925 2086 ele-

485 2104 622 2138 ctionem
649 2102 687 2137 ad
715 2101 899 2139 monachos,
927 2099 1197 2134 consecrationem
1222 2111 1294 2133 vero
1327 2099 1365 2133 ad
1388 2098 1572 2133 Pontificem
1588 2098 1768 2134 Romanum
1784 2107 1925 2146 spectare

486 2152 675 2191 decernitur,
699 2153 768 2185 545
787 2163 817 2184 α.
845 2150 900 2184 Eis
921 2149 1070 2183 tribuitur
1099 2149 1147 2182 ius
1173 2147 1466 2183 excommunicandi
1491 2157 1632 2194 raptores
1658 2161 1764 2183 rerum
1786 2149 1825 2184 ad
1853 2161 1925 2183 mo-

486 2201 620 2235 nasteria
655 2212 764 2234 eorum
800 2198 1023 2246 pertinentium
1057 2197 1081 2231 si
1117 2208 1171 2231 eos
1206 2197 1479 2232 excommunicare
1510 2197 1681 2243 episcopus
1709 2197 1856 2241 noluerit,
1893 2205 1924 2232 et

485 2250 577 2285 datur
609 2261 736 2297 quoque
763 2248 808 2283 eis
840 2247 967 2282 libertas
1002 2246 1194 2292 sepulturae,
1222 2248 1291 2279 544
1319 2259 1348 2280 α.
1378 2245 1517 2280 Ecclesia
1540 2245 1574 2280 S.
1603 2246 1724 2281 Nicolai
1758 2247 1789 2281 in
1820 2247 1926 2282 Bene-

490 2308 619 2334 ventana
646 2298 725 2332 urhe
747 2309 818 2331 cum
859 2295 1055 2342 pertinentiis
1088 2294 1237 2329 omnibus
1264 2302 1294 2328 et
1327 2294 1468 2329 ecclesiis
1494 2295 1522 2330 ei
1549 2295 1699 2330 subiectis
1721 2295 1747 2330 ei
1780 2295 1925 2339 donatur,

486 2349 557 2382 225
584 2360 615 2382 α.
642 2346 822 2381 Alexander
848 2345 889 2379 ΙΙΙ
908 2342 975 2379 ΡΡ.
1001 2344 1134 2378 restituit
1160 2343 1186 2378 ei
1211 2343 1351 2378 tabulam
1378 2352 1503 2378 auream
1526 2343 1585 2377 sibi
1614 2344 1760 2379 donatam
1786 2344 1825 2379 ab
1856 2345 1925 2391 epi-

486 2408 582 2443 scopo
604 2395 822 2434 Praenestino,
846 2396 915 2428 574
943 2406 973 2427 α.
1002 2392 1240 2427 confirmantur
1261 2393 1287 2426 ei
1310 2392 1469 2427 Ecclesiae
1491 2405 1507 2427 a
1530 2392 1690 2428 Verulano
1705 2401 1735 2428 et
1758 2393 1926 2439 Anagnino

488 2445 647 2491 episcopis
669 2444 813 2488 donatae,
847 2445 912 2477 621
941 2455 961 2476 α
982 2449 1012 2476 et
1039 2454 1098 2486 seq.
1122 2441 1264 2476 Primum
1294 2441 1388 2476 totius
1410 2441 1514 2476 ltaliae
1535 2443 1764 2477 monasterium
1784 2442 1926 2477 declara-

488 2502 547 2533 tur,
570 2496 641 2528 660
663 2495 680 2527 b
702 2501 732 2527 et
757 2505 817 2537 seq.
841 2492 919 2526 Eius
947 2491 1118 2525 transactio
1144 2502 1218 2524 cum
1244 2489 1400 2525 Fundano
1433 2491 1583 2538 episcopo
1610 2491 1650 2526 de
1673 2491 1836 2526 nonnullis
1872 2503 1926 2526 ec-

487 2542 592 2577 clesiis
614 2542 692 2576 sacta
720 2541 937 2583 confirmatur,
967 2541 1036 2573 754
1063 2552 1093 2573 α.

389 2589 648 2626 Castellionensis
670 2590 830 2625 Ecclesiae
851 2589 885 2624 S.
911 2588 1027 2624 Mariae
1053 2595 1168 2623 statuta
1201 2587 1431 2635 approbantur,
1458 2587 1598 2635 illudque
1620 2588 1836 2631 confirmatur,
1861 2601 1926 2637 quo
