2180 3205
36 217 82 244 Λιι.
105 216 132 244 C.
152 217 218 244 itm

28 459 31 463 ,
59 436 213 464 Ερίκοροτιηιι

33 463 129 486 Comicae
136 470 213 486 conse-

31 496 67 512 er·
71 492 101 512 ti·
117 491 166 512 sent
187 494 214 512 Α

31 518 147 545 mattae
180 523 212 540 re·

32 548 125 570 nervat-z

29 1568 204 1597 Perpetuumque

24 1594 106 1617 Pisanis
115 1597 203 1623 imposi-

23 1623 70 1644 tum
85 1623 203 1645 sitentium.

48 1709 126 1732 Sotnae
143 1711 203 1732 clau-

22 1736 81 1768 sulae
87 1738 203 1760 confirma-

23 1766 96 1785 tortae.

870 228 941 251 (ΖΛΗ
948 228 1027 250 ΧΤΙἺΞ
1054 228 1077 250 11
1107 228 1153 250 1‘1’.

1671 219 1740 252 555

246 290 317 328 post
340 279 469 314 multam
493 280 764 321 deliberationem,
784 289 813 316 et
829 282 994 316 consilium
1038 281 1104 327 Ego
1128 281 1284 316 Rohertus
1314 282 1479 317 cardinalis
1508 283 1552 317 tit.
1582 282 1688 318 Sancti
1719 283 1787 319 Eu-

244 330 405 364 cotnmuui
428 342 571 374 assensu,
595 339 624 364 et
645 331 804 376 privilegia
827 343 922 377 supter
938 331 995 364 hoe

244 378 403 413 Ecclesiae
432 379 562 414 Pisanae
582 379 691 414 collata
711 380 838 420 cassari,
865 389 892 414 et
922 380 996 413 ulti-

243 440 342 471 mum,
377 428 460 475 quod
487 427 665 463 Corsicanis
687 429 843 475 episcopis
865 441 880 463 a
905 429 994 462 nohis

242 476 280 512 ad
319 476 450 512 aliorum
485 479 740 532 correptionem,
775 486 805 512 et
839 477 877 511 ad
912 477 991 511 beati

241 525 327 561 Petri
351 527 574 574 patrimonium
600 527 850 574 recuperandum
878 526 990 561 sactum

242 575 359 615 suerat
395 576 557 624 proprium
593 576 733 611 obtinete
756 576 851 611 robur
877 575 991 611 debere

241 623 401 659 dixerunt.

288 673 382 716 Quod
405 673 570 708 consilium
595 673 779 708 venerabilis
807 674 900 708 frater
931 686 990 709 no-

239 731 303 758 ster
325 722 503 757 Vualterius
534 723 700 758 Ravennas
731 723 989 770 archiepiscopus

238 772 307 807 vice
330 772 470 807 iudicum
493 772 675 813 electorum,
699 772 791 807 nohis
812 782 842 806 et
861 773 990 819 reliquis

238 821 386 856 fratribus
408 821 559 862 recitavit,
594 821 675 856 idem
706 822 872 856 concilium
901 834 988 856 asse-

236 882 348 906 verans
375 871 435 904 vim
464 870 607 906 ohtinere
635 871 754 905 iutlieii.
785 870 882 905 Porro
913 883 985 912 nos,

236 921 320 966 quod
356 932 371 954 a
407 921 651 967 praenominatis
686 919 833 954 fratribus
873 921 986 955 nostris

235 968 443 1004 deliberatum
468 967 578 1008 fuerat,
607 969 636 1003 in
662 969 833 1004 novissimo
861 970 984 1004 concilii

235 1017 286 1053 die
313 1030 417 1053 coram
441 1020 583 1053 universa
605 1019 725 1065 synodo
754 1019 872 1053 recitari
894 1031 984 1065 prae—

235 1067 392 1114 cepimus:
421 1080 555 1114 cumque
588 1067 625 1101 ab
652 1067 800 1102 omnibus
830 1067 985 1114 archiepi-

234 1117 352 1163 scopis,
373 1117 532 1163 episcopis
562 1125 592 1150 et
613 1117 789 1159 abbatibus,
812 1125 842 1151 et
865 1117 982 1164 reliqua

233 1165 307 1200 cleri
336 1174 366 1201 et
402 1166 507 1213 populi
533 1167 745 1205 multitudine,
770 1166 890 1212 placere
912 1166 982 1205 sibi,

234 1213 415 1262 frequenter
445 1215 649 1249 acclamatum
687 1216 814 1255 suisset,
842 1228 899 1250 nos
930 1227 983 1250 co-

233 1265 320 1309 gnita
347 1276 454 1298 eorum
483 1265 655 1308 sententia,
688 1273 718 1299 et
759 1265 831 1299 cleri
866 1273 895 1298 et
924 1277 984 1311 po-

235 1313 297 1359 puli
335 1313 453 1347 romani
482 1314 641 1348 voluntate
670 1322 848 1360 perspecta,
874 1313 981 1348 Sancti

231 1360 370 1408 Spiritus
387 1374 530 1405 censura,
548 1370 579 1396 et
593 1364 775 1397 auctoritate
797 1362 981 1409 apostolica⁷

231 1412 344 1457 scripta
375 1411 414 1445 de
447 1419 548 1445 vestra
581 1412 815 1446 consecratione
850 1411 981 1446 Pis-anae

232 1458 392 1494 Ecclesiae
419 1460 546 1500 collata,
574 1460 810 1501 damnavimus;
837 1469 867 1495 et
896 1461 979 1507 quod

231 1520 246 1542 a
270 1509 360 1544 nobis
392 1509 431 1543 de
454 1517 552 1544 vestra
576 1509 717 1544 libertate
739 1519 889 1544 statutum
913 1510 981 1544 fue-

231 1565 294 1602 rat,
327 1558 435 1593 eadem
469 1559 653 1593 auctoritate
686 1559 896 1594 fittnaximus:
928 1559 980 1593 Pi-

230 1607 316 1641 sanis
339 1618 524 1655 perpetuum
549 1620 644 1654 super
665 1608 723 1641 hoe
743 1608 901 1643 silentium
922 1609 980 1643 sub

230 1656 438 1691 anathematis
465 1658 588 1691 vinculo
611 1657 819 1703 imponentes.

279 1705 312 1740 Si
341 1718 400 1752 qua
430 1706 523 1752 igitur
545 1708 574 1740 in
603 1705 740 1740 fututum
769 1707 977 1754 ecclesiastica

230 1754 441 1789 saecularisve
470 1767 614 1801 persona,
637 1756 717 1789 hanc
751 1748 874 1790 nostrae
902 1769 979 1790 con-

230 1804 402 1838 stitutionis
440 1805 586 1851 paginam
612 1805 733 1848 sciens,
770 1813 875 1839 contra
909 1818 976 1840 eam

229 1861 346 1888 temere
369 1853 474 1887 venire
489 1854 664 1893 tentaverit,
687 1853 827 1888 secundo
850 1855 978 1889 tertiove

229 1903 438 1942 commonita,
465 1903 490 1936 si
516 1915 577 1937 non
605 1902 818 1937 satisfactione
840 1916 976 1950 congrua

228 1951 459 1992 emendaverit,
495 1952 656 1998 potestatis
698 1952 888 1999 honorisque
930 1954 976 1987 sui

227 1999 378 2046 dignitate
392 2010 506 2044 careat,
532 2013 679 2047 reamque
694 2014 727 2035 se
742 2001 847 2036 (livino
864 2002 978 2036 iutlieio

230 2051 364 2084 existere
395 2049 434 2083 de
461 2057 635 2097 perpetrata
659 2050 823 2096 iniquitate
851 2063 977 2095 eogno-

227 2106 307 2142 scat⁷
345 2106 376 2133 et
408 2110 424 2133 a
452 2099 661 2133 sacratissimo
688 2100 829 2145 Corpore
861 2100 916 2133 Dei
949 2109 977 2134 et

229 2146 357 2181 Domini
394 2147 615 2194 Redemptoris
649 2149 743 2181 nostri
767 2148 836 2182 Iesu
860 2148 976 2182 Christi

228 2195 329 2230 aliena
353 2196 415 2240 fiat,
438 2205 530 2243 atque
553 2197 582 2230 in
605 2204 744 2231 extremo
767 2198 910 2231 examine
929 2197 978 2231 (li-

228 2245 353 2279 strictae
381 2245 488 2279 ultioni
512 2245 679 2279 subiaceat.

276 2293 408 2328 Cunctis
428 2302 530 2328 autem
554 2306 621 2328 eam
651 2295 848 2329 servantibus
861 2295 899 2328 sit
919 2307 976 2341 pax

227 2342 356 2377 Domini
385 2344 482 2377 nostri
506 2342 574 2377 lesu
598 2342 734 2383 Christi,
762 2351 917 2390 quatenus
948 2354 977 2378 et

227 2391 280 2426 hic
307 2391 442 2426 fructum
463 2392 562 2426 honae
581 2392 714 2426 actionis
733 2393 924 2439 percipiant,
947 2402 976 2428 et

192 2464 195 2467 -
226 2441 309 2487 apud
332 2440 508 2475 districtum
526 2440 665 2475 Iudicem
683 2442 819 2487 praemia
832 2450 976 2477 aeternae

33 2537 110 2560 calixti
118 2538 158 2561 PP.
165 2543 189 2562 et

227 2490 315 2535 pacis
337 2490 508 2524 inveniant.
532 2490 644 2523 Amen.

226 2537 299 2573 EGO
325 2538 492 2574 Cnust
517 2539 687 2574 catholicae
715 2538 874 2574 Ecclesiae
909 2541 977 2588 epi-

276 2599 401 2635 scopus.

1086 332 1163 364 sehii
1191 332 1373 377 subs-crinsi.

1039 379 1083 425 Eg
1066 392 1105 420 o
1138 379 1177 413 G.
1217 380 1256 414 G.
1284 366 1451 416 cardinalis
1478 381 1524 416 tit.
1559 381 1610 417 Ss.
1645 381 1786 430 Aposto-

1086 429 1185 462 lorum
1214 442 1256 464 ss.

1036 476 1102 523 Ego
1124 477 1317 514 Benedictus
1343 480 1509 515 cardinalis
1531 480 1577 515 tit.
1606 480 1639 515 S.
1673 479 1783 516 Eudo-

1084 540 1150 561 Xtae
1177 540 1218 562 ss.

1034 575 1101 621 Ego
1129 577 1314 612 Anastasius
1335 578 1496 626 presbyter
1519 579 1563 614 tit.
1594 579 1682 614 Beati
1706 578 1783 616 Cle-

1083 637 1164 659 meu.
1193 638 1235 660 ss.

1033 673 1080 720 Eg
1071 687 1100 707 ro
1124 674 1255 710 loannes
1288 675 1450 724 presbyter
1475 677 1645 712 cardinalis
1667 678 1715 712 tit.
1745 677 1779 713 S.

1061 703 1123 758 &Cr
1127 724 1214 758 ciliae
1236 737 1278 759 ss

1032 771 1095 817 Ego
1109 773 1175 807 Ttw
1167 774 1309 808 ¹ol›al‹lus
1321 774 1367 808 tit.
1384 774 1543 810 Pamaehii
1557 776 1725 811 cardinalis
1737 788 1779 812 ss.

1031 821 1096 867 Ego
1129 822 1313 857 Dt¹si1lerius
1342 824 1504 872 presbyter
1537 826 1705 860 cardinalis
1733 827 1778 861 tit.

1057 850 1211 906 DSanctae
1235 872 1281 906 Pr
1277 885 1331 907 ax(
1335 873 1382 908 (lis
1400 886 1442 908 ss.

1028 919 1096 966 Ego
1123 920 1161 956 G.
1185 921 1224 956 G.
1253 922 1420 957 cardinalis
1447 923 1609 971 presbyter
1642 924 1687 958 tit.
1715 923 1780 959 Lu-

1076 971 1166 1004 cinae
1188 983 1229 1005 ss.

1029 1018 1093 1065 Ero
1115 1020 1318 1055 Theobaltlus
1341 1021 1504 1069 presbyter
1530 1021 1699 1057 cardinalis
1728 1022 1775 1057 tit.

1076 1068 1108 1102 S.
1138 1069 1321 1104 Anastasiae
1348 1083 1390 1105 ss.

1027 1116 1093 1159 Ero
1117 1117 1272 1153 lohannes
1306 1119 1473 1154 cardinalis
1507 1119 1540 1155 S.
1576 1119 1774 1169 Chrysogoni

1075 1167 1212 1208 inttil'ui,
1238 1176 1267 1202 et
1294 1181 1336 1202 ss.

1025 1215 1092 1257 Ero
1114 1216 1226 1251 Petrus
1244 1217 1406 1265 presbyter
1420 1217 1587 1253 cardinalis
1601 1218 1646 1252 tit.
1667 1217 1774 1255 Sancti

1073 1265 1208 1300 Marcelli
1233 1279 1274 1301 ss.

1024 1313 1091 1360 Ego
1114 1314 1315 1350 Crescentius
1337 1315 1521 1351 Sabinensis
1542 1316 1640 1362 episc.

1024 1362 1091 1407 Ego
1115 1364 1227 1398 Petrus
1256 1365 1436 1399 l‘ortuensis
1463 1366 1557 1411 episc.
1581 1378 1623 1400 ss.

1023 1411 1088 1455 Ego
1116 1412 1225 1447 Vitalis
1253 1414 1395 1449 Albanus
1421 1415 1589 1461 episcopus
1611 1426 1653 1449 ss.

1023 1460 1089 1505 Ego
1108 1461 1332 1497 Praenestinus
1354 1463 1522 1510 episcopus
1545 1476 1587 1497 ss.

1023 1509 1088 1554 Ego
1110 1510 1173 1556 Ειὓ
1166 1511 1261 1546 ritlius
1283 1511 1482 1546 Tusculanus
1506 1513 1673 1559 episcopus
1695 1526 1736 1548 ss.

1022 1559 1089 1605 Ego
1112 1559 1223 1594 Petrus
1242 1561 1409 1595 cardinalis
1425 1561 1588 1609 presbyter
1603 1563 1647 1596 tit
1663 1562 1770 1597 Sancti

1050 1588 1190 1643 ὃ(331115ῑί
1221 1622 1263 1644 55.

1023 1657 1089 1703 Ego
1116 1657 1320 1693 Crtscentius
1342 1659 1507 1693 cardinalis
1534 1660 1696 1707 presbyter
1723 1661 1769 1694 tit.

1069 1706 1175 1741 Sanct.
1204 1708 1329 1755 Mattyr.
1354 1708 1525 1742 Mzwntellini
1546 1718 1575 1743 et
1600 1709 1681 1743 Petri
1705 1722 1746 1743 ss.

1022 1755 1087 1796 Em)
1120 1755 1303 1791 Gherartlus
1332 1757 1494 1805 presbyter
1524 1759 1693 1793 cardinalis
1720 1758 1769 1792 Ss.

1071 1805 1194 1840 Priscae
1217 1814 1247 1840 et
1276 1806 1408 1853 Aquilae
1431 1820 1471 1840 ss.

1019 1853 1086 1899 Ego
1103 1854 1209 1899 Sigico
1224 1856 1385 1903 presbyter
1399 1855 1565 1891 cardinalis
1583 1856 1617 1891 S.
1630 1856 1707 1891 Sixti
1722 1868 1763 1890 ss.

1020 1903 1085 1949 Ego
1120 1903 1322 1939 Deus-dedit
1356 1905 1515 1952 presbyter
1540 1905 1707 1940 cardinalis
1735 1905 1768 1939 S.

1068 1952 1227 1987 Laurentii
1258 1954 1287 1987 in
1315 1953 1449 1988 Damaso
1471 1967 1513 1988 ss.

1018 2001 1086 2047 Ego
1109 2002 1341 2037 Rossemannas
1363 2003 1530 2037 cardinalis
1554 2003 1705 2038 diaconus
1732 2003 1765 2038 S.

1067 2049 1195 2097 Georgii
1219 2051 1257 2085 ad
1281 2051 1392 2086 Velutn
1413 2052 1552 2086 Aureum
1577 2065 1619 2087 ss.

1019 2099 1085 2145 Ego
1113 2099 1229 2134 Comes
1251 2100 1403 2135 diaconus
1420 2100 1586 2135 cardinalis
1602 2101 1635 2136 S.
1649 2101 1767 2135 Mariae

1067 2149 1096 2181 in
1126 2149 1247 2194 Aquiro
1275 2162 1316 2183 ss.

1019 2197 1086 2242 Ego
1108 2196 1146 2230 G.
1167 2197 1205 2231 G.
1229 2198 1309 2232 (liae.
1337 2198 1422 2232 card.
1445 2198 1478 2233 S.
1503 2199 1616 2242 Angeli
1639 2211 1682 2233 ss.

1018 2245 1086 2290 Ego
1120 2245 1283 2280 Romanus
1320 2247 1399 2281 diac.
1433 2247 1602 2282 cardinalis
1635 2247 1769 2283 Sanctae

1067 2294 1181 2328 Mariae
1208 2296 1237 2328 in
1258 2295 1385 2330 I‘orticu
1408 2309 1449 2330 55.

1019 2343 1085 2388 Ego
1108 2343 1288 2389 Stephanus
1315 2345 1398 2379 card.
1429 2345 1462 2379 S.
1490 2345 1606 2380 Mariae
1631 2345 1767 2381 Scholae

1067 2392 1186 2426 Grecae
1208 2405 1250 2427 ss.

1018 2441 1085 2487 Ego
1108 2441 1252 2476 Ion-athas
1283 2441 1364 2477 diae.
1395 2442 1479 2477 card.
1507 2442 1557 2477 Ss.
1582 2444 1715 2478 Cosmae
1738 2453 1768 2479 et

1068 2491 1211 2524 Daniiaui
1235 2503 1276 2525 ss.

1019 2539 1085 2585 Ego
1106 2539 1144 2573 G.
1168 2539 1206 2573 G.
1231 2540 1309 2574 «liae.
1337 2548 1368 2575 et
1389 2540 1555 2576 cardinalis
1590 2541 1640 2576 Ss.
1665 2541 1766 2588 Sergii

1067 2597 1096 2623 et
1121 2589 1232 2623 Bacchi
1255 2601 1297 2623 ss.

1810 216 1859 242 An.
1882 216 1993 243 01123

1808 279 1829 299 S.
1846 279 1867 299 tt.
1885 280 1939 299 Ereti
1948 279 1994 300 alae

1830 307 1972 326 cardinalium

1809 333 1988 357 subsummatus.
