2180 3205
34 290 84 320 Λιι.
104 289 132 318 C.
151 290 217 318 1118

65 1186 160 1208 oetastns
185 1187 212 1207 nd

56 1214 202 1239 caesar-:mgn-

30 1243 103 1263 mnos
128 1240 203 1262 scribit

49 1841 210 1866 ludntgentiam

29 1868 62 1889 eh
77 1869 209 1896 impert-tur,

67 1901 212 1944 ,ἔίιὲἴέἒὲῖῗῖ

30 1953 69 1975 pru
95 1947 210 1970 cessaran-

30 1978 86 2002 ssuitt.
108 1975 209 2000 Eoetesua,

30 2005 62 2022 ve·
85 2002 104 2023 εἰ
131 2003 210 2028 opibus

30 2027 170 2058 subveniunt.

875 275 1000 298 ectasi!
1016 276 1029 297 S

586 351 641 387 tx.

242 434 397 468 conressi‘o
439 434 651 475 indalqcnti‘ae
697 435 899 468 mt'lilanlibns
935 447 991 478 pro

284 490 512 532 recuperatione
533 488 686 521 Ecclesiae
711 488 991 531 Caesar-Ainjusta-

286 553 353 578 nac,
378 543 423 574 vet
443 543 565 586 aliquid
585 543 771 575 donantibus
784 553 842 586 pro
858 543 991 575 eiusdem

286 596 479 639 reparatione
504 596 559 637 (1).
816 598 819 601 “

507 676 720 707 §mutinum

234 741 369 772 Celusius
393 742 428 772 ad
450 741 739 780 Caesaraugustanos
762 743 924 773 scribit.—
942 743 991 772 ln-

275 786 454 824 dulgentiam
485 787 527 816 eis
555 787 731 826 impertitur,
754 788 804 826 qui
838 788 881 817 vel
912 788 990 825 peri—

276 830 353 860 culis
366 840 397 860 se
409 830 553 860 obiiciunt
575 840 626 870 pro
644 830 916 869 Caesaraugustam
939 831 988 861 Ec-

277 874 375 912 clesia,
395 874 438 904 vel
459 875 485 904 ei
504 874 610 914 opibus
629 875 818 905 subveniunt.

231 953 352 982 Gelasius
364 954 504 990 episcopus
521 961 616 982 servus
637 961 776 982 servorum
791 954 836 983 Dei
854 954 988 983 exercitui

277 999 503 1035 cttristianorum,
533 1003 674 1032 civitatem
707 1003 988 1039 caesaraugustanam

275 1051 424 1084 obsidenti.
444 1053 472 1080 et
495 1052 617 1080 omnibus
637 1052 786 1080 catholicae
801 1052 862 1080 fidei
876 1052 987 1080 [ultori-

276 1101 340 1135 bus.
363 1101 480 1129 satutem
504 1102 532 1129 et
561 1101 738 1136 apostoticam
765 1102 986 1130 benedictionem.

279 1176 400 1212 Literas
422 1176 602 1212 devotionis
623 1186 743 1212 vestrae
769 1178 986 1224 inspexiinus;

231 1230 466 1277 compositioni,
478 1242 571 1277 quam
592 1244 647 1277 pro
663 1231 986 1277 Caesar-Augustani)

229 1284 331 1319 electo
352 1284 390 1318 ad
419 1284 534 1319 Senem
557 1285 986 1332 Apostolicam(ilplnxistis,

233 1337 370 1372 savorem
405 1337 539 1372 libenter
570 1338 856 1374 accomodavimns.
885 1339 987 1373 Enni-

234 1385 404 1437 dem’ergo
426 1391 562 1426 electum
583 1393 708 1434 nostris,
728 1400 887 1440 tamqnam
906 1393 984 1427 beati

231 1445 317 1480 Petri
339 1446 497 1486 manibus,
526 1446 677 1492 largiente
701 1446 849 1487 Domino,
873 1459 986 1482 conse-

231 1507 352 1534 cratum
376 1501 571 1534 remittentes
584 1498 622 1534 ad
639 1513 705 1541 vos,
729 1501 983 1536 benedictionem

232 1553 319 1588 vobis
337 1554 527 1601 apostolicae
553 1554 740 1589 visitationis
759 1555 983 1602 impendimus:

229 1619 363 1654 aequam
391 1607 617 1654 omnipotentis
652 1606 710 1642 Dei
734 1608 982 1643 misericordiam

229 1661 452 1709 implorantes,
486 1670 520 1695 ut
559 1674 614 1708 per
658 1671 839 1696 sanctorum
877 1675 985 1709 preces

231 1723 261 1750 et
284 1716 406 1760 merita,
428 1728 508 1762 opus
530 1728 621 1749 sunm
645 1715 682 1750 ad
707 1715 857 1751 honorem
878 1729 983 1755 snum,

224 1777 262 1804 et
287 1769 446 1804 Ecclesiae
468 1782 543 1804 suae
565 1770 793 1813 dilatationem,
820 1783 875 1805 vos
894 1771 983 1807 faciat

229 1823 364 1869 operari.
386 1823 427 1857 Et
453 1823 601 1870 quoniam
625 1831 656 1857 et
679 1836 733 1858 vos
756 1824 852 1870 ipsos,
875 1834 906 1859 ct
929 1839 985 1860 ve-

229 1884 292 1911 stra
319 1877 466 1911 extremis
493 1877 629 1911 obiicere
658 1877 806 1924 periculis
839 1878 983 1913 decrevi-

232 1930 301 1970 stis‚
329 1930 353 1964 si
380 1930 453 1977 quis
480 1938 616 1964 vestrum
645 1939 771 1977 accepta
791 1931 829 1965 (lc
846 1935 983 1978 peccatis

231 1983 296 2018 suis
323 1984 513 2030 poenitentia
536 1985 564 2018 in
592 1983 792 2030 expeditione
819 1985 876 2020 bac
900 1999 983 2021 mor-

171 2068 195 2078 ,,
234 2045 308 2071 tuus
329 2035 433 2077 fuerit,
462 2049 519 2071 nos
545 2049 617 2071 cum
641 2046 819 2072 sanctornm
851 2041 981 2079 meritis,

231 2098 263 2124 et
285 2091 379 2125 totius
405 2090 578 2125 catholicae
600 2091 761 2125 Ecclesiae
784 2093 943 2138 precibus,
966 2107 980 2128 a

230 2153 359 2178 suorum
388 2144 524 2179 vinculis
553 2153 752 2191 peccatorum
776 2145 980 2181 obsolvimns.

230 2196 410 2238 Caeterum,
429 2198 481 2244 qui
499 2211 554 2244 pro
570 2198 679 2232 eodem
696 2197 823 2232 Domini
844 2201 982 2245 servitio,

231 2251 278 2285 vel
301 2250 442 2285 laborant
463 2253 509 2286 vel
528 2252 745 2291 laboraverint,
772 2260 803 2286 et
824 2254 876 2299 qui
894 2267 980 2301 prae-

231 2303 310 2338 fatae
345 2303 432 2338 urbis
465 2304 649 2346 Ecclesiae,
684 2317 700 2339 a
733 2304 917 2341 Sarracenis
951 2318 980 2343 et

230 2357 379 2393 Moabitis
399 2358 532 2398 dirutae,
555 2359 639 2393 unde
664 2360 833 2401 reficiatur,
857 2370 887 2395 et
916 2363 982 2396 ele-

230 2410 304 2445 ricis
325 2410 367 2445 ibi
395 2409 463 2445 Deo
490 2411 726 2451 famulantibus,
751 2414 833 2448 unde
857 2427 983 2461 pascan-

232 2471 294 2507 tur,
320 2463 438 2510 aliquid
466 2465 595 2507 donant,
632 2465 676 2499 vel
700 2465 896 2506 donaverint,
931 2481 983 2503 se-

233 2517 373 2552 cundum
401 2517 542 2552 laborum
565 2530 693 2553 suorum
713 2527 742 2553 ct
757 2520 980 2557 beneficiorum

268 2595 306 2630 (t)
323 2595 410 2623 Edidit
426 2596 554 2624 Baronius
575 2605 644 2625 anno
672 2599 749 2626 1118.
787 2599 826 2635 (2)
846 2601 913 2636 Lege
937 2604 980 2627 di·-

233 2637 349 2662 rexistis.

1669 269 1734 302 291

1036 342 1178 369 suornm,
1204 330 1365 365 Ecclesiae
1394 333 1629 380 impensorum,
1659 335 1789 381 quanti-

1036 392 1141 428 tatem,
1164 386 1201 418 ad
1224 386 1444 433 cpiscoporum
1459 388 1636 429 arbitrium,
1661 388 1691 422 in
1708 401 1789 436 quo-

1034 450 1101 471 rum
1145 439 1300 484 parochiis
1341 441 1481 486 degunt,
1518 443 1786 488 poenitentiarum

1033 504 1159 525 suarum
1177 493 1392 529 remissionem
1406 504 1436 529 et
1455 495 1684 543 indulgentiam
1707 510 1787 533 con-

1032 553 1216 591 sequantur.

1082 598 1158 632 Data
1188 599 1308 639 Alcsti,
1347 608 1458 646 quarto
1486 601 1556 637 idus
1591 603 1785 647 decembris,

1033 652 1232 698 pontificatus
1260 655 1354 687 nostri
1384 667 1466 688 anno
1490 657 1601 702 primo.

1061 276 1081 297 11
1111 277 1158 298 l'l'.

1052 716 1111 747 Dat.
1132 718 1178 747 die
1199 717 1235 748 10
1255 718 1422 749 decembris
1437 730 1522 750 -anno
1541 720 1655 754 Domini
1677 724 1762 762 1118,

1034 763 1045 769 ⁴
1248 787 1269 793 s
1290 769 1391 807 pontif.
1409 780 1485 799 anno
1508 779 1525 800 1.

1336 858 1463 869 .—

1031 1048 1232 1093 Confirmatio
1259 1052 1408 1084 bonorum
1435 1054 1585 1097 omnium,
1604 1055 1783 1099 privileqio-

1078 1117 1146 1139 rum
1185 1119 1220 1140 uc
1243 1109 1474 1143 innmnn'inrnm
1500 1114 1680 1146 monasterii
1709 1115 1785 1147 Clu-

1078 1166 1237 1209 m'acensi's,
1253 1168 1338 1200 cuins
1352 1169 1458 1202 abbati
1470 1171 1655 1205 dalmaticae
1669 1179 1695 1205 et
1713 1184 1784 1206 san-

1077 1224 1232 1258 daliorum
1261 1237 1331 1259 usas
1357 1228 1530 1261 conceditur
1554 1230 1608 1272 (l).

1297 1315 1509 1347 stututlutut

1030 1386 1194 1417 Exordium.
1210 1406 1249 1411 -—-
1267 1389 1341 1419 Bona
1357 1392 1452 1421 emula
1467 1391 1655 1424 Cluniacensi
1675 1404 1781 1426 mona-

1067 1437 1155 1466 sterio
1172 1439 1391 1475 confirmantur,
1411 1449 1464 1469 nec
1488 1451 1545 1470 nou
1565 1452 1666 1473 omnes
1685 1444 1780 1474 abba-

1069 1486 1133 1516 tiae.
1155 1504 1195 1509 —
1215 1487 1393 1518 Dalmaticae
1422 1494 1450 1519 et
1484 1492 1683 1522 sandaliorum
1708 1503 1782 1524 usus

1067 1540 1216 1573 praeterea
1236 1539 1408 1567 conceditur
1426 1539 1534 1569 abbati.
1555 1558 1595 1562 —
1611 1540 1720 1571 Omnes
1745 1542 1783 1572 li-

1067 1584 1193 1614 bertates
1207 1586 1334 1625 denique
1351 1588 1393 1617 illi
1412 1589 1535 1627 eiusque
1553 1591 1781 1621 successoribus

1067 1633 1288 1664 confirmantur.
1300 1652 1339 1657 —
1351 1634 1540 1666 Observatum
1557 1637 1667 1668 decreti
1681 1639 1781 1669 huius.

1064 1698 1103 1703 —
1120 1681 1230 1711 Gelasii
1249 1683 1302 1712 1³1³.
1321 1684 1509 1724 subscriptio.

1025 1760 1145 1789 Gelasius
1165 1762 1305 1798 episcopus
1325 1770 1420 1791 servus
1439 1771 1578 1792 servorum
1598 1765 1652 1798 Dei,
1673 1766 1776 1794 charis·

1070 1810 1137 1837 simo
1150 1810 1178 1837 in
1190 1810 1296 1839 Christo
1309 1811 1392 1840 fratri
1405 1813 1481 1841 Petro
1495 1813 1664 1842 Cluniaceusi
1677 1815 1779 1849 abbati.

1069 1859 1179 1895 eiusque
1202 1861 1400 1889 successoribus
1422 1863 1588 1898 regulariter
1605 1864 1778 1898 *substituen-

1070 1908 1122 1941 dis.
1142 1909 1171 1937 in
1189 1911 1360 1945 perpetuum.

1074 1982 1180 2029 Ignem
1221 1997 1346 2031 semper
1382 1986 1411 2020 in
1451 1987 1537 2021 altari
1571 1988 1682 2022 ardere
1716 1992 1778 2033 (a),

1026 2037 1123 2082 legale
1161 2047 1362 2085 praeceptum
1387 2048 1450 2074 ost:
1486 2040 1590 2082 Quem
1619 2042 1778 2083 sacerdos,

1024 2091 1077 2137 qui
1106 2093 1183 2138 patri
1207 2094 1274 2126 iure
1300 2102 1505 2137 successerat,
1533 2096 1692 2142 sopposita
1727 2096 1774 2129 li—

1024 2157 1157 2187 gnorum
1193 2154 1298 2185 strue,
1335 2159 1373 2181 ne
1407 2148 1574 2187 deficeret,
1610 2149 1772 2184 enutriret.

1026 2197 1092 2232 Hoc
1114 2199 1173 2233 iarn
1193 2199 1246 2233 diu
1271 2201 1299 2234 in
1321 2201 1470 2235 cordibus
1494 2202 1606 2235 nostris
1625 2202 1774 2237 sacerdos

1025 2263 1116 2285 verus
1156 2253 1273 2286 aeterni
1311 2253 1412 2287 Patris
1448 2255 1530 2289 [ilius
1558 2258 1774 2290 conservavit:

1024 2305 1095 2350 quia
1118 2313 1147 2339 et
1171 2307 1353 2353 prinsquam
1382 2315 1411 2342 te
1427 2308 1456 2342 111
1480 2308 1602 2343 abbatis
1623 2310 1775 2354 osticium,

1023 2368 1052 2393 et
1080 2371 1129 2392 me
1157 2360 1186 2393 in
1222 2361 1421 2406 pontificatus
1454 2363 1666 2397 ministerium
1696 2376 1774 2410 pro-

1026 2414 1172 2452 vexisset,
1213 2414 1305 2448 corda
1339 2423 1443 2448 nostra
1482 2416 1664 2450 dilectionis
1702 2417 1775 2463 igne

1023 2467 1196 2506 succendit,
1225 2475 1254 2501 et
1276 2467 1456 2502 charitatem
1475 2470 1504 2502 in
1521 2470 1611 2503 nobis
1634 2479 1774 2505 mutuam

1023 2520 1202 2560 custodivit,
1225 2528 1255 2555 et
1282 2529 1351 2567 post
1377 2531 1539 2568 susceptas
1563 2523 1777 2558 ordinationes

1058 2602 1097 2635 (ί)
1126 2602 1212 2628 Edidit
1238 2603 1346 2629 Marrier
1377 2604 1535 2632 Bibliotheca
1564 2605 1682 2632 Cluniae.
1713 2613 1773 2641 pag.

1027 2643 1092 2668 tis-20
1141 2643 1180 2677 (a)
1198 2643 1283 2669 Levit.
1302 2651 1339 2676 vt,
1360 2645 1400 2669 12.
1418 2649 1456 2678 (n.
1474 2646 1513 2680 T.)

1811 294 1859 320 An.
1872 294 1900 319 (3.
1923 293 1992 319 1118

1828 2009 1952 2030 Exordium.
