2180 3205
147 245 195 272 Λη.
213 245 241 272 C.
265 245 332 272 1122

146 318 224 333 rarum
257 313 332 333 Eccle-

147 340 231 360 SIarum
259 340 332 359 omni-

147 371 193 390 um.
209 369 230 386 et
249 371 332 391 posses-

146 392 235 413 sionum
250 392 331 413 ahtana-

150 424 206 439 rum.

160 976 228 996 suurn
240 976 331 1000 promit-

146 1003 173 1023 tit
187 1003 296 1023 auxilium

145 1654 330 1680 subscriptiones.

410 224 479 257 32ss

359 296 485 323 sanctae
524 288 685 322 Romanae
719 286 899 330 Ecclesiae,
931 293 961 320 et
993 285 1111 321 domiui
1153 286 1354 330 Subsequitur

360 342 461 388 Papae
497 340 636 380 Callisti,
675 348 705 374 et
733 352 788 387 pro
817 339 956 373 remedio
989 339 1112 374 animae

358 408 457 435 meae,
480 395 604 429 dimitto
636 394 714 434 Deo,
744 402 774 428 et
801 393 918 428 sanctis
945 393 1013 428 eius
1035 405 1112 439 apo-

357 449 446 483 stolis
467 449 562 483 Petro
584 457 614 482 et
635 447 745 492 Paulo,
768 460 803 483 ac
821 454 946 482 sanctae
971 446 1111 481 catholi-

356 515 410 537 cae
438 501 617 545 Ecclesiae,
652 513 780 536 omnem
809 501 1028 535 investituram
1056 511 1112 546 per

356 557 507 590 annulum
527 564 557 590 et
580 555 744 596 bacnlum3
772 562 803 589 et
823 554 977 595 concedo,
1001 554 1032 588 in
1046 566 1111 587 om-

359 609 454 644 nibus
484 608 636 643 Ecclesiis
664 608 731 643 fieri
758 609 943 643 electionem
975 615 1005 642 et
1032 607 1110 641 libe-

357 675 423 698 ram
442 662 725 703 consecrationem,
748 663 977 710 possessiones,
999 670 1029 696 et
1060 673 1110 695 re-

357 717 438 763 galia
461 716 541 751 beati
565 716 663 754 Petri,
685 729 766 763 quae
793 729 809 751 a
837 716 992 763 principio
1016 715 1110 750 huius

357 770 537 805 discordiae·
573 783 673 817 usque
712 771 749 805 atl
788 771 972 805 hodiernam
1007 769 1109 813 diem,

356 825 420 859 sive
444 832 586 871 tempore
608 825 709 859 Patris
732 825 804 865 mei,
827 825 891 859 sive
912 825 1005 858 etiam
1026 835 1108 863 meo,

358 879 458 914 ablata
487 887 575 914 sunt:
617 891 698 926 qnae
725 879 824 913 habeo
851 878 954 912 eidem
984 886 1107 912 sanctae

355 933 518 968 Romanae
542 933 703 967 Ecclesiae
727 933 872 973 restitum
902 944 982 979 qnae
1003 939 1107 965 autem

355 1000 417 1022 non
438 987 550 1031 habeo,
583 995 617 1021 ut
641 987 857 1025 restituantur,
890 985 1024 1020 fideliter
1050 984 1108 1018 ad-

355 1041 485 1076 iuvabo:
514 1040 730 1087 possessiones
757 1040 848 1074 etiam
872 1039 1013 1074 omnium
1032 1038 1109 1072 alia-

355 1111 437 1139 rum,
465 1105 495 1133 et
517 1098 709 1145 principum,
737 1106 767 1132 et
793 1097 928 1132 aliorum
955 1105 1018 1131 tam
1043 1095 1108 1130 cle-

355 1156 491 1191 ricorum
519 1168 614 1203 qnam
639 1155 805 1199 laicorum,
828 1154 959 1189 consilio
988 1153 1108 1201 princi-

356 1227 441 1261 pum.
469 1213 510 1249 Et
533 1216 573 1248 do
592 1226 695 1248 veram
722 1225 827 1260 pacem
852 1213 981 1247 domino
1005 1212 1108 1258 Papae

354 1272 484 1311 Calisto,
518 1280 644 1307 sanctae
676 1272 837 1306 Romanae
872 1270 1043 1314 Ecclesiae,
1078 1277 1109 1303 et

354 1331 519 1375 omnibus,
554 1331 606 1377 qui
630 1331 660 1364 in
693 1337 780 1377 parte
803 1330 902 1376 ipsius
929 1336 1023 1372 sunt,
1058 1327 1106 1362 vel

355 1389 498 1430 suerunt;
538 1397 568 1424 et
605 1390 635 1423 in
678 1388 793 1435 quibus
826 1395 931 1422 sancta
964 1387 1106 1421 Romana

354 1448 494 1482 Ecclesia
525 1447 676 1481 auxilium
718 1445 939 1493 postulaverit,
974 1444 1108 1479 fideliter

354 1505 483 1539 iuvabo:
517 1513 547 1539 et
576 1505 608 1539 in
637 1504 754 1551 quibus
777 1503 851 1537 mihi
876 1503 1105 1550 querimoniam

354 1563 472 1601 fecerit,
496 1563 632 1597 debitam
661 1562 719 1597 sibi
743 1562 893 1596 iustitiam
914 1561 1036 1595 faciam.

401 1621 590 1655 Adalbertus
612 1620 819 1666 Moguutiuus
834 1619 1106 1666 archiepiscopus.

402 1679 581 1713 Fridericus
607 1678 808 1713 Coloniensis
834 1677 1105 1724 archiepiscopus.

402 1736 645 1771 Ratisbonensis
666 1736 846 1783 episcopus.

402 1794 487 1829 Otho
509 1794 754 1840 Bambergensis
780 1794 962 1840 episcopus.

404 1852 512 1886 Bruno
538 1851 699 1898 Spirensis
728 1851 909 1898 episcopus.

403 1911 441 1944 A.
465 1910 679 1957 Angustensis
700 1909 882 1956 episcopus.

403 1967 444 2003 G.
469 1968 678 2002 Traiectensis
704 1967 884 2014 episcopus.

406 2026 441 2060 E.
465 2025 572 2060 Abbas
593 2025 772 2060 Fultleusis.

404 2084 643 2119 Northmannus
670 2083 744 2117 dux.

405 2142 586 2177 Fridericus
608 2141 681 2175 dux.

404 2199 589 2235 Bonisacius
617 2198 767 2233 marchio.

404 2257 609 2293 Theobaldus
632 2256 785 2291 marchio.

406 2316 593 2364 Cynulphus
620 2326 737 2349 comes.

407 2374 546 2409 Obertus
568 2385 684 2407 comes.

407 2434 445 2466 Α.
475 2431 666 2477 Berengario
693 2441 811 2464 comes.

407 2488 599 2523 Godefridus
625 2500 741 2523 comes.

407 2547 478 2592 Ego
497 2545 675 2580 Fridericus
696 2544 897 2579 Coloniensis
929 2544 1108 2591 episcopm,

360 2615 391 2640 et
409 2603 629 2643 cancellarius,
656 2603 833 2648 recognovi.

960 231 1148 255 BULLARIUM
1170 230 1333 253 ROMANUM

1401 285 1520 318 Calr'aett'
1545 285 1655 329 Papae
1688 286 1724 318 ΙΙ
1755 285 1904 319 restitutio

1190 336 1377 379 regaliumin
1407 335 1540 367 IIenrico
1567 335 1747 378 imperatori
1765 336 1860 379 sacta.

1420 406 1634 436 SUMMARIUM
1675 414 1682 421 ⁵

1152 464 1253 495 Calixti
1274 464 1325 493 ΡΙ).
1352 464 1375 493 II
1405 464 1550 494 restitutio
1569 464 1761 501 regahorum,
1791 468 1903 495 tantum

1191 514 1243 543 per
1261 508 1421 544 sceptrum.
1444 521 1484 526 -—
1506 503 1609 534 Pacem
1626 508 1654 534 et
1671 505 1785 534 veniam
1805 505 1905 535 Ponti-

1192 546 1237 574 fex
1256 545 1281 574 ei
1305 544 1436 583 praebet.

1202 608 1268 653 Ego
1290 606 1433 641 Calixtus
1454 618 1564 641 servus
1590 619 1753 641 servorum
1775 607 1834 641 Dei
1851 607 1903 641 di-

1151 656 1231 691 lecto
1255 656 1318 691 silio
1340 668 1397 690 suo
1421 655 1549 699 Enrico,
1578 656 1635 690 Dei
1658 658 1756 702 gratia
1778 656 1901 691 Roma-

1151 718 1262 740 norum
1287 705 1464 752 imperatori
1485 706 1642 751 Augusto,
1669 705 1809 740 concedo
1843 705 1902 740 ele-

1150 756 1271 790 ctiones
1298 756 1519 802 episcoporum
1551 763 1581 789 et
1613 754 1761 789 abbatum
1790 754 1903 789 Theu-

1151 805 1245 839 tonici
1283 806 1383 850 regni,
1410 804 1464 850 qni
1491 803 1530 838 ad
1561 816 1693 850 regnum
1723 803 1900 850 pertinent,

1151 854 1180 888 in
1214 854 1388 900 praesentia
1421 863 1470 887 tua
1510 853 1575 887 lieri
1609 853 1729 900 absque
1763 853 1900 888 simonia

1150 911 1179 937 et
1200 904 1303 949 aliqua
1327 903 1485 941 violentia,
1508 909 1542 936 ut
1563 903 1589 936 si
1617 915 1677 949 qua
1699 903 1779 937 inter
1796 910 1900 949 partes

1150 952 1305 986 discordia
1328 953 1502 994 emerserit,
1526 952 1758 998 metropolitani
1775 959 1804 985 et
1826 964 1901 998 pro-

1150 1001 1328 1035 vincialium
1365 1001 1497 1035 consilio
1531 1001 1576 1035 vel
1612 1001 1744 1045 iudicio,
1784 1001 1901 1035 saniori

1151 1051 1228 1096 parti
1266 1062 1452 1089 assensum,
1486 1058 1515 1084 et
1546 1050 1698 1084 auxilium
1737 1050 1898 1096 praebeas.

1149 1100 1276 1134 Electus
1304 1107 1408 1134 autem
1438 1099 1551 1145 regalia
1580 1112 1634 1146 per
1655 1107 1815 1146 sceptrum
1839 1112 1855 1134 a
1873 1107 1902 1133 te

1149 1149 1290 1196 recipiat,
1314 1149 1452 1194 exceptis
1475 1148 1635 1192 omnibus,
1667 1161 1747 1196 qnae
1767 1149 1804 1183 ad
1832 1148 1900 1183 Ro-

1151 1211 1272 1233 manam
1298 1198 1469 1232 Ecclesiam
1492 1199 1648 1244 pertinere
1669 1206 1852 1237 noscuntur,
1872 1205 1904 1232 et

1149 1260 1230 1294 quae
1252 1260 1289 1281 ex
1325 1248 1372 1281 his
1400 1249 1466 1281 inre
1494 1247 1548 1281 tibi
1577 1247 1682 1291 debet,
1710 1247 1812 1282 faciat.
1851 1247 1898 1281 Ex

1149 1298 1217 1331 aliis
1241 1310 1312 1330 vero
1349 1297 1488 1343 partibus
1522 1297 1664 1344 imperti,
1698 1304 1900 1331 consecratus

1150 1347 1227 1380 infra
1254 1359 1307 1380 sex
1335 1358 1461 1380 meuses
1488 1347 1603 1392 regalia
1633 1358 1687 1392 per
1699 1353 1859 1392 sceptrum
1883 1358 1900 1380 a

1150 1404 1178 1430 te
1206 1396 1353 1441 recipiat,
1385 1395 1423 1429 tle
1451 1396 1567 1442 quibus
1595 1407 1666 1429 vero
1690 1396 1765 1429 mihi
1788 1395 1900 1441 queri-

1149 1446 1285 1479 moniam
1310 1445 1432 1488 feceris,
1455 1453 1484 1478 et
1505 1445 1655 1479 auxilium
1680 1457 1784 1479 meum
1809 1456 1904 1490 prae-

1149 1495 1246 1528 stabo.
1275 1494 1323 1529 Do
1351 1494 1405 1528 tibi
1440 1506 1543 1528 veram
1573 1506 1697 1541 pacem,
1731 1502 1761 1528 et
1788 1493 1901 1527 omni-

1149 1544 1218 1583 bns,
1247 1544 1299 1590 qui
1326 1544 1355 1576 in
1381 1551 1466 1589 parte
1502 1552 1553 1577 tna
1587 1551 1661 1577 sunt
1693 1543 1741 1577 vel
1769 1542 1898 1577 fuerunt

1149 1601 1290 1639 tempore
1313 1592 1407 1626 huius
1434 1592 1621 1627 discordiae.

1198 1642 1276 1676 Data
1303 1654 1386 1676 anno
1411 1653 1525 1676 mcxxu
1554 1654 1589 1675 1x
1617 1641 1676 1675 kal.
1702 1640 1852 1676 octobris.

1168 1699 1228 1728 Dat.
1248 1700 1295 1729 die
1313 1699 1351 1728 23
1366 1698 1544 1737 septembris
1564 1708 1639 1727 anno
1658 1697 1774 1728 Domini
1794 1698 1879 1731 1122.

1396 1742 1500 1781 pontif.
1520 1751 1597 1771 auno
1616 1749 1644 1771 11.

1468 1864 1585 1898 xxltt.

1151 1934 1350 1979 Confirmatio
1361 1933 1520 1976 cliynitatt's
1530 1932 1721 1976 primatialis
1739 1932 1903 1964 Toletanae

1201 1985 1359 2021 Ecclesiae,
1388 1995 1456 2015 rum
1491 1982 1708 2020 declaratione,
1735 1988 1766 2013 ut
1807 1982 1900 2013 eidem

1195 2034 1343 2066 subiectae
1381 2033 1440 2065 sint
1480 2031 1705 2075 Hispaniarum
1740 2030 1902 2062 Ecclesiae

1197 2095 1308 2121 omnes,
1337 2093 1414 2126 quae
1451 2093 1518 2114 suos
1556 2080 1724 2122 amiserant
1749 2079 1900 2123 episcopos

1194 2139 1262 2176 post
1289 2133 1517 2165 Saracenorum
1536 2130 1722 2162 incursiones
1745 2129 1801 2171 (1).

1416 2207 1629 2239 stuntatttml

1149 2272 1317 2302 Exordium.
1338 2288 1377 2293 --
1395 2270 1531 2299 Toletaua
1556 2269 1686 2298 Ecclesia
1703 2277 1755 2307 per
1771 2266 1899 2297 Ildeson-

1188 2321 1252 2340 sum
1277 2321 1373 2349 regem
1398 2311 1432 2340 de
1455 2310 1667 2339 Saracenorum
1688 2307 1825 2337 manibus
1838 2306 1900 2335 vin-

1189 2352 1283 2380 dicata
1312 2358 1327 2380 a
1361 2350 1490 2380 Summis
1523 2348 1715 2378 Pontificibus
1756 2346 1899 2384 pristinae

1189 2391 1301 2420 reddita
1324 2390 1472 2428 dignitati:
1493 2406 1533 2411 —
1554 2389 1576 2417 Α
1602 2387 1710 2416 Calixto
1740 2386 1792 2415 PP.
1821 2386 1899 2414 anti-

1189 2430 1256 2469 quis
1275 2431 1400 2460 donatur
1422 2429 1590 2467 privilegiis.
1608 2444 1648 2449 —
1674 2426 1745 2455 Cum
1769 2425 1899 2454 dec-lara·

1189 2471 1268 2500 tIone
1302 2470 1374 2499 iuris
1402 2469 1587 2507 primatialis.
1613 2483 1654 2489 —
1681 2465 1898 2495 Confirmantur

1189 2511 1284 2540 eidem
1308 2509 1420 2547 antiqui
1439 2508 1565 2543 termini,
1592 2505 1794 2543 ecclesiaeque
1819 2504 1894 2533 sub-

1188 2550 1294 2579 iectae:
1311 2566 1351 2571 —
1368 2549 1483 2587 Eaeque,
1501 2556 1576 2586 quae
1608 2545 1740 2584 proprios
1769 2544 1897 2573 amisere

1185 2611 1224 2646 (t)
1243 2611 1281 2637 Ex
1302 2609 1430 2637 CasteIOni
1447 2616 1527 2644 opere
1541 2607 1573 2634 de
1589 2606 1706 2633 Primatu
1724 2604 1860 2632 Toletano.

1927 247 1977 276 An.
1997 247 2025 276 C.
2043 248 2109 276 ¹122

1952 629 2030 650 calixti
2043 628 2082 649 PP.
2091 629 2110 649 11

1927 656 2038 676 restitutio
2073 661 2111 676 re-

1927 683 2044 708 gatiorum,
2059 685 2113 703 tan-

1926 712 1974 730 tum
2002 714 2041 735 per
2066 714 2111 730 sce·

1926 739 2008 763 ptrum.

1951 1265 2029 1287 Pacem
2040 1269 2062 1286 et
2071 1271 2112 1287 ve-

1927 1294 1986 1314 niam
2010 1293 2110 1315 Pontifex

1928 1320 1948 1341 ei
1961 1320 2056 1346 praebet.
