2180 3205
49 217 97 243 Λη.
117 215 145 242 c.
164 214 231 241 1070

77 481 158 511 Causae
184 486 231 501 vun-

50 513 159 529 cosstonis.

82 913 179 934 Facuttas
194 912 237 942 epi-

56 942 163 966 scopatum
198 945 238 960 ert-

56 966 127 993 gandi:

112 1415 151 1438 Qui
175 1416 243 1434 tamen

60 1442 206 1467 Salzhnrgensr
214 1447 244 1461 ar-

60 1469 196 1494 chiepiscopo
223 1474 244 1486 ιι-

60 1496 129 1515 mnino
153 1495 180 1515 sit
196 1494 244 1515 sub-

61 1522 142 1545 iccium
160 1523 181 1542 et
201 1521 244 1546 epi·

60 1554 136 1573 scopus
147 1554 184 1573 per
198 1553 243 1568 euni

61 1574 178 1594 nominetur
216 1575 236 1594 el

61 1603 203 1622 consecretur.

90 2029 173 2049 Poenae
199 2035 246 2049 cun-
253 2031 258 2036 “

63 2057 95 2076 tra
109 2058 247 2076 temeratores

64 2082 167 2108 privilegii
177 2082 245 2103 huiw.

884 198 901 220 Λ
907 198 968 221 LEX
975 197 1079 220 amirati
1103 197 1125 218 ῙΙ
1150 197 1198 219 ΡΡ.

1708 182 1750 215 57

261 263 418 304 gratanter
447 254 596 302 praebere
633 265 816 293 asscnsunr,
856 252 1005 300 quoniam
1052 250 1253 298 pontificatus
1286 261 1359 284 vero
1385 248 1502 284 domini
1539 246 1708 282 Alexandri
1737 246 1799 281 Pa-

262 318 299 341 ex
321 304 572 341 consideratione
599 304 695 338 nostri
723 303 816 337 otticii
844 302 1008 347 cogimur,
1053 312 1109 347 pac
1133 299 1158 333 ll
1180 312 1275 343 nono,
1299 299 1470 333 indictione
1498 309 1571 332 virt.

262 354 477 390 Ecclesiarum
500 353 698 393 utilitatibus,
733 351 854 387 etiamsi
879 350 1009 385 minime

262 405 439 450 exigantur,
466 402 600 438 sollicite
630 401 791 447 invigilare
806 428 814 439 ,
838 408 868 434 et
890 399 1009 434 anima-

264 465 332 488 rum
354 452 447 488 saluti
469 452 575 487 solerti
603 450 709 486 studio
730 448 904 496 providere.
928 448 1011 490 Qua-

263 511 402 550 propter,
429 501 632 536 dilectissime
655 500 768 542 l'rater,
796 498 867 544 quia
901 505 1010 544 postu-

264 551 334 587 lasti
361 563 377 586 a
399 550 502 590 nobis,
524 557 678 597 quatenus
699 547 871 594 apostolica
897 546 1010 580 autho-

264 601 355 636 ritate
381 598 629 635 concederemus
655 596 723 641 tibi,
758 608 854 630 unum
888 595 1011 642 episco-

265 658 371 696 patum
394 649 425 683 in
453 656 503 683 tua
527 646 689 694 parrochia
713 645 914 685 constituere,
937 644 1010 691 quia

263 698 406 733 Ecclesia
428 705 479 732 tua
499 704 560 731 tam
582 695 685 742 ample
707 694 818 729 dill'usa
840 701 899 738 est,
925 693 1009 739 quod

264 759 323 795 per
348 755 378 781 te
399 746 501 781 solum
524 757 587 780 non
623 743 724 791 possis
751 755 819 778 eam
849 742 879 777 in
908 742 1010 776 chris-

264 803 347 831 mate
381 795 513 842 aliisque
541 793 699 841 pluribus,
734 792 850 839 quibus
881 791 1011 838 cpisco-

266 845 328 892 pali
350 844 452 880 officio
480 843 615 889 indiget,
642 842 790 877 decenter
816 853 851 875 ac
875 841 1012 875 rationa-

266 894 371 929 biliter
389 904 511 940 regere3
540 892 599 939 piis
613 890 760 939 precibus
779 890 840 925 tuis
862 889 1011 934 inclinati,

265 943 398 979 libenter
419 942 601 985 annuimus,
622 948 653 976 et
676 947 709 975 ut
726 940 818 975 etiam
835 939 1011 986 impleatur,

266 992 437 1039 satagimus
464 990 634 1038 apostolica
669 989 763 1036 igitur
804 988 1010 1029 auctoritate,

267 1040 443 1077 venerande
465 1040 570 1080 frater,
603 1038 745 1084 religioni
769 1045 840 1073 tuac
861 1037 1010 1072 concedi-—

267 1103 351 1135 mus,
372 1090 530 1130 volumus,
552 1095 583 1123 et
604 1088 777 1127 firmamus,
800 1095 892 1134 atque
910 1093 1015 1121 aucto-

269 1140 359 1175 ritate
385 1138 468 1173 beati
490 1137 576 1172 Petri
603 1136 816 1184 apostolorum
844 1135 1012 1181 principis,

268 1189 300 1223 in
334 1198 535 1235 quocumque
571 1186 639 1220 loco
679 1185 732 1219 tibi
768 1185 881 1219 melius
912 1184 1012 1218 visum

270 1237 364 1272 fuerit
389 1237 601 1283 episcopatum
625 1235 655 1269 in
679 1242 729 1268 tua
758 1233 921 1280 parrochia
942 1245 1016 1267 con-

269 1293 366 1327 strue,
385 1292 416 1319 et
436 1284 473 1319 ad
491 1284 717 1331 procurandam
740 1282 871 1317 salutem
893 1282 1014 1316 anima-

271 1347 339 1369 rum
377 1333 551 1368 adiutorem
586 1332 642 1366 tibi
678 1340 728 1366 tua
763 1331 1014 1366 consideratione

269 1383 310 1418 ibi
332 1393 501 1430 praepone.
529 1381 574 1415 Ita
609 1389 732 1425 tamen,
759 1388 793 1414 ut
814 1380 1015 1427 episcopatus

269 1432 320 1467 ille
346 1431 506 1466 Ecclesiae
529 1437 601 1465 tuae
623 1430 742 1476 tibique
773 1429 821 1464 vel
848 1429 909 1463 tuis
940 1440 1015 1463 suc-

268 1485 448 1521 cessoribus
460 1496 621 1531 nunquam
635 1483 847 1524 subtrahatur,
865 1490 896 1518 et
910 1482 1016 1517 nullus

269 1539 312 1575 ibi
344 1539 513 1587 episcopus
547 1537 762 1585 quandoque,
789 1536 853 1571 sive
885 1548 939 1583 per
966 1536 1016 1570 in-

271 1594 464 1634 vestituram,
492 1599 526 1627 ut
546 1592 607 1627 dici
631 1591 761 1635 assolet,
788 1590 834 1625 vel
862 1601 1017 1637 quocum-

271 1659 332 1695 que
355 1654 456 1695 pacto,
483 1645 560 1680 inibi
582 1645 805 1685 constituatur,
840 1643 898 1678 nisi
922 1655 1015 1690 quem

270 1709 314 1746 tu,
341 1700 390 1735 vel
406 1700 451 1735 tui
475 1711 675 1735 successores
691 1705 835 1746 prompta
858 1697 1017 1732 voluntate

271 1754 444 1801 elegerint,
480 1752 714 1792 ordinaverint,
755 1751 1016 1786 consecraverint.

270 1808 439 1855 Indignum
467 1807 550 1842 enim
573 1815 668 1853 atque
699 1805 883 1840 detestabile
904 1813 962 1850 est,
985 1813 1018 1839 ut

271 1863 341 1903 hoc,
376 1861 460 1909 quod
483 1860 589 1896 studio
616 1860 741 1907 pietatis
767 1871 784 1894 a
806 1858 894 1894 vobis
919 1870 1018 1906 quae-

270 1916 366 1950 situm
410 1914 581 1962 apostolica
614 1914 804 1948 authoritate
838 1912 1017 1954 firmatum,

270 1969 308 2005 ad
331 1968 556 2004 detrimentum
582 1967 743 2002 Ecclesiae
776 1974 847 2000 tuae
878 1966 1019 2013 quolibet

271 2022 367 2057 modo
389 2028 537 2056 vertatur.
568 2020 602 2056 Si
629 2020 701 2068 quis
727 2028 829 2055 autem
854 2020 1018 2054 temerario

271 2089 349 2112 ausu
370 2075 465 2110 huius
487 2083 612 2110 nostrae
633 2074 804 2110 sanctionis
821 2074 1017 2121 privilegium

272 2129 442 2176 infregerit,
471 2129 590 2165 noverit
617 2140 651 2163 se
675 2127 866 2175 apostolicae
892 2139 1019 2162 excom-

272 2183 496 2219 municationis
530 2190 625 2230 atque
659 2181 867 2218 anathematis
894 2181 1019 2216 vinculo

272 2236 468 2272 innodatum.
491 2235 533 2271 At
553 2248 626 2272 vero
653 2236 707 2283 qui
740 2236 791 2282 pio
819 2235 930 2270 intuitu
963 2247 1020 2269 cu-

272 2299 337 2326 stos
369 2298 400 2325 et
432 2289 614 2325 observator
652 2288 812 2331 extiterit,
852 2296 1021 2336 perpetuae

272 2342 506 2383 benedictionis
529 2342 720 2377 abundantia
749 2342 915 2389 repleatur.
945 2342 1020 2377 Data

273 2396 419 2431 Laterani
446 2408 492 2430 xu
521 2396 647 2431 kalend.
683 2395 791 2442 aprilis
824 2408 879 2442 per
910 2408 1022 2430 manus

272 2449 357 2484 Petri
372 2448 499 2493 Clerici,
521 2448 679 2496 fungentis
702 2449 768 2484 vice
789 2449 872 2483 Petri
896 2458 1021 2485 sanctae

273 2502 435 2537 Romanae
448 2501 608 2537 Ecclesiae
622 2501 801 2546 cardinalis,
814 2514 849 2537 ac
862 2502 1023 2538 bibliothe-

275 2557 363 2603 carii,
383 2568 466 2592 anuo
483 2556 521 2592 ab
542 2556 755 2592 incarnatione
771 2556 900 2593 Domini
922 2569 1021 2601 mxx,

1111 357 1170 387 liat.
1190 356 1236 386 dic
1255 357 1287 385 ⁹21
1311 356 1406 385 martii
1427 364 1501 384 anno
1522 354 1636 383 Domini
1657 353 1747 389 1070,

1211 395 1311 435 pontis.
1331 395 1488 425 Alexandri
1510 404 1587 424 anuo
1606 402 1643 423 tx.

1055 592 1191 625 Ecclesia
1216 591 1377 633 colleyiata
1412 592 1446 622 S.
1484 590 1606 622 illsm'uc
1637 591 1673 622 ‹Iie
1710 589 1802 622 Belli-

1099 640 1165 673 ioco
1193 640 1225 672 in
1250 639 1378 672 dioecesi
1399 639 1619 671 sllaetti'sconcnsi
1644 639 1676 670 in
1697 645 1802 682 prote-

1100 690 1228 722 ctionem
1240 688 1432 732 Apostolt'cae
1448 688 1537 720 Sedis
1551 688 1705 731 recipitur,
1717 687 1802 730 eique

1100 739 1179 771 bona
1210 738 1315 771 omnia
1349 744 1375 770 et
1411 737 1577 781 privilcqt'a
1611 737 1800 780 confirman-

1102 795 1152 820 tur
1176 788 1236 828 (l).

1319 854 1531 885 summatum!

1054 918 1219 948 Exordium.
1237 934 1276 940 --
1295 917 1445 947 Decretum
1466 925 1516 955 pro
1537 916 1728 946 indemnitate
1746 916 1801 946 bo·

1094 967 1260 1027 nora-ip...—
1273 957 1367 987 Poena
1379 961 1478 987 contra
1491 956 1644 986 violatores
1658 956 1803 995 privilegii

1094 1002 1173 1037 ponti
1189 1008 1247 1027 reu.

1053 1063 1202 1092 Alexander
1219 1063 1358 1098 episcopus
1378 1069 1472 1091 servus
1494 1069 1633 1090 servorum
1651 1061 1706 1094 Dei,
1727 1068 1802 1089 cano.

1098 1108 1167 1136 uicis
1185 1107 1316 1136 Ecclesiae
1340 1107 1453 1135 sanctae
1472 1107 1582 1139 Mariae,
1603 1107 1673 1135 sitae
1698 1107 1726 1134 in
1746 1106 1801 1141 epi·

1099 1153 1211 1188 scopata
1229 1151 1428 1184 matisconensi.
1449 1151 1505 1179 loco
1524 1151 1661 1184 Belliioco,
1682 1151 1803 1179 illorum·

1099 1204 1149 1232 que
1168 1196 1375 1229 successoribus.
1396 1196 1424 1224 in
1442 1197 1612 1232 perpetuum.

1103 1260 1236 1302 Quoties
1258 1271 1291 1293 ea
1323 1272 1338 1293 a
1374 1258 1463 1293 nobis
1492 1266 1655 1306 petuntur,
1678 1271 1758 1306 quae
1786 1271 1802 1293 a

1058 1309 1207 1355 religione
1232 1320 1297 1342 non
1325 1307 1520 1354 discrepant,
1550 1308 1681 1342 libenter
1709 1307 1804 1342 debe-

1056 1370 1126 1392 mus
1148 1369 1304 1401 annuere,
1334 1364 1364 1390 et
1387 1356 1500 1391 favoris
1523 1357 1619 1391 nostri
1647 1365 1804 1402 gratanter

1057 1406 1206 1454 praebere
1238 1417 1414 1440 assensum.
1450 1406 1607 1447 Quoniam
1636 1417 1674 1440 ex
1702 1406 1804 1440 consi-

1057 1456 1216 1491 deratione
1240 1454 1439 1500 Apostolicae
1460 1455 1569 1495 Sedis,
1593 1454 1642 1489 cui
1659 1454 1726 1489 Deo
1746 1467 1803 1489 au-

1057 1513 1153 1546 ctore,
1176 1504 1249 1539 licet
1271 1503 1388 1549 indigni
1413 1504 1543 1549 meritis,
1573 1503 1803 1551 praesidemus,

1057 1554 1210 1600 cogimur,
1236 1553 1359 1588 etiamsi
1382 1565 1397 1587 a
1426 1553 1517 1588 nobis
1551 1553 1726 1599 exigantur,
1755 1553 1804 1587 his

1058 1604 1172 1638 talibus
1193 1614 1318 1649 semper
1339 1602 1514 1648 invigilare,
1541 1614 1576 1637 ac
1609 1601 1701 1636 saluti
1735 1602 1804 1636 ani-

1059 1665 1180 1688 marum
1215 1652 1319 1687 solerti
1359 1651 1463 1686 studio
1499 1651 1674 1698 providere.
1715 1651 1804 1692 Qua-

1060 1710 1196 1750 propter,
1225 1700 1418 1736 dilectissimi
1443 1700 1508 1742 silii,
1527 1701 1599 1747 quia
1623 1700 1804 1747 postulastis

1058 1764 1074 1786 a
1102 1751 1212 1791 nobis,
1247 1757 1403 1797 quatenus
1429 1758 1459 1784 ct
1486 1749 1684 1789 Ecclesiam,
1721 1750 1802 1784 eirca

1058 1813 1152 1847 quam
1171 1800 1300 1846 degitis,
1328 1799 1386 1833 sub
1413 1798 1507 1833 tutela
1534 1798 1725 1845 apostolicae
1747 1798 1806 1833 de-

1059 1850 1210 1885 fensionis
1231 1848 1486 1894 susciperemus,
1519 1860 1591 1882 cum
1627 1859 1681 1894 per
1708 1847 1805 1882 inter-

1059 1907 1184 1933 ventum
1223 1897 1363 1945 episcopi
1391 1897 1485 1932 vestri
1525 1909 1581 1944 per
1610 1897 1714 1931 literas
1751 1908 1807 1930 ve-

1059 1956 1149 1987 stras,
1176 1956 1242 1982 tum
1264 1947 1384 1981 devotis
1406 1946 1516 1981 vestris
1540 1945 1686 1993 precibus
1715 1945 1804 1990 llexi,

1060 1997 1200 2044 petitioni
1227 2004 1347 2031 vestrae
1379 1995 1511 2030 libenter
1536 1995 1715 2030 annuimus.
1751 1994 1808 2028 ln-

1059 2047 1165 2081 clinati
1193 2057 1267 2092 ergo
1290 2045 1400 2080 vestris
1423 2044 1653 2091 rogationibus,
1678 2055 1731 2078 vos
1753 2055 1809 2078 ve-

1060 2103 1184 2142 straque
1207 2095 1286 2129 bona
1308 2102 1401 2141 atque
1420 2094 1609 2141 praedictam
1632 2092 1807 2127 Ecclesiam

1060 2145 1119 2179 sul]
1156 2143 1332 2179 munimine
1372 2144 1559 2190 apostolicae
1604 2141 1809 2189 protectionis

1060 2193 1271 2240 suscipimus,
1321 2199 1351 2227 et
1384 2193 1608 2227 confirmanius
1656 2190 1808 2237 quidquid

1061 2243 1142 2277 dicta
1164 2241 1305 2276 Ecclesia
1328 2241 1408 2276 iuste
1437 2241 1550 2285 habet,
1585 2240 1631 2274 vel
1660 2240 1811 2286 deinceps

1062 2292 1140 2326 iuste
1164 2291 1358 2337 adquisitura
1386 2297 1443 2330 est,
1471 2299 1532 2324 tam
1555 2290 1584 2323 in
1608 2288 1698 2324 terris
1716 2300 1810 2335 quam

1062 2343 1092 2375 in
1121 2340 1237 2380 vineis,
1259 2351 1314 2374 seu
1336 2338 1504 2374 cuiuslibet
1530 2338 1655 2385 generis
1686 2349 1812 2384 posses-

1062 2389 1221 2424 sionibus:
1252 2388 1292 2423 ita
1321 2395 1436 2423 utnon
1467 2387 1557 2422 liccat
1583 2387 1732 2434 cuiquam
1760 2398 1813 2421 ec-

1063 2438 1311 2474 clesiasticorum
1345 2437 1392 2472 vel
1432 2437 1639 2472 saecularium
1681 2447 1812 2482 magnae

1065 2499 1240 2536 parvaeque
1268 2498 1420 2534 personae
1455 2498 1509 2521 vos
1544 2485 1736 2533 inquietare,
1765 2484 1813 2520 vel

1101 2562 1139 2598 (t)
1157 2562 1194 2589 Ex
1220 2561 1340 2598 Append.
1364 2564 1427 2589 tom.
1449 2568 1476 2588 tv
1496 2560 1595 2589 Galliae
1619 2560 1717 2588 Christ.

1820 208 1867 234 An.
1888 208 1915 234 (Σ.
1936 209 1954 234 tt
1969 210 2001 235 711

1856 1279 1908 1300 Emi·
1918 1278 1931 1299 'i
1941 1284 1972 1298 im.

1865 2401 1976 2420 [tt-fretum
1985 2405 2022 2423 pri·

1839 2428 1975 2448 iti-1⁴·1nntl-llr·
1988 2426 2022 2445 tm-

1838 2462 1850 2475 tt
1862 2461 1918 2474 *sttui-
