<?xml version="1.0" encoding="UTF-8"?>
<!DOCTYPE html PUBLIC "-//W3C//DTD XHTML 1.0 Transitional//EN"
    "http://www.w3.org/TR/xhtml1/DTD/xhtml1-transitional.dtd">
<html xmlns="http://www.w3.org/1999/xhtml" xml:lang="en" lang="en">
 <head>
  <title>
</title>
<meta http-equiv="Content-Type" content="text/html;charset=utf-8" />
  <meta name='ocr-system' content='tesseract 3.04.00' />
  <meta name='ocr-capabilities' content='ocr_page ocr_carea ocr_par ocr_line ocrx_word'/>
</head>
<body>
  <div class='ocr_page' id='page_1' title='image "./bullarumdiplomat02cath/bullarumdiplomat02cath_0263.png"; bbox 0 0 2180 3205; ppageno 0'>
   <div class='ocr_carea' id='block_1_1' title="bbox 47 296 230 325">
    <p class='ocr_par' dir='ltr' id='par_1_1' title="bbox 47 296 230 325">
     <span class='ocr_line' id='line_1_1' title="bbox 47 296 230 325; baseline 0 -1"><span class='ocrx_word' id='word_1_1' title='bbox 47 297 95 325; x_wconf 82' lang='grc' dir='ltr'><strong>Λιι.</strong></span> <span class='ocrx_word' id='word_1_2' title='bbox 116 296 144 324; x_wconf 90' lang='lat' dir='ltr'>C.</span> <span class='ocrx_word' id='word_1_3' title='bbox 163 297 230 324; x_wconf 72' lang='lat'><strong>¹100</strong></span> 
     </span>
    </p>
   </div>
   <div class='ocr_carea' id='block_1_2' title="bbox 43 571 229 754">
    <p class='ocr_par' dir='ltr' id='par_1_2' title="bbox 59 571 216 598">
     <span class='ocr_line' id='line_1_2' title="bbox 59 571 216 598; baseline -0.019 -4"><span class='ocrx_word' id='word_1_4' title='bbox 59 572 76 594; x_wconf 83' lang='grc' dir='ltr'><strong>Α</strong></span> <span class='ocrx_word' id='word_1_5' title='bbox 89 576 133 598; x_wconf 68' lang='lat' dir='ltr'>quo</span> <span class='ocrx_word' id='word_1_6' title='bbox 147 571 216 593; x_wconf 74' lang='lat' dir='ltr'>tuen-n</span> 
     </span>
    </p>

    <p class='ocr_par' dir='ltr' id='par_1_3' title="bbox 61 601 215 620">
     <span class='ocr_line' id='line_1_3' title="bbox 61 601 215 620; baseline -0.013 0"><span class='ocrx_word' id='word_1_7' title='bbox 61 601 215 620; x_wconf 76' lang='lat' dir='ltr'>constructum</span> 
     </span>
    </p>

    <p class='ocr_par' dir='ltr' id='par_1_4' title="bbox 43 625 229 754">
     <span class='ocr_line' id='line_1_4' title="bbox 57 625 215 647; baseline -0.019 0"><span class='ocrx_word' id='word_1_8' title='bbox 57 625 215 647; x_wconf 67' lang='lat' dir='ltr'>monasterium</span> 
     </span>
     <span class='ocr_line' id='line_1_5' title="bbox 43 651 228 675; baseline -0.011 -2"><span class='ocrx_word' id='word_1_9' title='bbox 43 652 92 675; x_wconf 71' lang='lat' dir='ltr'>hoc.</span> <span class='ocrx_word' id='word_1_10' title='bbox 100 652 164 672; x_wconf 80' lang='lat' dir='ltr'>cuius</span> <span class='ocrx_word' id='word_1_11' title='bbox 171 651 228 672; x_wconf 78' lang='lat' dir='ltr'>hona</span> 
     </span>
     <span class='ocr_line' id='line_1_6' title="bbox 43 679 229 700; baseline -0.011 0"><span class='ocrx_word' id='word_1_12' title='bbox 43 679 117 700; x_wconf 70' lang='lat' dir='ltr'>omma</span> <span class='ocrx_word' id='word_1_13' title='bbox 129 683 154 698; x_wconf 79' lang='lat' dir='ltr'>ne</span> <span class='ocrx_word' id='word_1_14' title='bbox 161 679 229 698; x_wconf 73' lang='lat' dir='ltr'>nona-</span> 
     </span>
     <span class='ocr_line' id='line_1_7' title="bbox 45 703 229 727; baseline -0.011 0"><span class='ocrx_word' id='word_1_15' title='bbox 45 705 116 727; x_wconf 70' lang='lat' dir='ltr'>nones</span> <span class='ocrx_word' id='word_1_16' title='bbox 146 703 229 726; x_wconf 81' lang='lat' dir='ltr'>confir-</span> 
     </span>
     <span class='ocr_line' id='line_1_8' title="bbox 44 734 139 754; baseline -0.032 0"><span class='ocrx_word' id='word_1_17' title='bbox 44 734 139 754; x_wconf 71' lang='lat' dir='ltr'>ututur.</span> 
     </span>
    </p>
   </div>
   <div class='ocr_carea' id='block_1_3' title="bbox 41 1447 225 1469">
    <p class='ocr_par' dir='ltr' id='par_1_5' title="bbox 41 1447 225 1469">
     <span class='ocr_line' id='line_1_9' title="bbox 41 1447 225 1469; baseline -0.005 0"><span class='ocrx_word' id='word_1_18' title='bbox 41 1447 112 1469; x_wconf 61' lang='grc' dir='ltr'>ΔΝΜ</span> <span class='ocrx_word' id='word_1_19' title='bbox 125 1453 137 1468; x_wconf 71' lang='lat' dir='ltr'>a</span> <span class='ocrx_word' id='word_1_20' title='bbox 153 1448 225 1469; x_wconf 79' lang='lat' dir='ltr'>tratri-</span> 
     </span>
    </p>
   </div>
   <div class='ocr_carea' id='block_1_4' title="bbox 6 1474 224 1501">
    <p class='ocr_par' dir='ltr' id='par_1_6' title="bbox 6 1474 224 1501">
     <span class='ocr_line' id='line_1_10' title="bbox 6 1474 224 1501; baseline 0 -5"><span class='ocrx_word' id='word_1_21' title='bbox 6 1482 9 1485; x_wconf 84' lang='lat'><em>¹</em></span> <span class='ocrx_word' id='word_1_22' title='bbox 40 1474 82 1496; x_wconf 79' lang='lat' dir='ltr'>bus</span> <span class='ocrx_word' id='word_1_23' title='bbox 101 1475 224 1501; x_wconf 69' lang='lat' dir='ltr'>eugendus.</span> 
     </span>
    </p>
   </div>
   <div class='ocr_carea' id='block_1_5' title="bbox 39 1505 226 1577">
    <p class='ocr_par' dir='ltr' id='par_1_7' title="bbox 39 1505 226 1577">
     <span class='ocr_line' id='line_1_11' title="bbox 39 1505 226 1550; baseline 0.006 -1"><span class='ocrx_word' id='word_1_24' title='bbox 39 1505 101 1549; x_wconf 48' lang='lat' dir='ltr'>antii</span> <span class='ocrx_word' id='word_1_25' title='bbox 105 1529 144 1549; x_wconf 75' lang='lat' dir='ltr'>fiee</span> <span class='ocrx_word' id='word_1_26' title='bbox 149 1534 226 1550; x_wconf 84' lang='lat' dir='ltr'>eonse—</span> 
     </span>
     <span class='ocr_line' id='line_1_12' title="bbox 39 1555 140 1577; baseline -0.01 0"><span class='ocrx_word' id='word_1_27' title='bbox 39 1555 140 1577; x_wconf 59' lang='lat' dir='ltr'>vannus.</span> 
     </span>
    </p>
   </div>
   <div class='ocr_carea' id='block_1_6' title="bbox 132 1504 225 1523">
    <p class='ocr_par' dir='ltr' id='par_1_8' title="bbox 132 1504 225 1523">
     <span class='ocr_line' id='line_1_13' title="bbox 132 1504 225 1523; baseline 0.022 -2"><span class='ocrx_word' id='word_1_28' title='bbox 132 1504 186 1523; x_wconf 58' lang='grc' dir='ltr'>5111Ιὶ</span> <span class='ocrx_word' id='word_1_29' title='bbox 190 1508 225 1523; x_wconf 86' lang='lat' dir='ltr'>tuo</span> 
     </span>
    </p>
   </div>
   <div class='ocr_carea' id='block_1_7' title="bbox 39 1931 224 2139">
    <p class='ocr_par' dir='ltr' id='par_1_9' title="bbox 40 1931 224 2006">
     <span class='ocr_line' id='line_1_14' title="bbox 40 1931 224 1953; baseline 0.005 -1"><span class='ocrx_word' id='word_1_30' title='bbox 40 1931 158 1953; x_wconf 75' lang='lat' dir='ltr'>neereium</span> <span class='ocrx_word' id='word_1_31' title='bbox 183 1932 224 1953; x_wconf 79' lang='lat' dir='ltr'>im-</span> 
     </span>
     <span class='ocr_line' id='line_1_15' title="bbox 54 1958 224 1984; baseline 0 -5"><span class='ocrx_word' id='word_1_32' title='bbox 54 1958 170 1979; x_wconf 65' lang='lat' dir='ltr'>munit-nis</span> <span class='ocrx_word' id='word_1_33' title='bbox 184 1965 224 1984; x_wconf 77' lang='lat' dir='ltr'>pro</span> 
     </span>
     <span class='ocr_line' id='line_1_16' title="bbox 53 1986 224 2006; baseline 0 -1"><span class='ocrx_word' id='word_1_34' title='bbox 53 1986 129 2006; x_wconf 73' lang='lat' dir='ltr'>eodem</span> <span class='ocrx_word' id='word_1_35' title='bbox 145 1991 224 2006; x_wconf 79' lang='lat' dir='ltr'>mona-</span> 
     </span>
    </p>

    <p class='ocr_par' dir='ltr' id='par_1_10' title="bbox 39 2012 224 2139">
     <span class='ocr_line' id='line_1_17' title="bbox 39 2012 224 2037; baseline 0.005 -6"><span class='ocrx_word' id='word_1_36' title='bbox 39 2012 114 2032; x_wconf 62' lang='lat' dir='ltr'>sterio:</span> <span class='ocrx_word' id='word_1_37' title='bbox 129 2015 150 2032; x_wconf 76' lang='lat' dir='ltr'>et</span> <span class='ocrx_word' id='word_1_38' title='bbox 169 2018 224 2037; x_wconf 73' lang='lat' dir='ltr'>poe-</span> 
     </span>
     <span class='ocr_line' id='line_1_18' title="bbox 39 2039 222 2064; baseline 0.005 -6"><span class='ocrx_word' id='word_1_39' title='bbox 39 2042 80 2059; x_wconf 81' lang='lat' dir='ltr'>nae</span> <span class='ocrx_word' id='word_1_40' title='bbox 93 2039 116 2059; x_wconf 82' lang='lat' dir='ltr'>in</span> <span class='ocrx_word' id='word_1_41' title='bbox 126 2043 171 2062; x_wconf 69' lang='lat' dir='ltr'>eos.</span> <span class='ocrx_word' id='word_1_42' title='bbox 184 2039 222 2064; x_wconf 83' lang='lat' dir='ltr'>qui</span> 
     </span>
     <span class='ocr_line' id='line_1_19' title="bbox 39 2065 223 2090; baseline 0.011 -6"><span class='ocrx_word' id='word_1_43' title='bbox 39 2065 158 2090; x_wconf 73' lang='lat' dir='ltr'>quidquam</span> <span class='ocrx_word' id='word_1_44' title='bbox 172 2071 223 2086; x_wconf 85' lang='lat' dir='ltr'>con-</span> 
     </span>
     <span class='ocr_line' id='line_1_20' title="bbox 41 2092 223 2115; baseline 0.016 -5"><span class='ocrx_word' id='word_1_45' title='bbox 41 2093 73 2111; x_wconf 76' lang='lat' dir='ltr'>tra</span> <span class='ocrx_word' id='word_1_46' title='bbox 87 2092 139 2112; x_wconf 70' lang='lat' dir='ltr'>iltud</span> <span class='ocrx_word' id='word_1_47' title='bbox 154 2095 223 2115; x_wconf 72' lang='lat' dir='ltr'>attui-</span> 
     </span>
     <span class='ocr_line' id='line_1_21' title="bbox 41 2119 136 2139; baseline 0.011 -1"><span class='ocrx_word' id='word_1_48' title='bbox 41 2119 136 2139; x_wconf 70' lang='lat' dir='ltr'>tavei-int</span> 
     </span>
    </p>
   </div>
   <div class='ocr_carea' id='block_1_8' title="bbox 883 293 1181 316">
    <p class='ocr_par' dir='ltr' id='par_1_11' title="bbox 883 293 1181 316">
     <span class='ocr_line' id='line_1_22' title="bbox 883 293 1181 316; baseline -0.003 0"><span class='ocrx_word' id='word_1_49' title='bbox 883 293 1057 316; x_wconf 73' lang='lat' dir='ltr'>PASCtlALtS</span> <span class='ocrx_word' id='word_1_50' title='bbox 1083 294 1106 316; x_wconf 84' lang='lat'>11</span> <span class='ocrx_word' id='word_1_51' title='bbox 1134 293 1181 316; x_wconf 75' lang='lat' dir='ltr'>Pt‘.</span> 
     </span>
    </p>
   </div>
   <div class='ocr_carea' id='block_1_9' title="bbox 1681 281 1752 316">
    <p class='ocr_par' dir='ltr' id='par_1_12' title="bbox 1681 281 1752 316">
     <span class='ocr_line' id='line_1_23' title="bbox 1681 281 1752 316; baseline 0.028 -2"><span class='ocrx_word' id='word_1_52' title='bbox 1681 281 1752 316; x_wconf 64' lang='lat'>245</span> 
     </span>
    </p>
   </div>
   <div class='ocr_carea' id='block_1_10' title="bbox 250 346 1795 396">
    <p class='ocr_par' dir='ltr' id='par_1_13' title="bbox 250 346 1795 396">
     <span class='ocr_line' id='line_1_24' title="bbox 250 346 1795 396; baseline -0.001 -13"><span class='ocrx_word' id='word_1_53' title='bbox 250 348 388 396; x_wconf 82' lang='lat' dir='ltr'>impigro</span> <span class='ocrx_word' id='word_1_54' title='bbox 419 348 584 395; x_wconf 74' lang='lat' dir='ltr'>vigilemus</span> <span class='ocrx_word' id='word_1_55' title='bbox 610 349 732 384; x_wconf 76' lang='lat' dir='ltr'>affectu.</span> <span class='ocrx_word' id='word_1_56' title='bbox 762 347 935 383; x_wconf 78' lang='lat' dir='ltr'>Postulavit</span> <span class='ocrx_word' id='word_1_57' title='bbox 961 347 1005 382; x_wconf 90' lang='lat' dir='ltr'>si-</span> <span class='ocrx_word' id='word_1_58' title='bbox 1050 347 1146 393; x_wconf 88' lang='lat' dir='ltr'>ptoris</span> <span class='ocrx_word' id='word_1_59' title='bbox 1169 346 1236 382; x_wconf 79' lang='lat' dir='ltr'>lesu</span> <span class='ocrx_word' id='word_1_60' title='bbox 1265 346 1383 382; x_wconf 76' lang='lat' dir='ltr'>Christi</span> <span class='ocrx_word' id='word_1_61' title='bbox 1419 346 1520 382; x_wconf 87' lang='lat' dir='ltr'>aliena</span> <span class='ocrx_word' id='word_1_62' title='bbox 1550 347 1621 391; x_wconf 81' lang='lat' dir='ltr'>liat,</span> <span class='ocrx_word' id='word_1_63' title='bbox 1643 355 1737 394; x_wconf 86' lang='lat' dir='ltr'>atque</span> <span class='ocrx_word' id='word_1_64' title='bbox 1766 349 1795 383; x_wconf 88' lang='lat' dir='ltr'>in</span> 
     </span>
    </p>
   </div>
   <div class='ocr_carea' id='block_1_11' title="bbox 242 398 1005 2706">
    <p class='ocr_par' dir='ltr' id='par_1_14' title="bbox 242 398 1005 2696">
     <span class='ocr_line' id='line_1_25' title="bbox 252 398 1002 445; baseline -0.001 -13"><span class='ocrx_word' id='word_1_65' title='bbox 252 399 381 445; x_wconf 83' lang='lat' dir='ltr'>quidem</span> <span class='ocrx_word' id='word_1_66' title='bbox 408 410 465 433; x_wconf 87' lang='lat' dir='ltr'>nos</span> <span class='ocrx_word' id='word_1_67' title='bbox 493 398 620 433; x_wconf 67' lang='lat' dir='ltr'>dilectio</span> <span class='ocrx_word' id='word_1_68' title='bbox 642 407 703 438; x_wconf 83' lang='lat' dir='ltr'>tua,</span> <span class='ocrx_word' id='word_1_69' title='bbox 727 398 1002 444; x_wconf 81' lang='lat' dir='ltr'>praedecessorum</span> 
     </span>
     <span class='ocr_line' id='line_1_26' title="bbox 252 448 1005 494; baseline -0.004 -12"><span class='ocrx_word' id='word_1_70' title='bbox 252 456 433 482; x_wconf 87' lang='lat' dir='ltr'>nostrorum</span> <span class='ocrx_word' id='word_1_71' title='bbox 451 449 604 494; x_wconf 77' lang='lat' dir='ltr'>quaedam</span> <span class='ocrx_word' id='word_1_72' title='bbox 627 456 739 482; x_wconf 85' lang='lat' dir='ltr'>statuta</span> <span class='ocrx_word' id='word_1_73' title='bbox 755 448 889 485; x_wconf 78' lang='lat' dir='ltr'>[ii-mare,</span> <span class='ocrx_word' id='word_1_74' title='bbox 907 455 935 480; x_wconf 90' lang='lat' dir='ltr'>et</span> <span class='ocrx_word' id='word_1_75' title='bbox 951 459 1005 489; x_wconf 87' lang='lat' dir='ltr'>per</span> 
     </span>
     <span class='ocr_line' id='line_1_27' title="bbox 251 494 1004 537; baseline -0.003 -6"><span class='ocrx_word' id='word_1_76' title='bbox 251 509 287 531; x_wconf 88' lang='lat' dir='ltr'>ea</span> <span class='ocrx_word' id='word_1_77' title='bbox 316 497 409 531; x_wconf 80' lang='lat' dir='ltr'>vestri</span> <span class='ocrx_word' id='word_1_78' title='bbox 443 497 622 532; x_wconf 85' lang='lat' dir='ltr'>monasterii</span> <span class='ocrx_word' id='word_1_79' title='bbox 650 505 763 531; x_wconf 82' lang='lat' dir='ltr'>statum</span> <span class='ocrx_word' id='word_1_80' title='bbox 792 503 918 537; x_wconf 86' lang='lat' dir='ltr'>auctore</span> <span class='ocrx_word' id='word_1_81' title='bbox 938 494 1004 529; x_wconf 80' lang='lat' dir='ltr'>Deo</span> 
     </span>
     <span class='ocr_line' id='line_1_28' title="bbox 251 544 1004 588; baseline -0.001 -8"><span class='ocrx_word' id='word_1_82' title='bbox 251 546 386 580; x_wconf 89' lang='lat' dir='ltr'>munire.</span> <span class='ocrx_word' id='word_1_83' title='bbox 402 546 546 588; x_wconf 60' lang='lat' dir='ltr'>Quod...</span> <span class='ocrx_word' id='word_1_84' title='bbox 572 545 796 581; x_wconf 84' lang='lat' dir='ltr'>monasterium</span> <span class='ocrx_word' id='word_1_85' title='bbox 819 544 1004 579; x_wconf 77' lang='lat' dir='ltr'>venerabilis</span> 
     </span>
     <span class='ocr_line' id='line_1_29' title="bbox 249 593 1004 630; baseline -0.003 -1"><span class='ocrx_word' id='word_1_86' title='bbox 249 595 410 630; x_wconf 89' lang='lat' dir='ltr'>comitissa</span> <span class='ocrx_word' id='word_1_87' title='bbox 447 595 586 630; x_wconf 78' lang='lat' dir='ltr'>Anselda</span> <span class='ocrx_word' id='word_1_88' title='bbox 619 608 690 629; x_wconf 77' lang='lat' dir='ltr'>cum</span> <span class='ocrx_word' id='word_1_89' title='bbox 722 594 795 628; x_wconf 83' lang='lat' dir='ltr'>liliis</span> <span class='ocrx_word' id='word_1_90' title='bbox 827 594 894 628; x_wconf 87' lang='lat' dir='ltr'>suis</span> <span class='ocrx_word' id='word_1_91' title='bbox 919 593 1004 628; x_wconf 92' lang='lat' dir='ltr'>Lan-</span> 
     </span>
     <span class='ocr_line' id='line_1_30' title="bbox 251 642 1004 690; baseline -0.001 -12"><span class='ocrx_word' id='word_1_92' title='bbox 251 643 373 685; x_wconf 79' lang='lat' dir='ltr'>sranco,</span> <span class='ocrx_word' id='word_1_93' title='bbox 405 644 550 679; x_wconf 85' lang='lat' dir='ltr'>Arduino</span> <span class='ocrx_word' id='word_1_94' title='bbox 572 653 600 679; x_wconf 89' lang='lat' dir='ltr'>et</span> <span class='ocrx_word' id='word_1_95' title='bbox 635 642 832 690; x_wconf 79' lang='lat' dir='ltr'>Maguisredo</span> <span class='ocrx_word' id='word_1_96' title='bbox 858 651 1004 678; x_wconf 87' lang='lat' dir='ltr'>constru-</span> 
     </span>
     <span class='ocr_line' id='line_1_31' title="bbox 249 693 1003 738; baseline -0.003 -10"><span class='ocrx_word' id='word_1_97' title='bbox 249 694 346 737; x_wconf 75' lang='lat' dir='ltr'>xisse,</span> <span class='ocrx_word' id='word_1_98' title='bbox 369 702 399 728; x_wconf 86' lang='lat' dir='ltr'>et</span> <span class='ocrx_word' id='word_1_99' title='bbox 425 694 491 729; x_wconf 90' lang='lat' dir='ltr'>suis</span> <span class='ocrx_word' id='word_1_100' title='bbox 519 693 720 728; x_wconf 81' lang='lat' dir='ltr'>facultatibus</span> <span class='ocrx_word' id='word_1_101' title='bbox 742 693 857 727; x_wconf 84' lang='lat' dir='ltr'>(litasse</span> <span class='ocrx_word' id='word_1_102' title='bbox 878 704 1003 738; x_wconf 81' lang='lat' dir='ltr'>cogno-</span> 
     </span>
     <span class='ocr_line' id='line_1_32' title="bbox 250 742 1001 789; baseline -0.001 -13"><span class='ocrx_word' id='word_1_103' title='bbox 250 743 360 777; x_wconf 87' lang='lat' dir='ltr'>scitur.</span> <span class='ocrx_word' id='word_1_104' title='bbox 396 742 458 777; x_wconf 89' lang='lat' dir='ltr'>Per</span> <span class='ocrx_word' id='word_1_105' title='bbox 502 743 675 789; x_wconf 87' lang='lat' dir='ltr'>praesentis</span> <span class='ocrx_word' id='word_1_106' title='bbox 719 742 812 788; x_wconf 82' lang='lat' dir='ltr'>igitur</span> <span class='ocrx_word' id='word_1_107' title='bbox 849 742 1001 788; x_wconf 81' lang='lat' dir='ltr'>privilegii</span> 
     </span>
     <span class='ocr_line' id='line_1_33' title="bbox 248 791 1002 838; baseline -0.001 -12"><span class='ocrx_word' id='word_1_108' title='bbox 248 793 394 838; x_wconf 82' lang='lat' dir='ltr'>paginam</span> <span class='ocrx_word' id='word_1_109' title='bbox 423 792 592 838; x_wconf 89' lang='lat' dir='ltr'>apostolica</span> <span class='ocrx_word' id='word_1_110' title='bbox 614 792 799 826; x_wconf 86' lang='lat' dir='ltr'>auctoritate</span> <span class='ocrx_word' id='word_1_111' title='bbox 821 791 1002 835; x_wconf 75' lang='lat' dir='ltr'>statuimus,</span> 
     </span>
     <span class='ocr_line' id='line_1_34' title="bbox 250 840 1001 895; baseline -0.001 -20"><span class='ocrx_word' id='word_1_112' title='bbox 250 849 282 875; x_wconf 94' lang='lat' dir='ltr'>ut</span> <span class='ocrx_word' id='word_1_113' title='bbox 297 852 516 888; x_wconf 87' lang='lat' dir='ltr'>quaecumque</span> <span class='ocrx_word' id='word_1_114' title='bbox 532 841 669 895; x_wconf 81' lang='lat' dir='ltr'>praedia,</span> <span class='ocrx_word' id='word_1_115' title='bbox 689 852 907 895; x_wconf 81' lang='lat' dir='ltr'>quaecumque</span> <span class='ocrx_word' id='word_1_116' title='bbox 922 840 1001 874; x_wconf 87' lang='lat' dir='ltr'>bona</span> 
     </span>
     <span class='ocr_line' id='line_1_35' title="bbox 246 886 1003 936; baseline 0 -12"><span class='ocrx_word' id='word_1_117' title='bbox 246 901 263 924; x_wconf 87' lang='lat' dir='ltr'>a</span> <span class='ocrx_word' id='word_1_118' title='bbox 289 890 447 936; x_wconf 87' lang='lat' dir='ltr'>praedicta</span> <span class='ocrx_word' id='word_1_119' title='bbox 463 890 621 925; x_wconf 88' lang='lat' dir='ltr'>comitissa</span> <span class='ocrx_word' id='word_1_120' title='bbox 638 889 683 925; x_wconf 64' lang='lat' dir='ltr'>iel</span> <span class='ocrx_word' id='word_1_121' title='bbox 700 890 768 924; x_wconf 89' lang='lat' dir='ltr'>eius</span> <span class='ocrx_word' id='word_1_122' title='bbox 791 890 873 929; x_wconf 81' lang='lat' dir='ltr'>titiis,</span> <span class='ocrx_word' id='word_1_123' title='bbox 896 901 951 924; x_wconf 89' lang='lat' dir='ltr'>seu</span> <span class='ocrx_word' id='word_1_124' title='bbox 963 886 1003 924; x_wconf 91' lang='lat' dir='ltr'>ab</span> 
     </span>
     <span class='ocr_line' id='line_1_36' title="bbox 246 938 1000 986; baseline 0 -13"><span class='ocrx_word' id='word_1_125' title='bbox 246 938 319 974; x_wconf 87' lang='lat' dir='ltr'>aliis</span> <span class='ocrx_word' id='word_1_126' title='bbox 341 938 489 974; x_wconf 85' lang='lat' dir='ltr'>fidelibus</span> <span class='ocrx_word' id='word_1_127' title='bbox 519 939 557 974; x_wconf 89' lang='lat' dir='ltr'>de</span> <span class='ocrx_word' id='word_1_128' title='bbox 580 940 645 974; x_wconf 76' lang='lat' dir='ltr'>iure</span> <span class='ocrx_word' id='word_1_129' title='bbox 675 939 801 986; x_wconf 78' lang='lat' dir='ltr'>proprio</span> <span class='ocrx_word' id='word_1_130' title='bbox 824 939 894 974; x_wconf 89' lang='lat' dir='ltr'>data</span> <span class='ocrx_word' id='word_1_131' title='bbox 917 947 1000 982; x_wconf 89' lang='lat' dir='ltr'>sunt,</span> 
     </span>
     <span class='ocr_line' id='line_1_37' title="bbox 247 967 1000 1035; baseline -0.001 -12"><span class='ocrx_word' id='word_1_132' title='bbox 247 1000 471 1035; x_wconf 80' lang='lat' dir='ltr'>quaecumque</span> <span class='ocrx_word' id='word_1_133' title='bbox 518 989 611 1023; x_wconf 87' lang='lat' dir='ltr'>etiam</span> <span class='ocrx_word' id='word_1_134' title='bbox 650 989 680 1023; x_wconf 91' lang='lat' dir='ltr'>in</span> <span class='ocrx_word' id='word_1_135' title='bbox 720 989 859 1023; x_wconf 83' lang='lat' dir='ltr'>futurum</span> <span class='ocrx_word' id='word_1_136' title='bbox 898 967 1000 1023; x_wconf 81' lang='lat' dir='ltr'>eideni</span> 
     </span>
     <span class='ocr_line' id='line_1_38' title="bbox 245 1037 1001 1079; baseline 0.003 -8"><span class='ocrx_word' id='word_1_137' title='bbox 245 1038 436 1072; x_wconf 87' lang='lat' dir='ltr'>monasterio</span> <span class='ocrx_word' id='word_1_138' title='bbox 463 1038 670 1073; x_wconf 78' lang='lat' dir='ltr'>concessione</span> <span class='ocrx_word' id='word_1_139' title='bbox 693 1037 896 1079; x_wconf 80' lang='lat' dir='ltr'>Pontificum,</span> <span class='ocrx_word' id='word_1_140' title='bbox 920 1038 1001 1073; x_wconf 86' lang='lat' dir='ltr'>libe-</span> 
     </span>
     <span class='ocr_line' id='line_1_39' title="bbox 243 1087 997 1134; baseline 0.001 -13"><span class='ocrx_word' id='word_1_141' title='bbox 243 1087 364 1121; x_wconf 86' lang='lat' dir='ltr'>ralitate</span> <span class='ocrx_word' id='word_1_142' title='bbox 392 1087 584 1134; x_wconf 80' lang='lat' dir='ltr'>principum,</span> <span class='ocrx_word' id='word_1_143' title='bbox 609 1087 654 1122; x_wconf 80' lang='lat' dir='ltr'>vel</span> <span class='ocrx_word' id='word_1_144' title='bbox 677 1087 835 1122; x_wconf 87' lang='lat' dir='ltr'>oblatione</span> <span class='ocrx_word' id='word_1_145' title='bbox 858 1087 997 1122; x_wconf 83' lang='lat' dir='ltr'>fidelium</span> 
     </span>
     <span class='ocr_line' id='line_1_40' title="bbox 243 1136 1000 1183; baseline 0.001 -13"><span class='ocrx_word' id='word_1_146' title='bbox 243 1136 310 1170; x_wconf 84' lang='lat' dir='ltr'>dari</span> <span class='ocrx_word' id='word_1_147' title='bbox 333 1137 510 1182; x_wconf 79' lang='lat' dir='ltr'>contigerit,</span> <span class='ocrx_word' id='word_1_148' title='bbox 526 1136 614 1171; x_wconf 84' lang='lat' dir='ltr'>firma</span> <span class='ocrx_word' id='word_1_149' title='bbox 632 1137 717 1171; x_wconf 71' lang='lat' dir='ltr'>vobis</span> <span class='ocrx_word' id='word_1_150' title='bbox 736 1137 909 1183; x_wconf 81' lang='lat' dir='ltr'>vestrisque</span> <span class='ocrx_word' id='word_1_151' title='bbox 925 1150 1000 1172; x_wconf 86' lang='lat' dir='ltr'>suc-</span> 
     </span>
     <span class='ocr_line' id='line_1_41' title="bbox 245 1185 1000 1231; baseline 0.001 -12"><span class='ocrx_word' id='word_1_152' title='bbox 245 1185 426 1220; x_wconf 83' lang='lat' dir='ltr'>cessoribus</span> <span class='ocrx_word' id='word_1_153' title='bbox 444 1193 474 1220; x_wconf 84' lang='lat' dir='ltr'>et</span> <span class='ocrx_word' id='word_1_154' title='bbox 493 1185 610 1220; x_wconf 89' lang='lat' dir='ltr'>illibata</span> <span class='ocrx_word' id='word_1_155' title='bbox 635 1194 849 1231; x_wconf 81' lang='lat' dir='ltr'>permaneant.</span> <span class='ocrx_word' id='word_1_156' title='bbox 873 1185 1000 1220; x_wconf 86' lang='lat' dir='ltr'>Conlir-</span> 
     </span>
     <span class='ocr_line' id='line_1_42' title="bbox 243 1234 998 1282; baseline 0.003 -14"><span class='ocrx_word' id='word_1_157' title='bbox 243 1246 369 1269; x_wconf 87' lang='lat' dir='ltr'>mamus</span> <span class='ocrx_word' id='word_1_158' title='bbox 391 1235 494 1281; x_wconf 87' lang='lat' dir='ltr'>itaque</span> <span class='ocrx_word' id='word_1_159' title='bbox 513 1235 695 1282; x_wconf 85' lang='lat' dir='ltr'>supradicto</span> <span class='ocrx_word' id='word_1_160' title='bbox 714 1235 821 1270; x_wconf 84' lang='lat' dir='ltr'>Sancti</span> <span class='ocrx_word' id='word_1_161' title='bbox 845 1234 998 1282; x_wconf 84' lang='lat' dir='ltr'>Stephani</span> 
     </span>
     <span class='ocr_line' id='line_1_43' title="bbox 244 1284 997 1325; baseline 0.003 -8"><span class='ocrx_word' id='word_1_162' title='bbox 244 1284 436 1318; x_wconf 86' lang='lat' dir='ltr'>monasterio</span> <span class='ocrx_word' id='word_1_163' title='bbox 459 1284 654 1319; x_wconf 87' lang='lat' dir='ltr'>adiacentem</span> <span class='ocrx_word' id='word_1_164' title='bbox 680 1284 782 1319; x_wconf 72' lang='lat' dir='ltr'>villam</span> <span class='ocrx_word' id='word_1_165' title='bbox 803 1293 831 1319; x_wconf 88' lang='lat' dir='ltr'>et</span> <span class='ocrx_word' id='word_1_166' title='bbox 848 1294 997 1325; x_wconf 81' lang='lat' dir='ltr'>castrum,</span> 
     </span>
     <span class='ocr_line' id='line_1_44' title="bbox 244 1332 1000 1380; baseline 0.003 -14"><span class='ocrx_word' id='word_1_167' title='bbox 244 1332 323 1367; x_wconf 76' lang='lat' dir='ltr'>infra</span> <span class='ocrx_word' id='word_1_168' title='bbox 361 1333 446 1380; x_wconf 89' lang='lat' dir='ltr'>quod</span> <span class='ocrx_word' id='word_1_169' title='bbox 474 1333 555 1368; x_wconf 89' lang='lat' dir='ltr'>idem</span> <span class='ocrx_word' id='word_1_170' title='bbox 589 1334 814 1368; x_wconf 81' lang='lat' dir='ltr'>monasterium</span> <span class='ocrx_word' id='word_1_171' title='bbox 852 1343 1000 1368; x_wconf 88' lang='lat' dir='ltr'>constru-</span> 
     </span>
     <span class='ocr_line' id='line_1_45' title="bbox 245 1383 996 1430; baseline 0.001 -15"><span class='ocrx_word' id='word_1_172' title='bbox 245 1390 333 1416; x_wconf 87' lang='lat' dir='ltr'>ctum</span> <span class='ocrx_word' id='word_1_173' title='bbox 370 1390 434 1421; x_wconf 80' lang='lat' dir='ltr'>est,</span> <span class='ocrx_word' id='word_1_174' title='bbox 463 1390 492 1416; x_wconf 88' lang='lat' dir='ltr'>et</span> <span class='ocrx_word' id='word_1_175' title='bbox 519 1390 656 1422; x_wconf 78' lang='lat' dir='ltr'>caetera,</span> <span class='ocrx_word' id='word_1_176' title='bbox 687 1395 766 1430; x_wconf 86' lang='lat' dir='ltr'>quae</span> <span class='ocrx_word' id='word_1_177' title='bbox 794 1383 823 1416; x_wconf 84' lang='lat' dir='ltr'>in</span> <span class='ocrx_word' id='word_1_178' title='bbox 857 1383 996 1429; x_wconf 77' lang='lat' dir='ltr'>episcopi</span> 
     </span>
     <span class='ocr_line' id='line_1_46' title="bbox 245 1430 998 1486; baseline 0.003 -21"><span class='ocrx_word' id='word_1_179' title='bbox 245 1430 370 1466; x_wconf 83' lang='lat' dir='ltr'>Nokcni</span> <span class='ocrx_word' id='word_1_180' title='bbox 393 1431 603 1486; x_wconf 77' lang='lat' dir='ltr'>chirographo</span> <span class='ocrx_word' id='word_1_181' title='bbox 626 1432 998 1467; x_wconf 74' lang='lat' dir='ltr'>continentur.Obeuntc</span> 
     </span>
     <span class='ocr_line' id='line_1_47' title="bbox 247 1481 996 1525; baseline 0.003 -11"><span class='ocrx_word' id='word_1_182' title='bbox 247 1488 292 1521; x_wconf 84' lang='lat' dir='ltr'>te,</span> <span class='ocrx_word' id='word_1_183' title='bbox 322 1493 405 1515; x_wconf 89' lang='lat' dir='ltr'>nunc</span> <span class='ocrx_word' id='word_1_184' title='bbox 440 1493 507 1515; x_wconf 85' lang='lat' dir='ltr'>ctus</span> <span class='ocrx_word' id='word_1_185' title='bbox 539 1481 596 1516; x_wconf 90' lang='lat' dir='ltr'>loci</span> <span class='ocrx_word' id='word_1_186' title='bbox 636 1481 771 1525; x_wconf 83' lang='lat' dir='ltr'>abbate,</span> <span class='ocrx_word' id='word_1_187' title='bbox 798 1482 844 1516; x_wconf 66' lang='lat' dir='ltr'>tel</span> <span class='ocrx_word' id='word_1_188' title='bbox 872 1490 996 1516; x_wconf 73' lang='lat' dir='ltr'>tuorum</span> 
     </span>
     <span class='ocr_line' id='line_1_48' title="bbox 247 1530 997 1577; baseline 0.001 -13"><span class='ocrx_word' id='word_1_189' title='bbox 247 1530 390 1576; x_wconf 87' lang='lat' dir='ltr'>quolibet</span> <span class='ocrx_word' id='word_1_190' title='bbox 412 1542 642 1574; x_wconf 78' lang='lat' dir='ltr'>successorum,</span> <span class='ocrx_word' id='word_1_191' title='bbox 665 1531 769 1565; x_wconf 89' lang='lat' dir='ltr'>nullus</span> <span class='ocrx_word' id='word_1_192' title='bbox 791 1530 832 1564; x_wconf 89' lang='lat' dir='ltr'>ibi</span> <span class='ocrx_word' id='word_1_193' title='bbox 860 1532 997 1577; x_wconf 83' lang='lat' dir='ltr'>qualibet</span> 
     </span>
     <span class='ocr_line' id='line_1_49' title="bbox 245 1579 998 1627; baseline 0.003 -14"><span class='ocrx_word' id='word_1_194' title='bbox 245 1579 462 1626; x_wconf 83' lang='lat' dir='ltr'>subreptionis</span> <span class='ocrx_word' id='word_1_195' title='bbox 499 1580 611 1614; x_wconf 87' lang='lat' dir='ltr'>astutia</span> <span class='ocrx_word' id='word_1_196' title='bbox 646 1592 700 1614; x_wconf 83' lang='lat' dir='ltr'>seu</span> <span class='ocrx_word' id='word_1_197' title='bbox 735 1580 878 1615; x_wconf 72' lang='lat' dir='ltr'>xiolentia</span> <span class='ocrx_word' id='word_1_198' title='bbox 908 1593 998 1627; x_wconf 84' lang='lat' dir='ltr'>prae-</span> 
     </span>
     <span class='ocr_line' id='line_1_50' title="bbox 244 1628 996 1675; baseline 0.003 -13"><span class='ocrx_word' id='word_1_199' title='bbox 244 1637 405 1675; x_wconf 78' lang='lat' dir='ltr'>ponatur,</span> <span class='ocrx_word' id='word_1_200' title='bbox 443 1628 503 1663; x_wconf 80' lang='lat' dir='ltr'>nisi</span> <span class='ocrx_word' id='word_1_201' title='bbox 532 1641 625 1675; x_wconf 85' lang='lat' dir='ltr'>quem</span> <span class='ocrx_word' id='word_1_202' title='bbox 649 1629 768 1671; x_wconf 81' lang='lat' dir='ltr'>fratres,</span> <span class='ocrx_word' id='word_1_203' title='bbox 798 1629 844 1663; x_wconf 62' lang='lat' dir='ltr'>tel</span> <span class='ocrx_word' id='word_1_204' title='bbox 868 1630 996 1664; x_wconf 79' lang='lat' dir='ltr'>batrum</span> 
     </span>
     <span class='ocr_line' id='line_1_51' title="bbox 245 1677 996 1724; baseline 0.004 -14"><span class='ocrx_word' id='word_1_205' title='bbox 245 1689 318 1724; x_wconf 84' lang='lat' dir='ltr'>pars</span> <span class='ocrx_word' id='word_1_206' title='bbox 340 1677 461 1712; x_wconf 86' lang='lat' dir='ltr'>consilii</span> <span class='ocrx_word' id='word_1_207' title='bbox 485 1679 631 1718; x_wconf 82' lang='lat' dir='ltr'>sanioris,</span> <span class='ocrx_word' id='word_1_208' title='bbox 663 1679 707 1713; x_wconf 75' lang='lat' dir='ltr'>rel</span> <span class='ocrx_word' id='word_1_209' title='bbox 737 1679 775 1712; x_wconf 85' lang='lat' dir='ltr'>‹le</span> <span class='ocrx_word' id='word_1_210' title='bbox 803 1691 860 1713; x_wconf 86' lang='lat' dir='ltr'>suo</span> <span class='ocrx_word' id='word_1_211' title='bbox 890 1679 934 1713; x_wconf 74' lang='lat' dir='ltr'>vel</span> <span class='ocrx_word' id='word_1_212' title='bbox 958 1679 996 1713; x_wconf 88' lang='lat' dir='ltr'>de</span> 
     </span>
     <span class='ocr_line' id='line_1_52' title="bbox 245 1728 994 1773; baseline 0.003 -13"><span class='ocrx_word' id='word_1_213' title='bbox 245 1728 372 1771; x_wconf 90' lang='lat' dir='ltr'>alieno,</span> <span class='ocrx_word' id='word_1_214' title='bbox 401 1728 425 1761; x_wconf 87' lang='lat' dir='ltr'>si</span> <span class='ocrx_word' id='word_1_215' title='bbox 449 1729 639 1773; x_wconf 76' lang='lat' dir='ltr'>oportuerit,</span> <span class='ocrx_word' id='word_1_216' title='bbox 662 1728 796 1773; x_wconf 73' lang='lat' dir='ltr'>collegio</span> <span class='ocrx_word' id='word_1_217' title='bbox 818 1728 994 1763; x_wconf 78' lang='lat' dir='ltr'>secundum</span> 
     </span>
     <span class='ocr_line' id='line_1_53' title="bbox 243 1775 994 1823; baseline 0.003 -14"><span class='ocrx_word' id='word_1_218' title='bbox 243 1775 301 1810; x_wconf 90' lang='lat' dir='ltr'>Dei</span> <span class='ocrx_word' id='word_1_219' title='bbox 331 1777 488 1819; x_wconf 86' lang='lat' dir='ltr'>timorem,</span> <span class='ocrx_word' id='word_1_220' title='bbox 515 1784 544 1811; x_wconf 87' lang='lat' dir='ltr'>et</span> <span class='ocrx_word' id='word_1_221' title='bbox 567 1776 647 1811; x_wconf 74' lang='lat' dir='ltr'>beati</span> <span class='ocrx_word' id='word_1_222' title='bbox 671 1777 833 1811; x_wconf 65' lang='lat' dir='ltr'>Benedicti</span> <span class='ocrx_word' id='word_1_223' title='bbox 856 1779 994 1823; x_wconf 71' lang='lat' dir='ltr'>regulam</span> 
     </span>
     <span class='ocr_line' id='line_1_54' title="bbox 245 1824 994 1871; baseline 0.001 -12"><span class='ocrx_word' id='word_1_224' title='bbox 245 1824 437 1871; x_wconf 76' lang='lat' dir='ltr'>providerint</span> <span class='ocrx_word' id='word_1_225' title='bbox 464 1826 656 1871; x_wconf 80' lang='lat' dir='ltr'>eligendum.</span> <span class='ocrx_word' id='word_1_226' title='bbox 681 1826 809 1861; x_wconf 73' lang='lat' dir='ltr'>Electus</span> <span class='ocrx_word' id='word_1_227' title='bbox 830 1835 934 1861; x_wconf 69' lang='lat' dir='ltr'>autom</span> <span class='ocrx_word' id='word_1_228' title='bbox 958 1827 994 1861; x_wconf 84' lang='lat' dir='ltr'>ad</span> 
     </span>
     <span class='ocr_line' id='line_1_55' title="bbox 243 1874 998 1911; baseline 0.004 -4"><span class='ocrx_word' id='word_1_229' title='bbox 243 1874 423 1908; x_wconf 86' lang='lat' dir='ltr'>Romanum</span> <span class='ocrx_word' id='word_1_230' title='bbox 448 1875 634 1910; x_wconf 76' lang='lat' dir='ltr'>Pontificem</span> <span class='ocrx_word' id='word_1_231' title='bbox 657 1876 894 1910; x_wconf 81' lang='lat' dir='ltr'>consecrandus</span> <span class='ocrx_word' id='word_1_232' title='bbox 912 1888 998 1911; x_wconf 80' lang='lat' dir='ltr'>aece-</span> 
     </span>
     <span class='ocr_line' id='line_1_56' title="bbox 243 1922 996 1965; baseline 0.003 -8"><span class='ocrx_word' id='word_1_233' title='bbox 243 1922 306 1957; x_wconf 83' lang='lat' dir='ltr'>dat.</span> <span class='ocrx_word' id='word_1_234' title='bbox 323 1923 370 1958; x_wconf 82' lang='lat' dir='ltr'>Ad</span> <span class='ocrx_word' id='word_1_235' title='bbox 387 1924 463 1958; x_wconf 83' lang='lat' dir='ltr'>haec</span> <span class='ocrx_word' id='word_1_236' title='bbox 482 1924 695 1965; x_wconf 79' lang='lat' dir='ltr'>deceruimus,</span> <span class='ocrx_word' id='word_1_237' title='bbox 720 1933 751 1958; x_wconf 87' lang='lat' dir='ltr'>ut</span> <span class='ocrx_word' id='word_1_238' title='bbox 771 1925 848 1959; x_wconf 89' lang='lat' dir='ltr'>nulli</span> <span class='ocrx_word' id='word_1_239' title='bbox 866 1927 996 1959; x_wconf 86' lang='lat' dir='ltr'>omnino</span> 
     </span>
     <span class='ocr_line' id='line_1_57' title="bbox 242 1972 995 2009; baseline 0.003 -3"><span class='ocrx_word' id='word_1_240' title='bbox 242 1972 410 2007; x_wconf 86' lang='lat' dir='ltr'>homiuum</span> <span class='ocrx_word' id='word_1_241' title='bbox 425 1973 514 2007; x_wconf 89' lang='lat' dir='ltr'>liceat</span> <span class='ocrx_word' id='word_1_242' title='bbox 530 1973 612 2007; x_wconf 87' lang='lat' dir='ltr'>idem</span> <span class='ocrx_word' id='word_1_243' title='bbox 633 1974 858 2008; x_wconf 84' lang='lat' dir='ltr'>monasterium</span> <span class='ocrx_word' id='word_1_244' title='bbox 878 1983 995 2009; x_wconf 84' lang='lat' dir='ltr'>temere</span> 
     </span>
     <span class='ocr_line' id='line_1_58' title="bbox 244 2021 996 2069; baseline 0.003 -14"><span class='ocrx_word' id='word_1_245' title='bbox 244 2021 439 2068; x_wconf 83' lang='lat' dir='ltr'>perturbare,</span> <span class='ocrx_word' id='word_1_246' title='bbox 462 2031 515 2056; x_wconf 88' lang='lat' dir='ltr'>aut</span> <span class='ocrx_word' id='word_1_247' title='bbox 546 2023 614 2057; x_wconf 88' lang='lat' dir='ltr'>eius</span> <span class='ocrx_word' id='word_1_248' title='bbox 642 2024 859 2069; x_wconf 63' lang='lat' dir='ltr'>possessiones</span> <span class='ocrx_word' id='word_1_249' title='bbox 890 2032 996 2058; x_wconf 86' lang='lat' dir='ltr'>teme-</span> 
     </span>
     <span class='ocr_line' id='line_1_59' title="bbox 243 2070 995 2118; baseline 0.004 -14"><span class='ocrx_word' id='word_1_250' title='bbox 243 2070 332 2105; x_wconf 85' lang='lat' dir='ltr'>rariis</span> <span class='ocrx_word' id='word_1_251' title='bbox 364 2071 582 2106; x_wconf 77' lang='lat' dir='ltr'>vexationibus</span> <span class='ocrx_word' id='word_1_252' title='bbox 618 2072 763 2118; x_wconf 77' lang='lat' dir='ltr'>fatigare3</span> <span class='ocrx_word' id='word_1_253' title='bbox 797 2073 850 2106; x_wconf 89' lang='lat' dir='ltr'>sed</span> <span class='ocrx_word' id='word_1_254' title='bbox 891 2074 995 2107; x_wconf 90' lang='lat' dir='ltr'>omnia</span> 
     </span>
     <span class='ocr_line' id='line_1_60' title="bbox 243 2119 993 2168; baseline 0.004 -15"><span class='ocrx_word' id='word_1_255' title='bbox 243 2119 363 2166; x_wconf 78' lang='lat' dir='ltr'>integra</span> <span class='ocrx_word' id='word_1_256' title='bbox 386 2130 612 2155; x_wconf 75' lang='lat' dir='ltr'>conserventur</span> <span class='ocrx_word' id='word_1_257' title='bbox 634 2133 757 2165; x_wconf 89' lang='lat' dir='ltr'>eorum,</span> <span class='ocrx_word' id='word_1_258' title='bbox 782 2133 836 2168; x_wconf 92' lang='lat' dir='ltr'>pro</span> <span class='ocrx_word' id='word_1_259' title='bbox 858 2134 993 2168; x_wconf 85' lang='lat' dir='ltr'>quorum</span> 
     </span>
     <span class='ocr_line' id='line_1_61' title="bbox 243 2168 995 2216; baseline 0.004 -13"><span class='ocrx_word' id='word_1_260' title='bbox 243 2168 493 2204; x_wconf 77' lang='lat' dir='ltr'>substentatione</span> <span class='ocrx_word' id='word_1_261' title='bbox 528 2178 558 2204; x_wconf 87' lang='lat' dir='ltr'>et</span> <span class='ocrx_word' id='word_1_262' title='bbox 584 2170 813 2216; x_wconf 79' lang='lat' dir='ltr'>gubernatione</span> <span class='ocrx_word' id='word_1_263' title='bbox 847 2183 995 2206; x_wconf 78' lang='lat' dir='ltr'>concessa</span> 
     </span>
     <span class='ocr_line' id='line_1_62' title="bbox 244 2217 998 2267; baseline 0.005 -17"><span class='ocrx_word' id='word_1_264' title='bbox 244 2225 330 2258; x_wconf 79' lang='lat' dir='ltr'>sunt,</span> <span class='ocrx_word' id='word_1_265' title='bbox 350 2217 460 2253; x_wconf 87' lang='lat' dir='ltr'>usibus</span> <span class='ocrx_word' id='word_1_266' title='bbox 481 2219 652 2265; x_wconf 55' lang='lat' dir='ltr'>profutura.</span> <span class='ocrx_word' id='word_1_267' title='bbox 676 2219 708 2254; x_wconf 84' lang='lat' dir='ltr'>Si</span> <span class='ocrx_word' id='word_1_268' title='bbox 729 2232 788 2267; x_wconf 85' lang='lat' dir='ltr'>qua</span> <span class='ocrx_word' id='word_1_269' title='bbox 808 2232 884 2265; x_wconf 79' lang='lat' dir='ltr'>ergo</span> <span class='ocrx_word' id='word_1_270' title='bbox 901 2221 998 2254; x_wconf 87' lang='lat' dir='ltr'>eccle-</span> 
     </span>
     <span class='ocr_line' id='line_1_63' title="bbox 243 2267 996 2314; baseline 0.001 -13"><span class='ocrx_word' id='word_1_271' title='bbox 243 2267 369 2301; x_wconf 81' lang='lat' dir='ltr'>siastica</span> <span class='ocrx_word' id='word_1_272' title='bbox 387 2268 593 2303; x_wconf 77' lang='lat' dir='ltr'>saecularisve</span> <span class='ocrx_word' id='word_1_273' title='bbox 609 2280 753 2314; x_wconf 78' lang='lat' dir='ltr'>persona,</span> <span class='ocrx_word' id='word_1_274' title='bbox 775 2269 855 2303; x_wconf 79' lang='lat' dir='ltr'>lianc</span> <span class='ocrx_word' id='word_1_275' title='bbox 874 2278 996 2303; x_wconf 83' lang='lat' dir='ltr'>nostrae</span> 
     </span>
     <span class='ocr_line' id='line_1_64' title="bbox 243 2316 995 2363; baseline 0.003 -13"><span class='ocrx_word' id='word_1_276' title='bbox 243 2316 478 2350; x_wconf 88' lang='lat' dir='ltr'>constitutionis</span> <span class='ocrx_word' id='word_1_277' title='bbox 498 2317 641 2363; x_wconf 80' lang='lat' dir='ltr'>paginam</span> <span class='ocrx_word' id='word_1_278' title='bbox 661 2318 775 2357; x_wconf 74' lang='lat' dir='ltr'>sciens,</span> <span class='ocrx_word' id='word_1_279' title='bbox 798 2325 905 2352; x_wconf 87' lang='lat' dir='ltr'>contra</span> <span class='ocrx_word' id='word_1_280' title='bbox 927 2330 995 2352; x_wconf 86' lang='lat' dir='ltr'>eam</span> 
     </span>
     <span class='ocr_line' id='line_1_65' title="bbox 243 2365 996 2409; baseline 0.001 -10"><span class='ocrx_word' id='word_1_281' title='bbox 243 2373 362 2400; x_wconf 83' lang='lat' dir='ltr'>temere</span> <span class='ocrx_word' id='word_1_282' title='bbox 389 2365 494 2400; x_wconf 86' lang='lat' dir='ltr'>venire</span> <span class='ocrx_word' id='word_1_283' title='bbox 529 2368 745 2409; x_wconf 78' lang='lat' dir='ltr'>attentaverit,</span> <span class='ocrx_word' id='word_1_284' title='bbox 773 2367 912 2401; x_wconf 81' lang='lat' dir='ltr'>secundo</span> <span class='ocrx_word' id='word_1_285' title='bbox 936 2375 996 2400; x_wconf 85' lang='lat' dir='ltr'>ter-</span> 
     </span>
     <span class='ocr_line' id='line_1_66' title="bbox 243 2414 996 2453; baseline 0.003 -5"><span class='ocrx_word' id='word_1_286' title='bbox 243 2414 374 2449; x_wconf 83' lang='lat' dir='ltr'>tcrtiove</span> <span class='ocrx_word' id='word_1_287' title='bbox 400 2416 603 2453; x_wconf 82' lang='lat' dir='ltr'>commonita,</span> <span class='ocrx_word' id='word_1_288' title='bbox 636 2415 661 2450; x_wconf 82' lang='lat' dir='ltr'>si</span> <span class='ocrx_word' id='word_1_289' title='bbox 694 2427 755 2449; x_wconf 90' lang='lat' dir='ltr'>nou</span> <span class='ocrx_word' id='word_1_290' title='bbox 785 2415 996 2450; x_wconf 78' lang='lat' dir='ltr'>satisfactione</span> 
     </span>
     <span class='ocr_line' id='line_1_67' title="bbox 243 2463 997 2518; baseline 0.001 -21"><span class='ocrx_word' id='word_1_291' title='bbox 243 2475 382 2518; x_wconf 77' lang='lat' dir='ltr'>congrua</span> <span class='ocrx_word' id='word_1_292' title='bbox 408 2463 631 2504; x_wconf 71' lang='lat' dir='ltr'>emendor-etit,</span> <span class='ocrx_word' id='word_1_293' title='bbox 656 2465 817 2510; x_wconf 87' lang='lat' dir='ltr'>potestatis</span> <span class='ocrx_word' id='word_1_294' title='bbox 849 2465 997 2499; x_wconf 83' lang='lat' dir='ltr'>lionoris-</span> 
     </span>
     <span class='ocr_line' id='line_1_68' title="bbox 243 2512 997 2561; baseline 0.003 -15"><span class='ocrx_word' id='word_1_295' title='bbox 243 2524 304 2559; x_wconf 86' lang='lat' dir='ltr'>que</span> <span class='ocrx_word' id='word_1_296' title='bbox 326 2513 372 2547; x_wconf 92' lang='lat' dir='ltr'>sui</span> <span class='ocrx_word' id='word_1_297' title='bbox 386 2512 538 2558; x_wconf 79' lang='lat' dir='ltr'>dignitate</span> <span class='ocrx_word' id='word_1_298' title='bbox 551 2522 665 2558; x_wconf 89' lang='lat' dir='ltr'>careat,</span> <span class='ocrx_word' id='word_1_299' title='bbox 680 2526 828 2561; x_wconf 87' lang='lat' dir='ltr'>reamque</span> <span class='ocrx_word' id='word_1_300' title='bbox 844 2527 876 2549; x_wconf 91' lang='lat' dir='ltr'>se</span> <span class='ocrx_word' id='word_1_301' title='bbox 891 2514 997 2548; x_wconf 72' lang='lat' dir='ltr'>dixino</span> 
     </span>
     <span class='ocr_line' id='line_1_69' title="bbox 244 2560 997 2610; baseline 0.003 -15"><span class='ocrx_word' id='word_1_302' title='bbox 244 2560 360 2595; x_wconf 88' lang='lat' dir='ltr'>iudicio</span> <span class='ocrx_word' id='word_1_303' title='bbox 390 2563 524 2596; x_wconf 79' lang='lat' dir='ltr'>existere</span> <span class='ocrx_word' id='word_1_304' title='bbox 559 2562 597 2597; x_wconf 91' lang='lat' dir='ltr'>de</span> <span class='ocrx_word' id='word_1_305' title='bbox 629 2571 805 2610; x_wconf 73' lang='lat' dir='ltr'>perpetrata</span> <span class='ocrx_word' id='word_1_306' title='bbox 833 2563 997 2610; x_wconf 86' lang='lat' dir='ltr'>iniquitate</span> 
     </span>
     <span class='ocr_line' id='line_1_70' title="bbox 244 2611 997 2657; baseline 0.003 -13"><span class='ocrx_word' id='word_1_307' title='bbox 244 2619 433 2656; x_wconf 73' lang='lat' dir='ltr'>cognoseat</span> <span class='ocrx_word' id='word_1_308' title='bbox 456 2619 486 2645; x_wconf 85' lang='lat' dir='ltr'>et</span> <span class='ocrx_word' id='word_1_309' title='bbox 512 2623 528 2645; x_wconf 91' lang='lat' dir='ltr'>a</span> <span class='ocrx_word' id='word_1_310' title='bbox 557 2624 643 2646; x_wconf 78' lang='lat' dir='ltr'>sarr</span> <span class='ocrx_word' id='word_1_311' title='bbox 649 2613 770 2646; x_wconf 82' lang='lat' dir='ltr'>tissimo</span> <span class='ocrx_word' id='word_1_312' title='bbox 797 2611 939 2657; x_wconf 75' lang='lat' dir='ltr'>Corpore</span> <span class='ocrx_word' id='word_1_313' title='bbox 968 2621 997 2646; x_wconf 88' lang='lat' dir='ltr'>et</span> 
     </span>
     <span class='ocr_line' id='line_1_71' title="bbox 243 2657 998 2706; baseline 0.005 -14"><span class='ocrx_word' id='word_1_314' title='bbox 243 2657 406 2706; x_wconf 84' lang='lat' dir='ltr'>Sanguine</span> <span class='ocrx_word' id='word_1_315' title='bbox 427 2659 484 2695; x_wconf 85' lang='lat' dir='ltr'>Dei</span> <span class='ocrx_word' id='word_1_316' title='bbox 519 2670 548 2695; x_wconf 88' lang='lat' dir='ltr'>et</span> <span class='ocrx_word' id='word_1_317' title='bbox 575 2660 704 2695; x_wconf 84' lang='lat' dir='ltr'>Domini</span> <span class='ocrx_word' id='word_1_318' title='bbox 732 2662 828 2696; x_wconf 87' lang='lat' dir='ltr'>nostri</span> <span class='ocrx_word' id='word_1_319' title='bbox 856 2661 998 2696; x_wconf 83' lang='lat' dir='ltr'>Redem-</span> 
     </span>
    </p>
   </div>
   <div class='ocr_carea' id='block_1_12' title="bbox 1042 397 1798 1279">
    <p class='ocr_par' dir='ltr' id='par_1_15' title="bbox 1046 397 1798 785">
     <span class='ocr_line' id='line_1_72' title="bbox 1047 397 1798 432; baseline 0.001 -2"><span class='ocrx_word' id='word_1_320' title='bbox 1047 405 1185 430; x_wconf 77' lang='lat' dir='ltr'>extremo</span> <span class='ocrx_word' id='word_1_321' title='bbox 1207 398 1349 431; x_wconf 75' lang='lat' dir='ltr'>examine</span> <span class='ocrx_word' id='word_1_322' title='bbox 1372 397 1532 431; x_wconf 78' lang='lat' dir='ltr'>districtae</span> <span class='ocrx_word' id='word_1_323' title='bbox 1557 397 1666 431; x_wconf 89' lang='lat' dir='ltr'>ultioni</span> <span class='ocrx_word' id='word_1_324' title='bbox 1689 397 1798 432; x_wconf 90' lang='lat' dir='ltr'>subia-</span> 
     </span>
     <span class='ocr_line' id='line_1_73' title="bbox 1047 445 1798 481; baseline 0.003 -2"><span class='ocrx_word' id='word_1_325' title='bbox 1047 453 1123 479; x_wconf 79' lang='lat' dir='ltr'>ceat.</span> <span class='ocrx_word' id='word_1_326' title='bbox 1147 445 1277 481; x_wconf 89' lang='lat' dir='ltr'>Cunctis</span> <span class='ocrx_word' id='word_1_327' title='bbox 1303 455 1408 481; x_wconf 86' lang='lat' dir='ltr'>autem</span> <span class='ocrx_word' id='word_1_328' title='bbox 1437 446 1539 481; x_wconf 80' lang='lat' dir='ltr'>eidem</span> <span class='ocrx_word' id='word_1_329' title='bbox 1575 446 1644 481; x_wconf 89' lang='lat' dir='ltr'>loco</span> <span class='ocrx_word' id='word_1_330' title='bbox 1668 459 1798 481; x_wconf 81' lang='lat' dir='ltr'>servan-</span> 
     </span>
     <span class='ocr_line' id='line_1_74' title="bbox 1047 494 1797 542; baseline 0.004 -15"><span class='ocrx_word' id='word_1_331' title='bbox 1047 494 1129 528; x_wconf 84' lang='lat' dir='ltr'>tibus</span> <span class='ocrx_word' id='word_1_332' title='bbox 1157 495 1234 534; x_wconf 90' lang='lat' dir='ltr'>iura,</span> <span class='ocrx_word' id='word_1_333' title='bbox 1264 496 1303 530; x_wconf 87' lang='lat' dir='ltr'>sit</span> <span class='ocrx_word' id='word_1_334' title='bbox 1342 509 1399 542; x_wconf 86' lang='lat' dir='ltr'>pax</span> <span class='ocrx_word' id='word_1_335' title='bbox 1433 495 1561 530; x_wconf 87' lang='lat' dir='ltr'>Domini</span> <span class='ocrx_word' id='word_1_336' title='bbox 1595 496 1693 530; x_wconf 80' lang='lat' dir='ltr'>nostri</span> <span class='ocrx_word' id='word_1_337' title='bbox 1726 496 1797 531; x_wconf 76' lang='lat' dir='ltr'>lesu</span> 
     </span>
     <span class='ocr_line' id='line_1_75' title="bbox 1046 544 1797 591; baseline 0.004 -14"><span class='ocrx_word' id='word_1_338' title='bbox 1046 544 1186 588; x_wconf 82' lang='lat' dir='ltr'>Christi,</span> <span class='ocrx_word' id='word_1_339' title='bbox 1213 553 1370 591; x_wconf 69' lang='lat' dir='ltr'>qautenus</span> <span class='ocrx_word' id='word_1_340' title='bbox 1397 554 1426 580; x_wconf 89' lang='lat' dir='ltr'>et</span> <span class='ocrx_word' id='word_1_341' title='bbox 1454 545 1503 579; x_wconf 82' lang='lat' dir='ltr'>liic</span> <span class='ocrx_word' id='word_1_342' title='bbox 1531 546 1665 579; x_wconf 79' lang='lat' dir='ltr'>fructum</span> <span class='ocrx_word' id='word_1_343' title='bbox 1696 546 1797 580; x_wconf 88' lang='lat' dir='ltr'>bonae</span> 
     </span>
     <span class='ocr_line' id='line_1_76' title="bbox 1046 594 1794 641; baseline 0.005 -15"><span class='ocrx_word' id='word_1_344' title='bbox 1046 594 1179 628; x_wconf 86' lang='lat' dir='ltr'>actionis</span> <span class='ocrx_word' id='word_1_345' title='bbox 1215 594 1413 641; x_wconf 82' lang='lat' dir='ltr'>percipiant,</span> <span class='ocrx_word' id='word_1_346' title='bbox 1441 602 1470 628; x_wconf 88' lang='lat' dir='ltr'>et</span> <span class='ocrx_word' id='word_1_347' title='bbox 1505 594 1588 641; x_wconf 87' lang='lat' dir='ltr'>apud</span> <span class='ocrx_word' id='word_1_348' title='bbox 1620 595 1794 630; x_wconf 83' lang='lat' dir='ltr'>districtum</span> 
     </span>
     <span class='ocr_line' id='line_1_77' title="bbox 1046 642 1796 691; baseline 0.004 -15"><span class='ocrx_word' id='word_1_349' title='bbox 1046 642 1183 678; x_wconf 70' lang='lat' dir='ltr'>Iudicem</span> <span class='ocrx_word' id='word_1_350' title='bbox 1209 644 1344 689; x_wconf 87' lang='lat' dir='ltr'>praemia</span> <span class='ocrx_word' id='word_1_351' title='bbox 1361 656 1396 677; x_wconf 82' lang='lat' dir='ltr'>a‹</span> <span class='ocrx_word' id='word_1_352' title='bbox 1401 651 1507 678; x_wconf 88' lang='lat' dir='ltr'>ternae</span> <span class='ocrx_word' id='word_1_353' title='bbox 1525 657 1609 691; x_wconf 77' lang='lat' dir='ltr'>pacrs</span> <span class='ocrx_word' id='word_1_354' title='bbox 1625 645 1796 679; x_wconf 88' lang='lat' dir='ltr'>inveniant.</span> 
     </span>
     <span class='ocr_line' id='line_1_78' title="bbox 1045 691 1424 727; baseline 0.003 -1.014"><span class='ocrx_word' id='word_1_355' title='bbox 1045 691 1159 727; x_wconf 77' lang='lat' dir='ltr'>Amen.</span> <span class='ocrx_word' id='word_1_356' title='bbox 1182 693 1293 726; x_wconf 80' lang='lat' dir='ltr'>Amen.</span> <span class='ocrx_word' id='word_1_357' title='bbox 1312 693 1424 727; x_wconf 82' lang='lat' dir='ltr'>Arnen.</span> 
     </span>
     <span class='ocr_line' id='line_1_79' title="bbox 1193 743 1356 785; baseline -0.006 -9"><span class='ocrx_word' id='word_1_358' title='bbox 1193 743 1356 785; x_wconf 72' lang='lat' dir='ltr'>Siqnatttr.</span> 
     </span>
    </p>

    <p class='ocr_par' dir='ltr' id='par_1_16' title="bbox 1045 789 1798 841">
     <span class='ocr_line' id='line_1_80' title="bbox 1045 789 1798 841; baseline 0.005 -17"><span class='ocrx_word' id='word_1_359' title='bbox 1045 789 1116 824; x_wconf 77' lang='lat' dir='ltr'>Eoo</span> <span class='ocrx_word' id='word_1_360' title='bbox 1144 790 1327 826; x_wconf 74' lang='lat' dir='ltr'>PASCHALtS</span> <span class='ocrx_word' id='word_1_361' title='bbox 1353 790 1524 826; x_wconf 80' lang='lat' dir='ltr'>catholicae</span> <span class='ocrx_word' id='word_1_362' title='bbox 1550 791 1711 828; x_wconf 82' lang='lat' dir='ltr'>Ecclesiae</span> <span class='ocrx_word' id='word_1_363' title='bbox 1727 793 1798 841; x_wconf 89' lang='lat' dir='ltr'>epi-</span> 
     </span>
    </p>

    <p class='ocr_par' dir='ltr' id='par_1_17' title="bbox 1093 851 1220 886">
     <span class='ocr_line' id='line_1_81' title="bbox 1093 851 1220 886; baseline 0.009 -13"><span class='ocrx_word' id='word_1_364' title='bbox 1093 851 1220 886; x_wconf 90' lang='lat' dir='ltr'>scopus</span> 
     </span>
    </p>

    <p class='ocr_par' dir='ltr' id='par_1_18' title="bbox 1042 887 1796 1233">
     <span class='ocr_line' id='line_1_82' title="bbox 1092 887 1794 937; baseline 0.007 -15"><span class='ocrx_word' id='word_1_365' title='bbox 1092 887 1206 923; x_wconf 81' lang='lat' dir='ltr'>Datum</span> <span class='ocrx_word' id='word_1_366' title='bbox 1240 889 1323 936; x_wconf 89' lang='lat' dir='ltr'>apud</span> <span class='ocrx_word' id='word_1_367' title='bbox 1358 889 1550 924; x_wconf 80' lang='lat' dir='ltr'>Placentiam</span> <span class='ocrx_word' id='word_1_368' title='bbox 1585 901 1640 937; x_wconf 87' lang='lat' dir='ltr'>per</span> <span class='ocrx_word' id='word_1_369' title='bbox 1667 903 1794 927; x_wconf 90' lang='lat' dir='ltr'>manum</span> 
     </span>
     <span class='ocr_line' id='line_1_83' title="bbox 1043 936 1796 976; baseline 0.005 -5"><span class='ocrx_word' id='word_1_370' title='bbox 1043 936 1192 972; x_wconf 81' lang='lat' dir='ltr'>lobannis</span> <span class='ocrx_word' id='word_1_371' title='bbox 1214 938 1247 973; x_wconf 87' lang='lat' dir='ltr'>S.</span> <span class='ocrx_word' id='word_1_372' title='bbox 1280 939 1318 973; x_wconf 94' lang='lat' dir='ltr'>R.</span> <span class='ocrx_word' id='word_1_373' title='bbox 1357 938 1394 973; x_wconf 91' lang='lat' dir='ltr'>E.</span> <span class='ocrx_word' id='word_1_374' title='bbox 1418 939 1540 973; x_wconf 87' lang='lat' dir='ltr'>diaconi</span> <span class='ocrx_word' id='word_1_375' title='bbox 1569 940 1739 975; x_wconf 86' lang='lat' dir='ltr'>cardinalis</span> <span class='ocrx_word' id='word_1_376' title='bbox 1760 953 1796 976; x_wconf 89' lang='lat' dir='ltr'>ac</span> 
     </span>
     <span class='ocr_line' id='line_1_84' title="bbox 1044 986 1796 1032; baseline 0.005 -12"><span class='ocrx_word' id='word_1_377' title='bbox 1044 986 1284 1032; x_wconf 83' lang='lat' dir='ltr'>bibliothecarii,</span> <span class='ocrx_word' id='word_1_378' title='bbox 1311 1001 1379 1023; x_wconf 75' lang='lat' dir='ltr'>xut</span> <span class='ocrx_word' id='word_1_379' title='bbox 1400 988 1461 1022; x_wconf 84' lang='lat' dir='ltr'>kal.</span> <span class='ocrx_word' id='word_1_380' title='bbox 1489 988 1679 1030; x_wconf 87' lang='lat' dir='ltr'>decembris,</span> <span class='ocrx_word' id='word_1_381' title='bbox 1705 990 1796 1024; x_wconf 86' lang='lat' dir='ltr'>indi-</span> 
     </span>
     <span class='ocr_line' id='line_1_85' title="bbox 1043 1036 1794 1079; baseline 0.005 -9"><span class='ocrx_word' id='word_1_382' title='bbox 1043 1036 1145 1072; x_wconf 86' lang='lat' dir='ltr'>ctione</span> <span class='ocrx_word' id='word_1_383' title='bbox 1169 1050 1238 1078; x_wconf 71' lang='lat' dir='ltr'>xrv,</span> <span class='ocrx_word' id='word_1_384' title='bbox 1263 1038 1381 1072; x_wconf 88' lang='lat' dir='ltr'>incarn.</span> <span class='ocrx_word' id='word_1_385' title='bbox 1399 1037 1575 1073; x_wconf 86' lang='lat' dir='ltr'>dominicae</span> <span class='ocrx_word' id='word_1_386' title='bbox 1597 1051 1680 1073; x_wconf 85' lang='lat' dir='ltr'>anno</span> <span class='ocrx_word' id='word_1_387' title='bbox 1701 1052 1794 1079; x_wconf 65' lang='lat' dir='ltr'>mcvi,</span> 
     </span>
     <span class='ocr_line' id='line_1_86' title="bbox 1044 1086 1795 1130; baseline 0.005 -10"><span class='ocrx_word' id='word_1_388' title='bbox 1044 1087 1242 1130; x_wconf 76' lang='lat' dir='ltr'>pontificatus</span> <span class='ocrx_word' id='word_1_389' title='bbox 1283 1096 1387 1122; x_wconf 88' lang='lat' dir='ltr'>autem</span> <span class='ocrx_word' id='word_1_390' title='bbox 1428 1086 1536 1122; x_wconf 86' lang='lat' dir='ltr'>domni</span> <span class='ocrx_word' id='word_1_391' title='bbox 1572 1088 1733 1124; x_wconf 72' lang='lat' dir='ltr'>pasch-..tis</span> <span class='ocrx_word' id='word_1_392' title='bbox 1766 1089 1795 1124; x_wconf 89' lang='lat' dir='ltr'>II</span> 
     </span>
     <span class='ocr_line' id='line_1_87' title="bbox 1042 1134 1250 1182; baseline 0.01 -14"><span class='ocrx_word' id='word_1_393' title='bbox 1042 1134 1159 1182; x_wconf 86' lang='lat' dir='ltr'>Papae,</span> <span class='ocrx_word' id='word_1_394' title='bbox 1179 1148 1250 1170; x_wconf 77' lang='lat' dir='ltr'>viu.</span> 
     </span>
     <span class='ocr_line' id='line_1_88' title="bbox 1062 1192 1776 1233; baseline 0.006 -11"><span class='ocrx_word' id='word_1_395' title='bbox 1062 1192 1124 1223; x_wconf 83' lang='lat' dir='ltr'>Dat.</span> <span class='ocrx_word' id='word_1_396' title='bbox 1145 1193 1192 1224; x_wconf 90' lang='lat' dir='ltr'>die</span> <span class='ocrx_word' id='word_1_397' title='bbox 1216 1194 1252 1224; x_wconf 84' lang='lat'>15</span> <span class='ocrx_word' id='word_1_398' title='bbox 1273 1194 1441 1224; x_wconf 86' lang='lat' dir='ltr'>novembris</span> <span class='ocrx_word' id='word_1_399' title='bbox 1458 1204 1533 1224; x_wconf 87' lang='lat' dir='ltr'>anno</span> <span class='ocrx_word' id='word_1_400' title='bbox 1552 1194 1667 1226; x_wconf 86' lang='lat' dir='ltr'>Domini</span> <span class='ocrx_word' id='word_1_401' title='bbox 1691 1196 1776 1233; x_wconf 74' lang='lat'>1106,</span> 
     </span>
    </p>

    <p class='ocr_par' dir='ltr' id='par_1_19' title="bbox 1281 1240 1556 1279">
     <span class='ocr_line' id='line_1_89' title="bbox 1281 1240 1556 1279; baseline 0.004 -10"><span class='ocrx_word' id='word_1_402' title='bbox 1281 1240 1383 1279; x_wconf 83' lang='lat' dir='ltr'>pontif.</span> <span class='ocrx_word' id='word_1_403' title='bbox 1402 1249 1479 1270; x_wconf 89' lang='lat' dir='ltr'>anno</span> <span class='ocrx_word' id='word_1_404' title='bbox 1497 1248 1556 1270; x_wconf 78' lang='lat' dir='ltr'>vlu.</span> 
     </span>
    </p>
   </div>
   <div class='ocr_carea' id='block_1_13' title="bbox 1328 1311 1488 1319">
    <p class='ocr_par' dir='ltr' id='par_1_20' title="bbox 1328 1311 1488 1319">
     <span class='ocr_line' id='line_1_90' title="bbox 1328 1311 1488 1319; baseline 0 0"><span class='ocrx_word' id='word_1_405' title='bbox 1328 1311 1488 1319; x_wconf 95' lang='lat' dir='ltr'> </span> 
     </span>
    </p>
   </div>
   <div class='ocr_carea' id='block_1_14' title="bbox 1346 1392 1492 1428">
    <p class='ocr_par' dir='ltr' id='par_1_21' title="bbox 1346 1392 1492 1428">
     <span class='ocr_line' id='line_1_91' title="bbox 1346 1392 1492 1428; baseline 0 -1"><span class='ocrx_word' id='word_1_406' title='bbox 1346 1392 1492 1428; x_wconf 81' lang='lat' dir='ltr'>xxvtlt.</span> 
     </span>
    </p>
   </div>
   <div class='ocr_carea' id='block_1_15' title="bbox 1044 1469 1797 1612">
    <p class='ocr_par' dir='ltr' id='par_1_22' title="bbox 1044 1469 1797 1612">
     <span class='ocr_line' id='line_1_92' title="bbox 1044 1469 1797 1512; baseline 0.007 -11"><span class='ocrx_word' id='word_1_407' title='bbox 1044 1469 1242 1512; x_wconf 67' lang='lat' dir='ltr'>Confirmatio</span> <span class='ocrx_word' id='word_1_408' title='bbox 1256 1470 1418 1503; x_wconf 71' lang='lat' dir='ltr'>abbatialis</span> <span class='ocrx_word' id='word_1_409' title='bbox 1443 1470 1594 1504; x_wconf 76' lang='lat' dir='ltr'>Ecclesiae</span> <span class='ocrx_word' id='word_1_410' title='bbox 1614 1471 1647 1504; x_wconf 84' lang='lat' dir='ltr'>S.</span> <span class='ocrx_word' id='word_1_411' title='bbox 1668 1473 1797 1506; x_wconf 60' lang='lat' dir='ltr'>Nix-olai</span> 
     </span>
     <span class='ocr_line' id='line_1_93' title="bbox 1091 1519 1794 1557; baseline 0.007 -7"><span class='ocrx_word' id='word_1_412' title='bbox 1091 1519 1119 1550; x_wconf 77' lang='lat' dir='ltr'>in</span> <span class='ocrx_word' id='word_1_413' title='bbox 1142 1519 1274 1551; x_wconf 71' lang='lat' dir='ltr'>Bur-ensi</span> <span class='ocrx_word' id='word_1_414' title='bbox 1293 1520 1424 1557; x_wconf 65' lang='lat' dir='ltr'>civitate,</span> <span class='ocrx_word' id='word_1_415' title='bbox 1447 1527 1473 1553; x_wconf 76' lang='lat' dir='ltr'>ee</span> <span class='ocrx_word' id='word_1_416' title='bbox 1490 1521 1638 1554; x_wconf 78' lang='lat' dir='ltr'>bonorum</span> <span class='ocrx_word' id='word_1_417' title='bbox 1661 1523 1702 1555; x_wconf 81' lang='lat' dir='ltr'>ad</span> <span class='ocrx_word' id='word_1_418' title='bbox 1714 1534 1794 1555; x_wconf 78' lang='lat' dir='ltr'>eam-</span> 
     </span>
     <span class='ocr_line' id='line_1_94' title="bbox 1089 1569 1462 1612; baseline 0.005 -12"><span class='ocrx_word' id='word_1_419' title='bbox 1089 1569 1153 1600; x_wconf 76' lang='lat' dir='ltr'>clem</span> <span class='ocrx_word' id='word_1_420' title='bbox 1176 1570 1376 1612; x_wconf 75' lang='lat' dir='ltr'>spectantium.</span> <span class='ocrx_word' id='word_1_421' title='bbox 1401 1571 1462 1611; x_wconf 67' lang='grc' dir='ltr'><strong><em>(τ’).</em></strong></span> 
     </span>
    </p>
   </div>
   <div class='ocr_carea' id='block_1_16' title="bbox 1309 1647 1523 1679">
    <p class='ocr_par' dir='ltr' id='par_1_23' title="bbox 1309 1647 1523 1679">
     <span class='ocr_line' id='line_1_95' title="bbox 1309 1647 1523 1679; baseline 0.005 -1"><span class='ocrx_word' id='word_1_422' title='bbox 1309 1647 1523 1679; x_wconf 64' lang='lat' dir='ltr'>SUMMAttttnt</span> 
     </span>
    </p>
   </div>
   <div class='ocr_carea' id='block_1_17' title="bbox 1040 1707 1795 2015">
    <p class='ocr_par' dir='ltr' id='par_1_24' title="bbox 1040 1707 1795 2015">
     <span class='ocr_line' id='line_1_96' title="bbox 1040 1707 1792 1747; baseline 0.008 -11"><span class='ocrx_word' id='word_1_423' title='bbox 1040 1707 1077 1737; x_wconf 85' lang='lat' dir='ltr'>De</span> <span class='ocrx_word' id='word_1_424' title='bbox 1096 1709 1294 1746; x_wconf 81' lang='lat' dir='ltr'>asportatione</span> <span class='ocrx_word' id='word_1_425' title='bbox 1311 1710 1443 1747; x_wconf 87' lang='lat' dir='ltr'>corporis</span> <span class='ocrx_word' id='word_1_426' title='bbox 1468 1710 1495 1740; x_wconf 95' lang='lat' dir='ltr'>S.</span> <span class='ocrx_word' id='word_1_427' title='bbox 1519 1710 1630 1741; x_wconf 73' lang='lat' dir='ltr'>Nicolai</span> <span class='ocrx_word' id='word_1_428' title='bbox 1664 1711 1792 1742; x_wconf 88' lang='lat' dir='ltr'>Barium.</span> 
     </span>
     <span class='ocr_line' id='line_1_97' title="bbox 1078 1752 1794 1796; baseline 0.008 -16"><span class='ocrx_word' id='word_1_429' title='bbox 1078 1768 1118 1773; x_wconf 94' lang='lat'><strong>—</strong></span> <span class='ocrx_word' id='word_1_430' title='bbox 1135 1752 1264 1782; x_wconf 76' lang='lat' dir='ltr'>Ecclesia</span> <span class='ocrx_word' id='word_1_431' title='bbox 1285 1754 1311 1782; x_wconf 85' lang='lat' dir='ltr'>ei</span> <span class='ocrx_word' id='word_1_432' title='bbox 1328 1754 1421 1783; x_wconf 83' lang='lat' dir='ltr'>dicata</span> <span class='ocrx_word' id='word_1_433' title='bbox 1441 1755 1496 1784; x_wconf 83' lang='lat' dir='ltr'>sub</span> <span class='ocrx_word' id='word_1_434' title='bbox 1516 1757 1604 1785; x_wconf 87' lang='lat' dir='ltr'>tutela</span> <span class='ocrx_word' id='word_1_435' title='bbox 1617 1756 1702 1786; x_wconf 80' lang='lat' dir='ltr'>Sedis</span> <span class='ocrx_word' id='word_1_436' title='bbox 1718 1758 1794 1796; x_wconf 73' lang='lat' dir='ltr'>Apo-</span> 
     </span>
     <span class='ocr_line' id='line_1_98' title="bbox 1079 1796 1794 1839; baseline 0.01 -15"><span class='ocrx_word' id='word_1_437' title='bbox 1079 1796 1200 1825; x_wconf 87' lang='lat' dir='ltr'>stolicae</span> <span class='ocrx_word' id='word_1_438' title='bbox 1217 1797 1370 1836; x_wconf 77' lang='lat' dir='ltr'>recipitur3</span> <span class='ocrx_word' id='word_1_439' title='bbox 1386 1798 1520 1838; x_wconf 79' lang='lat' dir='ltr'>bonaque</span> <span class='ocrx_word' id='word_1_440' title='bbox 1533 1801 1568 1830; x_wconf 87' lang='lat' dir='ltr'>ad</span> <span class='ocrx_word' id='word_1_441' title='bbox 1581 1810 1644 1830; x_wconf 79' lang='lat' dir='ltr'>earn</span> <span class='ocrx_word' id='word_1_442' title='bbox 1659 1807 1794 1839; x_wconf 81' lang='lat' dir='ltr'>spectan-</span> 
     </span>
     <span class='ocr_line' id='line_1_99' title="bbox 1079 1841 1791 1875; baseline 0.008 -7"><span class='ocrx_word' id='word_1_443' title='bbox 1079 1841 1116 1869; x_wconf 79' lang='lat' dir='ltr'>tia</span> <span class='ocrx_word' id='word_1_444' title='bbox 1141 1842 1361 1871; x_wconf 82' lang='lat' dir='ltr'>confirmantur.</span> <span class='ocrx_word' id='word_1_445' title='bbox 1380 1843 1581 1873; x_wconf 87' lang='lat' dir='ltr'>—Decretum</span> <span class='ocrx_word' id='word_1_446' title='bbox 1597 1845 1791 1875; x_wconf 86' lang='lat' dir='ltr'>immunitatis</span> 
     </span>
     <span class='ocr_line' id='line_1_100' title="bbox 1079 1885 1793 1925; baseline 0.01 -13"><span class='ocrx_word' id='word_1_447' title='bbox 1079 1889 1105 1913; x_wconf 87' lang='lat' dir='ltr'>et</span> <span class='ocrx_word' id='word_1_448' title='bbox 1123 1885 1327 1923; x_wconf 76' lang='lat' dir='ltr'>exemptionis.</span> <span class='ocrx_word' id='word_1_449' title='bbox 1344 1903 1381 1908; x_wconf 89' lang='lat'><strong>—</strong></span> <span class='ocrx_word' id='word_1_450' title='bbox 1396 1886 1550 1925; x_wconf 75' lang='lat' dir='ltr'>privilegia</span> <span class='ocrx_word' id='word_1_451' title='bbox 1564 1889 1705 1918; x_wconf 88' lang='lat' dir='ltr'>nonnulla</span> <span class='ocrx_word' id='word_1_452' title='bbox 1721 1899 1793 1918; x_wconf 92' lang='lat' dir='ltr'>con-</span> 
     </span>
     <span class='ocr_line' id='line_1_101' title="bbox 1080 1929 1795 1962; baseline 0.008 -5"><span class='ocrx_word' id='word_1_453' title='bbox 1080 1929 1233 1958; x_wconf 72' lang='lat' dir='ltr'>ceduntur.</span> <span class='ocrx_word' id='word_1_454' title='bbox 1251 1946 1290 1951; x_wconf 92' lang='lat'><strong>—</strong></span> <span class='ocrx_word' id='word_1_455' title='bbox 1312 1929 1468 1960; x_wconf 78' lang='lat' dir='ltr'>Roboratio</span> <span class='ocrx_word' id='word_1_456' title='bbox 1493 1931 1602 1962; x_wconf 85' lang='lat' dir='ltr'>decreti</span> <span class='ocrx_word' id='word_1_457' title='bbox 1625 1933 1724 1962; x_wconf 88' lang='lat' dir='ltr'>huius.</span> <span class='ocrx_word' id='word_1_458' title='bbox 1754 1949 1795 1955; x_wconf 93' lang='lat'>—</span> 
     </span>
     <span class='ocr_line' id='line_1_102' title="bbox 1078 1973 1516 2015; baseline 0.007 -14"><span class='ocrx_word' id='word_1_459' title='bbox 1078 1973 1230 2003; x_wconf 77' lang='lat' dir='ltr'>paschalis</span> <span class='ocrx_word' id='word_1_460' title='bbox 1249 1973 1301 2003; x_wconf 84' lang='lat' dir='ltr'>PP.</span> <span class='ocrx_word' id='word_1_461' title='bbox 1325 1975 1516 2015; x_wconf 76' lang='lat' dir='ltr'>subscriptio.</span> 
     </span>
    </p>
   </div>
   <div class='ocr_carea' id='block_1_18' title="bbox 1037 2045 1790 2180">
    <p class='ocr_par' dir='ltr' id='par_1_25' title="bbox 1037 2045 1790 2180">
     <span class='ocr_line' id='line_1_103' title="bbox 1037 2045 1789 2081; baseline 0.007 -9"><span class='ocrx_word' id='word_1_462' title='bbox 1037 2045 1174 2073; x_wconf 78' lang='lat' dir='ltr'>Paschalis</span> <span class='ocrx_word' id='word_1_463' title='bbox 1191 2045 1331 2081; x_wconf 83' lang='lat' dir='ltr'>episcopus</span> <span class='ocrx_word' id='word_1_464' title='bbox 1351 2053 1446 2074; x_wconf 85' lang='lat' dir='ltr'>servus</span> <span class='ocrx_word' id='word_1_465' title='bbox 1466 2053 1605 2075; x_wconf 83' lang='lat' dir='ltr'>servorum</span> <span class='ocrx_word' id='word_1_466' title='bbox 1623 2047 1678 2080; x_wconf 79' lang='lat' dir='ltr'>Dei,</span> <span class='ocrx_word' id='word_1_467' title='bbox 1691 2048 1789 2077; x_wconf 81' lang='lat' dir='ltr'>dilecto</span> 
     </span>
     <span class='ocr_line' id='line_1_104' title="bbox 1082 2094 1790 2126; baseline 0.006 -5"><span class='ocrx_word' id='word_1_468' title='bbox 1082 2094 1110 2121; x_wconf 89' lang='lat' dir='ltr'>in</span> <span class='ocrx_word' id='word_1_469' title='bbox 1121 2094 1228 2123; x_wconf 86' lang='lat' dir='ltr'>Christo</span> <span class='ocrx_word' id='word_1_470' title='bbox 1238 2094 1294 2122; x_wconf 83' lang='lat' dir='ltr'>filio</span> <span class='ocrx_word' id='word_1_471' title='bbox 1304 2095 1446 2123; x_wconf 67' lang='lat' dir='ltr'>Eustochio</span> <span class='ocrx_word' id='word_1_472' title='bbox 1457 2096 1549 2124; x_wconf 78' lang='lat' dir='ltr'>abbati</span> <span class='ocrx_word' id='word_1_473' title='bbox 1559 2096 1692 2124; x_wconf 78' lang='lat' dir='ltr'>Ecclesiae</span> <span class='ocrx_word' id='word_1_474' title='bbox 1698 2097 1790 2126; x_wconf 74' lang='lat' dir='ltr'>saneti</span> 
     </span>
     <span class='ocr_line' id='line_1_105' title="bbox 1083 2144 1788 2180; baseline 0.004 -9"><span class='ocrx_word' id='word_1_475' title='bbox 1083 2144 1193 2176; x_wconf 67' lang='grc' dir='ltr'>Ηίοοὶᾱί,</span> <span class='ocrx_word' id='word_1_476' title='bbox 1215 2144 1332 2172; x_wconf 80' lang='lat' dir='ltr'>satutem</span> <span class='ocrx_word' id='word_1_477' title='bbox 1342 2146 1369 2173; x_wconf 83' lang='lat' dir='ltr'>et</span> <span class='ocrx_word' id='word_1_478' title='bbox 1379 2145 1557 2180; x_wconf 83' lang='lat' dir='ltr'>apostolicam</span> <span class='ocrx_word' id='word_1_479' title='bbox 1567 2145 1788 2174; x_wconf 78' lang='lat' dir='ltr'>benedictionem.</span> 
     </span>
    </p>
   </div>
   <div class='ocr_carea' id='block_1_19' title="bbox 1038 2210 1792 2649">
    <p class='ocr_par' dir='ltr' id='par_1_26' title="bbox 1038 2210 1792 2649">
     <span class='ocr_line' id='line_1_106' title="bbox 1087 2210 1792 2248; baseline 0.004 -4"><span class='ocrx_word' id='word_1_480' title='bbox 1087 2210 1345 2245; x_wconf 78' lang='lat' dir='ltr'>praedecessoris</span> <span class='ocrx_word' id='word_1_481' title='bbox 1367 2212 1462 2245; x_wconf 84' lang='lat' dir='ltr'>nostri</span> <span class='ocrx_word' id='word_1_482' title='bbox 1474 2219 1606 2246; x_wconf 69' lang='lat' dir='ltr'>vsanctae</span> <span class='ocrx_word' id='word_1_483' title='bbox 1621 2213 1792 2248; x_wconf 89' lang='lat' dir='ltr'>memoriae</span> 
     </span>
     <span class='ocr_line' id='line_1_107' title="bbox 1038 2259 1792 2305; baseline 0.007 -14"><span class='ocrx_word' id='word_1_484' title='bbox 1038 2259 1174 2293; x_wconf 70' lang='lat' dir='ltr'>Victoris</span> <span class='ocrx_word' id='word_1_485' title='bbox 1196 2259 1237 2293; x_wconf 83' lang='grc' dir='ltr'>ΙΙΙ</span> <span class='ocrx_word' id='word_1_486' title='bbox 1264 2260 1472 2305; x_wconf 84' lang='lat' dir='ltr'>temporibus,</span> <span class='ocrx_word' id='word_1_487' title='bbox 1488 2260 1567 2295; x_wconf 88' lang='lat' dir='ltr'>beati</span> <span class='ocrx_word' id='word_1_488' title='bbox 1586 2260 1707 2295; x_wconf 86' lang='lat' dir='ltr'>Nicolai</span> <span class='ocrx_word' id='word_1_489' title='bbox 1722 2274 1792 2296; x_wconf 89' lang='lat' dir='ltr'>cor-</span> 
     </span>
     <span class='ocr_line' id='line_1_108' title="bbox 1039 2308 1791 2355; baseline 0.005 -14"><span class='ocrx_word' id='word_1_490' title='bbox 1039 2321 1098 2354; x_wconf 87' lang='lat' dir='ltr'>pus</span> <span class='ocrx_word' id='word_1_491' title='bbox 1120 2321 1155 2341; x_wconf 85' lang='lat' dir='ltr'>ex</span> <span class='ocrx_word' id='word_1_492' title='bbox 1184 2308 1376 2342; x_wconf 81' lang='lat' dir='ltr'>Graecorum</span> <span class='ocrx_word' id='word_1_493' title='bbox 1402 2309 1544 2355; x_wconf 86' lang='lat' dir='ltr'>partibus</span> <span class='ocrx_word' id='word_1_494' title='bbox 1573 2311 1791 2346; x_wconf 85' lang='lat' dir='ltr'>transmarinis</span> 
     </span>
     <span class='ocr_line' id='line_1_109' title="bbox 1040 2357 1792 2406; baseline 0.008 -16"><span class='ocrx_word' id='word_1_495' title='bbox 1040 2359 1070 2390; x_wconf 87' lang='lat' dir='ltr'>in</span> <span class='ocrx_word' id='word_1_496' title='bbox 1093 2357 1274 2391; x_wconf 83' lang='lat' dir='ltr'>Barisanam</span> <span class='ocrx_word' id='word_1_497' title='bbox 1297 2358 1407 2391; x_wconf 86' lang='lat' dir='ltr'>urbem</span> <span class='ocrx_word' id='word_1_498' title='bbox 1424 2359 1588 2393; x_wconf 73' lang='lat' dir='ltr'>advectum</span> <span class='ocrx_word' id='word_1_499' title='bbox 1612 2367 1695 2394; x_wconf 86' lang='lat' dir='ltr'>totus</span> <span class='ocrx_word' id='word_1_500' title='bbox 1711 2373 1792 2406; x_wconf 89' lang='lat' dir='ltr'>pene</span> 
     </span>
     <span class='ocr_line' id='line_1_110' title="bbox 1039 2406 1792 2456; baseline 0.007 -16"><span class='ocrx_word' id='word_1_501' title='bbox 1039 2406 1123 2440; x_wconf 87' lang='lat' dir='ltr'>orbis</span> <span class='ocrx_word' id='word_1_502' title='bbox 1162 2407 1448 2452; x_wconf 75' lang='lat' dir='ltr'>agnosei12q110d</span> <span class='ocrx_word' id='word_1_503' title='bbox 1494 2407 1636 2443; x_wconf 80' lang='lat' dir='ltr'>videlicet</span> <span class='ocrx_word' id='word_1_504' title='bbox 1675 2421 1792 2456; x_wconf 89' lang='lat' dir='ltr'>corpus</span> 
     </span>
     <span class='ocr_line' id='line_1_111' title="bbox 1041 2455 1790 2506; baseline 0.005 -17"><span class='ocrx_word' id='word_1_505' title='bbox 1041 2456 1262 2502; x_wconf 77' lang='lat' dir='ltr'>praedecessor</span> <span class='ocrx_word' id='word_1_506' title='bbox 1284 2464 1389 2489; x_wconf 88' lang='lat' dir='ltr'>noster</span> <span class='ocrx_word' id='word_1_507' title='bbox 1406 2455 1555 2491; x_wconf 89' lang='lat' dir='ltr'>Urbanus</span> <span class='ocrx_word' id='word_1_508' title='bbox 1577 2456 1604 2490; x_wconf 95' lang='lat' dir='ltr'>lI</span> <span class='ocrx_word' id='word_1_509' title='bbox 1623 2457 1704 2502; x_wconf 88' lang='lat' dir='ltr'>loco,</span> <span class='ocrx_word' id='word_1_510' title='bbox 1726 2471 1790 2506; x_wconf 88' lang='lat' dir='ltr'>quo</span> 
     </span>
     <span class='ocr_line' id='line_1_112' title="bbox 1040 2504 1792 2555; baseline 0.005 -17"><span class='ocrx_word' id='word_1_511' title='bbox 1040 2517 1122 2539; x_wconf 84' lang='lat' dir='ltr'>nune</span> <span class='ocrx_word' id='word_1_512' title='bbox 1158 2505 1328 2539; x_wconf 70' lang='lat' dir='ltr'>rexerentia</span> <span class='ocrx_word' id='word_1_513' title='bbox 1366 2504 1460 2550; x_wconf 83' lang='lat' dir='ltr'>digna</span> <span class='ocrx_word' id='word_1_514' title='bbox 1500 2514 1651 2546; x_wconf 85' lang='lat' dir='ltr'>servatur</span> <span class='ocrx_word' id='word_1_515' title='bbox 1683 2518 1792 2555; x_wconf 81' lang='lat' dir='ltr'>crypta</span> 
     </span>
     <span class='ocr_line' id='line_1_113' title="bbox 1040 2554 1792 2591; baseline 0.005 -4"><span class='ocrx_word' id='word_1_516' title='bbox 1040 2554 1177 2588; x_wconf 82' lang='lat' dir='ltr'>inferiori</span> <span class='ocrx_word' id='word_1_517' title='bbox 1200 2566 1324 2588; x_wconf 87' lang='lat' dir='ltr'>summa</span> <span class='ocrx_word' id='word_1_518' title='bbox 1351 2566 1422 2588; x_wconf 90' lang='lat' dir='ltr'>cum</span> <span class='ocrx_word' id='word_1_519' title='bbox 1452 2556 1649 2590; x_wconf 85' lang='lat' dir='ltr'>veneratione</span> <span class='ocrx_word' id='word_1_520' title='bbox 1670 2568 1792 2591; x_wconf 85' lang='lat' dir='ltr'>recon-</span> 
     </span>
     <span class='ocr_line' id='line_1_114' title="bbox 1039 2603 1792 2649; baseline 0.007 -13"><span class='ocrx_word' id='word_1_521' title='bbox 1039 2603 1129 2641; x_wconf 81' lang='lat' dir='ltr'>didit</span> <span class='ocrx_word' id='word_1_522' title='bbox 1157 2611 1187 2637; x_wconf 89' lang='lat' dir='ltr'>et</span> <span class='ocrx_word' id='word_1_523' title='bbox 1214 2603 1308 2637; x_wconf 84' lang='lat' dir='ltr'>altare</span> <span class='ocrx_word' id='word_1_524' title='bbox 1332 2603 1496 2649; x_wconf 86' lang='lat' dir='ltr'>desuper</span> <span class='ocrx_word' id='word_1_525' title='bbox 1489 2616 1519 2638; x_wconf 81' lang='lat' dir='ltr'>in</span> <span class='ocrx_word' id='word_1_526' title='bbox 1550 2605 1701 2640; x_wconf 87' lang='lat' dir='ltr'>bonorem</span> <span class='ocrx_word' id='word_1_527' title='bbox 1724 2606 1792 2641; x_wconf 89' lang='lat' dir='ltr'>Do-</span> 
     </span>
    </p>
   </div>
   <div class='ocr_carea' id='block_1_20' title="bbox 1075 2673 1640 2709">
    <p class='ocr_par' dir='ltr' id='par_1_27' title="bbox 1075 2673 1640 2709">
     <span class='ocr_line' id='line_1_115' title="bbox 1075 2673 1640 2709; baseline 0.004 -10"><span class='ocrx_word' id='word_1_528' title='bbox 1075 2673 1113 2709; x_wconf 90' lang='lat' dir='ltr'>(t)</span> <span class='ocrx_word' id='word_1_529' title='bbox 1130 2673 1218 2699; x_wconf 85' lang='lat' dir='ltr'>Edidit</span> <span class='ocrx_word' id='word_1_530' title='bbox 1236 2673 1338 2707; x_wconf 68' lang='lat' dir='ltr'>Ugtrett.</span> <span class='ocrx_word' id='word_1_531' title='bbox 1357 2673 1414 2700; x_wconf 83' lang='lat' dir='ltr'>Ital.</span> <span class='ocrx_word' id='word_1_532' title='bbox 1432 2673 1490 2700; x_wconf 82' lang='lat' dir='ltr'>Sac.</span> <span class='ocrx_word' id='word_1_533' title='bbox 1509 2678 1573 2701; x_wconf 84' lang='lat' dir='ltr'>tom.</span> <span class='ocrx_word' id='word_1_534' title='bbox 1593 2682 1640 2701; x_wconf 78' lang='lat' dir='ltr'>vir.</span> 
     </span>
    </p>
   </div>
   <div class='ocr_carea' id='block_1_21' title="bbox 1823 304 2007 332">
    <p class='ocr_par' dir='ltr' id='par_1_28' title="bbox 1823 304 2007 332">
     <span class='ocr_line' id='line_1_116' title="bbox 1823 304 2007 332; baseline 0 0"><span class='ocrx_word' id='word_1_535' title='bbox 1823 305 1872 332; x_wconf 80' lang='lat' dir='ltr'>An.</span> <span class='ocrx_word' id='word_1_536' title='bbox 1892 304 1920 332; x_wconf 92' lang='lat' dir='ltr'>C.</span> <span class='ocrx_word' id='word_1_537' title='bbox 1940 305 2007 332; x_wconf 77' lang='lat'>1¹06</span> 
     </span>
    </p>
   </div>
   <div class='ocr_carea' id='block_1_22' title="bbox 1821 818 2008 846">
    <p class='ocr_par' dir='ltr' id='par_1_29' title="bbox 1821 818 2008 846">
     <span class='ocr_line' id='line_1_117' title="bbox 1821 818 2008 846; baseline -0.011 -5"><span class='ocrx_word' id='word_1_538' title='bbox 1821 818 1865 841; x_wconf 76' lang='grc' dir='ltr'>ΡΡ-</span> <span class='ocrx_word' id='word_1_539' title='bbox 1871 819 2008 846; x_wconf 73' lang='lat' dir='ltr'>subscriptio.</span> 
     </span>
    </p>
   </div>
   <div class='ocr_carea' id='block_1_23' title="bbox 1816 2240 2002 2316">
    <p class='ocr_par' dir='ltr' id='par_1_30' title="bbox 1816 2240 2002 2316">
     <span class='ocr_line' id='line_1_118' title="bbox 1817 2240 2002 2285; baseline -0.005 -24"><span class='ocrx_word' id='word_1_540' title='bbox 1817 2240 2002 2285; x_wconf 38' lang='lat' dir='ltr'>Deasponatlzne</span> 
     </span>
     <span class='ocr_line' id='line_1_119' title="bbox 1816 2268 2002 2316; baseline -0.011 -1"><span class='ocrx_word' id='word_1_541' title='bbox 1816 2268 2002 2316; x_wconf 55' lang='lat' dir='ltr'>ffllffi&#39;ssaffiaff·</span> 
     </span>
    </p>
   </div>
  </div>
 </body>
</html>
