2180 3205
886 244 1029 268 rnnsxt‘s
1052 245 1074 267 tt
1099 245 1147 267 rx).
1668 236 1734 269 187
1884 271 1891 278 ,

1812 271 1902 298 Ant.
1923 271 1994 299 1098

243 298 362 334 viribus
385 297 561 337 debellavit.
589 306 617 332 et
641 298 735 332 urbes
761 298 921 345 quondam
945 299 991 333 l'a-
1035 299 1082 333 liis
1105 299 1255 346 exceptis.
1279 312 1358 346 quae
1387 299 1426 333 ‹le
1454 299 1553 342 ipsius
1574 299 1785 347 chirographo

242 361 346 383 mosas
374 348 534 393 religionis
555 360 631 382 suae
653 348 761 382 cultui·
784 349 880 393 gratia
916 360 991 394 pro-
1034 348 1189 393 praefatus
1212 361 1263 383 rex
1291 350 1396 383 Saucii
1433 351 1528 393 lilius,
1555 350 1784 384 consentienti-

242 397 386 443 pensiore
409 397 561 431 restituit:
588 397 668 431 iuter
690 410 766 444 quas
783 398 897 431 Oscam
916 409 989 443 quo·
1032 397 1090 431 lius
1125 397 1284 432 Ecclesiae
1323 406 1393 432 tuae
1433 399 1575 442 clericis,
1610 406 1641 432 et
1668 399 1784 434 eximio

35 268 83 294 An.
104 267 132 293 C.
153 266 218 292 tttttR

72 426 126 448 Osca
142 426 181 445 rivi
178 428 217 445 uas

54 459 92 480 put·
120 452 147 473 Ρι·
151 455 203 472 ιωιι.

35 481 93 506 Ληιςι
96 479 150 500 niae
184 484 204 497 ι·-

34 511 79 534 'om
93 511 106 526 a
125 505 205 526 Sat-act

32 534 205 583 afflat?

30 964 156 1016 aeiffitpahs
184 965 213 986 er-

31 1111 57 1128 ac
65 1106 168 1128 luccensis
173 1107 211 1128 Ec-

31 1134 107 1155 desiae
121 1137 192 1160 caput:

61 1557 210 1579 Confirmantur

29 1585 96 1606 eidem
115 1584 210 1605 ‹lunatio-

29 1616 66 1634 m
87 1617 158 1633 omnes
177 1616 211 1633 rc·

29 1643 75 1664 ιιιιιι
84 1638 208 1664 Aragouiae.

207 458 302 493 que
330 446 517 493 pontificalis
540 446 706 481 cathedrae
730 446 839 481 urbem
862 446 990 480 Sarace-

240 507 353 530 norum
377 495 542 542 tyrannide
559 495 720 529 liberatam
739 495 912 529 charissimi
934 494 987 528 lilii

239 545 338 579 nostri
372 544 456 578 Petri
493 544 704 590 aragonensis
739 544 820 589 regis
842 544 986 578 instantia

238 593 410 628 catholicae
445 605 519 627 suae
562 592 723 631 Ecclesiae
766 592 985 627 conformavit.

237 642 382 690 AEquum
418 642 511 688 igitur
537 641 601 676 sore
638 642 876 688 perpendimus,
905 649 987 676 utet

237 703 295 726 nos
319 691 544 738 omnipotentis
566 690 623 725 Dei
651 690 893 736 benignitatem,
918 691 986 738 ipso

237 748 424 788 praestante,
447 740 633 775 liberalitate
648 748 774 774 sanctae
792 739 886 774 Sedis
905 740 987 786 Apo-

236 789 365 824 stolicae
396 797 639 844 prosequamur,
673 797 704 823 et
736 791 785 823 cui
816 789 983 835 multiplici

236 838 436 874 miseratione
461 851 527 885 ipse
551 837 621 872 fidei
642 850 717 872 suae
734 837 871 873 reddidit
894 838 986 873 liber·

235 895 342 928 tatem,
365 895 396 922 et
423 900 480 922 nos
513 899 642 934 quoque
676 887 878 924 restituamus
915 888 984 934 epi-

235 937 372 984 scopalis
394 936 561 971 cathedrae
583 936 776 982 (lignitatem.
806 936 984 971 Praesentis

234 998 309 1032 ergo
330 985 448 1020 decreti
468 986 652 1020 auctoritate
679 986 858 1025 statuimus,
884 993 914 1019 ut
929 998 984 1020 ea-

234 1034 306 1070 dem
327 1034 476 1070 Oscitana
495 1035 646 1075 Ecclesia,
670 1035 765 1069 totius
782 1035 982 1081 parrochiae,

233 1096 315 1132 quae
330 1096 414 1119 nunc
435 1084 573 1119 laccensi
596 1083 757 1119 Ecclesiae
779 1083 901 1118 subdita
925 1093 982 1128 est,

233 1142 264 1168 et
301 1133 331 1168 in
366 1133 466 1180 ipsius
504 1133 660 1168 laccensis
694 1133 856 1168 Ecclesiae
890 1142 983 1179 caput

179 1213 183 1216 .
233 1182 384 1230 deinceps
409 1182 607 1229 temporibus
634 1182 797 1229 perpetuis
818 1181 980 1216 habeatur.

232 1231 338 1266 Locus
380 1239 485 1267 autem
520 1231 708 1278 episcopalis
747 1231 912 1265 cathedrae
951 1233 980 1266 in

232 1281 342 1316 maiori
365 1281 416 1316 illa
439 1281 568 1315 Mazcita
589 1289 742 1321 servetur,
765 1293 859 1327 quam
876 1280 980 1315 Sancii

232 1331 317 1376 regis
339 1330 436 1371 dono,
461 1329 690 1364 Saracenorum
713 1329 908 1376 temporibus
930 1342 982 1364 ca-

231 1379 339 1414 nonici
371 1379 499 1414 Domini
523 1379 618 1413 nostri
644 1379 714 1413 lesu
742 1378 858 1413 Christi
881 1379 981 1413 Naza-

233 1428 300 1463 reni
323 1428 548 1476 possederant;
583 1427 638 1462 sed
666 1428 780 1462 Petrus
809 1428 876 1462 eius
899 1428 982 1463 lilius

233 1489 288 1512 rex
315 1486 385 1512 tuae
417 1477 600 1512 fraternitati
623 1486 710 1524 capta
738 1477 864 1512 civitate
898 1489 981 1511 con—

233 1527 344 1567 cessit;
371 1526 462 1561 cuius
488 1527 580 1561 etiam
605 1526 686 1561 dona
713 1535 834 1561 caetera
863 1535 982 1572 vestrae

231 1576 394 1611 Ecclesiae
421 1575 550 1616 collata,
579 1588 636 1610 nos
669 1576 842 1623 praesentis
864 1575 979 1610 decreti

232 1625 417 1660 auctoritate
439 1625 612 1665 firmamus,
633 1634 663 1659 et
691 1625 837 1660 universa
857 1626 980 1671 praedia

232 1674 297 1709 sive
320 1674 551 1722 possessiones,
575 1682 627 1708 aut
649 1674 769 1708 reditus
783 1674 980 1720 vectigalium

232 1735 287 1758 seu
323 1723 531 1764 tributorum,
559 1735 639 1770 quae
673 1723 724 1757 bo.
753 1735 846 1758 mem.
883 1722 982 1757 Rani-

232 1773 334 1807 mirus
356 1784 422 1812 rex,
445 1773 620 1819 praesentis
647 1773 730 1819 regis
751 1772 835 1807 Petri
860 1773 890 1806 in
915 1772 982 1806 Do-

233 1821 321 1856 mino
343 1822 494 1856 carissimi
531 1821 582 1855 filii
617 1833 709 1862 avus,
738 1833 809 1856 cum
834 1821 898 1855 filio
923 1834 982 1856 suo

233 1870 350 1905 Sancio
382 1870 519 1905 iaccensi
541 1870 703 1905 Ecclesiae
727 1883 780 1917 per
802 1870 915 1917 regalis
929 1883 984 1905 ex-

232 1920 396 1954 cellentiae
418 1920 534 1966 scripta
556 1920 722 1963 concessit,
749 1932 806 1954 nos
833 1920 983 1966 largiente

232 1968 372 2003 Domino
402 1969 601 2015 supradictae
629 1969 797 2003 Oscitanae
823 1968 984 2003 Ecclesiae

234 2017 352 2052 illibata
375 2018 405 2051 iu
429 2025 617 2065 perpetuum
658 2029 842 2064 permanere
872 2030 984 2052 cense-

233 2078 322 2106 mus;
356 2066 437 2101 sicut
471 2067 563 2100 etiam
605 2066 688 2100 idem
716 2078 770 2101 rex
806 2067 918 2101 Petrus
952 2067 982 2101 in

234 2115 401 2149 oblationis
422 2127 497 2149 suae
518 2115 616 2149 literis
635 2123 760 2161 optasse
783 2127 818 2150 ac
837 2116 984 2150 statuisse

234 2163 452 2210 cognoscitur:
482 2164 622 2210 exceptis
644 2164 792 2198 nimirum
816 2164 876 2203 his,
904 2176 985 2211 quae

234 2212 394 2259 praefatus
420 2212 489 2246 eius
512 2212 595 2246 lilius
613 2212 747 2246 Saucius
769 2225 821 2246 rex
839 2225 984 2246 unacum

235 2261 299 2296 lilio
325 2273 384 2295 suo
406 2260 499 2294 Petro
521 2273 615 2307 saepe
637 2261 782 2307 superius
809 2261 984 2304 nominato,

235 2309 507 2345 consentientibus
519 2309 816 2355 praedecessoribus
829 2310 891 2343 tuis
903 2310 942 2344 Sa
949 2322 985 2343 n-

236 2359 286 2393 cio
313 2366 344 2393 et
373 2357 502 2398 Garsia,
537 2368 564 2393 te
591 2370 717 2405 quoque
745 2358 882 2405 idipsum
907 2371 986 2393 con—

237 2407 402 2447 firmante,
436 2407 553 2441 de¹illa
584 2407 739 2441 Ranimiri
767 2408 905 2453 parentis
937 2409 984 2442 sui

236 2456 462 2491 constitutione
485 2456 625 2490 mutavit.
647 2455 725 2489 Item
741 2463 802 2489 tani
819 2455 872 2489 tibi
892 2468 985 2503 quam

237 2505 474 2540 successoribus
508 2505 586 2541 tuis,
614 2513 643 2539 et
670 2504 831 2539 Ecclesiae
866 2513 984 2539 vestrae

239 2555 270 2588 in
310 2561 496 2600 perpetuum
541 2553 717 2587 stabilimus
757 2553 911 2599 quidquid
949 2553 987 2587 ab

239 2603 367 2649 egregio
389 2614 462 2649 rege
489 2602 604 2637 Sancto
621 2601 759 2637 oblatum
776 2602 986 2649 cognoscitur:

1032 447 1208 492 praeposito
1222 446 1401 481 Canonicac
1421 447 1458 481 ῐ).
1476 447 1512 481 Ν.
1530 448 1598 482 lesu
1615 447 1780 493 Nazareni,

1031 502 1123 541 teque
1147 496 1284 542 idipsum
1309 498 1526 537 contii-munte,
1552 497 1693 531 mutavit.

1079 543 1249 579 Venientes
1271 545 1356 579 enim
1378 545 1415 578 ad
1445 557 1501 579 nos
1523 547 1606 580 sedis
1629 554 1701 580 tuae
1729 558 1782 580 ar-

1029 592 1236 628 chidiaconus
1258 593 1377 640 Lupus,
1405 601 1435 627 et
1459 594 1538 629 idem
1568 595 1703 630 eximius
1718 595 1781 630 Ec-

1027 641 1142 676 clesiae
1167 642 1203 676 D.
1227 642 1265 676 N.
1289 642 1357 677 lesu
1386 642 1536 677 Nazareni
1566 645 1780 691 praepositus,

1030 691 1059 725 in
1096 699 1199 726 nostra
1239 691 1398 726 audientia
1433 692 1710 733 collaudaverunt,
1748 702 1780 728 et

1029 748 1138 774 mutuo
1165 753 1323 775 consensu
1346 740 1523 775 confirmari
1549 742 1704 788 petierunt
1721 742 1778 777 ‹lif-

1028 788 1203 824 linitionem
1226 789 1329 833 illam,
1357 802 1438 837 quae
1462 790 1542 824 inter
1569 799 1597 826 te
1619 799 1650 825 et
1678 791 1777 826 fitium

1027 846 1168 873 nostrum
1192 838 1320 873 Petrum
1343 838 1581 886 Aragonensem
1605 852 1661 875 seu
1685 840 1779 875 Pam-

1027 887 1225 933 pilonensem
1249 900 1354 934 regem
1377 896 1442 922 acta
1466 897 1511 923 est
1533 889 1615 935 apud
1636 897 1773 924 castrum

1025 936 1187 981 Calasanz,
1209 937 1249 972 de
1271 937 1365 972 rebus
1387 949 1422 972 ac
1445 938 1599 973 reditibus
1616 938 1777 973 Ecclesiae

1026 995 1107 1030 tuae,
1135 995 1164 1021 et
1180 986 1371 1021 Canoniciae
1395 986 1433 1020 D.
1458 987 1495 1021 N.
1519 986 1590 1021 Iesu
1613 987 1775 1023 Nazareni.

1026 1034 1159 1070 Dilectio
1174 1035 1329 1082 siquidem
1346 1044 1397 1070 tua
1420 1044 1561 1083 quartam
1578 1036 1773 1072 deeimarum

1026 1093 1144 1130 partein
1169 1084 1207 1119 de
1230 1093 1294 1119 toto
1321 1085 1428 1119 Monte
1450 1085 1615 1131 Aragone,
1640 1093 1671 1120 et
1691 1087 1778 1133 quic-

1024 1134 1099 1179 quid
1129 1142 1249 1180 practer
1275 1134 1450 1168 animarum
1473 1146 1592 1175 curam,
1616 1143 1647 1169 et
1669 1136 1773 1170 eccle-

1024 1183 1139 1217 siarum
1162 1195 1216 1218 seu
1240 1183 1425 1217 clericorum
1445 1184 1716 1218 consecrationem
1735 1185 1774 1219 ad

1024 1244 1056 1266 se
1079 1232 1250 1279 episcopali
1268 1233 1334 1267 iure
1349 1232 1536 1278 pertinebat.
1560 1233 1775 1268 intercedente

1023 1281 1205 1328 supradicto
1229 1293 1313 1327 rege,
1336 1281 1420 1316 illius
1447 1281 1627 1316 Canonicae
1649 1283 1773 1317 clericis

1024 1330 1161 1369 tradidit,
1189 1340 1217 1364 ct
1244 1331 1352 1377 scripti
1375 1331 1519 1365 cautione
1542 1330 1686 1365 firmavit.
1722 1331 1769 1366 Illi

1023 1391 1096 1413 vero
1133 1379 1330 1414 medietatem
1366 1379 1580 1423 decimarum,
1607 1392 1700 1426 quam
1735 1381 1774 1415 de

1023 1428 1171 1462 Oscitana
1190 1429 1313 1463 civitate
1337 1440 1391 1475 per
1413 1441 1540 1463 manum
1563 1429 1704 1463 eiusdem
1725 1442 1775 1464 re-

1022 1478 1070 1524 gis
1092 1478 1235 1524 accipere
1261 1485 1508 1521 consueverant,
1531 1486 1602 1512 tuae
1628 1486 1774 1513 tuorum-

1023 1539 1082 1573 que
1105 1539 1325 1562 successorum
1353 1527 1465 1561 ditioni
1488 1528 1703 1562 restituerunt.
1728 1527 1774 1562 De

1024 1576 1183 1611 laboribus
1207 1584 1311 1610 autem
1335 1575 1449 1611 domus
1473 1576 1556 1621 regis
1578 1576 1774 1611 decimarum

1023 1625 1176 1667 medietas
1212 1625 1284 1669 tibi,
1317 1633 1348 1660 et
1381 1625 1570 1672 episcopalis
1605 1625 1773 1660 cathedrae

1023 1675 1166 1709 clericis:
1194 1675 1288 1709 altera
1315 1682 1418 1709 autem
1443 1675 1593 1709 medietas
1614 1675 1774 1710 canonicis

1024 1723 1061 1758 D.
1085 1723 1122 1758 N.
1139 1723 1211 1758 Iesu
1227 1723 1344 1758 Christi
1368 1731 1474 1757 mutua
1497 1725 1625 1758 caritate
1648 1736 1773 1758 conve-

1024 1773 1079 1807 nit.
1103 1772 1234 1807 Caetera
1256 1785 1329 1807 vero
1348 1773 1452 1807 omnia
1475 1772 1650 1807 secuudum
1665 1772 1774 1807 Sancii

1025 1822 1074 1856 bo.
1100 1834 1192 1856 mem.
1221 1822 1325 1868 regis,
1353 1829 1382 1856 et
1416 1822 1585 1868 supradicti
1618 1821 1687 1856 eius
1720 1821 1773 1855 filii

1024 1871 1269 1918 chirographum
1308 1871 1466 1905 communi
1503 1869 1669 1905 concordia
1706 1879 1771 1904 sta-

1025 1920 1148 1957 mistis,
1181 1929 1211 1954 et
1247 1932 1262 1954 a
1292 1920 1381 1954 nobis
1416 1919 1524 1954 earlein
1553 1919 1684 1953 stabiliri
1719 1931 1775 1966 per

1024 1969 1220 2016 supradictos
1247 1969 1381 2003 nuncios
1409 1969 1599 2014 postulastis.

1075 2018 1122 2052 Ad
1146 2018 1221 2053 haee
1248 2018 1433 2052 adiicientes
1454 2018 1638 2057 statuimus,
1661 2025 1693 2051 ut
1718 2028 1774 2064 pa-

1026 2067 1203 2101 rochiarum
1227 2067 1316 2106 fines,
1343 2067 1396 2113 qui
1419 2067 1522 2100 adhuc
1543 2066 1773 2100 Saracenorum

1025 2116 1285 2162 oppressionibus
1307 2115 1506 2159 detinentur,
1533 2115 1570 2149 ad
1594 2114 1773 2149 Oscitaoam

1026 2164 1198 2198 Ecclesiam
1232 2165 1361 2211 antiquo
1390 2164 1456 2197 iure
1491 2164 1706 2210 pertinentes,
1740 2164 1770 2196 in

1027 2213 1163 2258 idipsum
1180 2212 1365 2255 reserantur,
1388 2225 1458 2246 cum
1478 2224 1530 2246 eas
1546 2211 1774 2257 omnipotentis

1026 2261 1083 2295 Dei
1106 2261 1243 2307 dignatio
1255 2262 1443 2295 christianae
1460 2260 1630 2294 restituerit
1652 2260 1774 2294 ditioni.

1027 2310 1142 2344 Hasien
1173 2322 1300 2356 quoque
1330 2309 1523 2344 Canonicam
1549 2309 1644 2343 nostri
1677 2309 1772 2348 iuiis,

1026 2371 1119 2413 quam
1142 2359 1312 2405 supradicti
1327 2358 1481 2392 Ranimiri
1506 2358 1586 2403 regis
1606 2357 1698 2395 filius,
1716 2357 1777 2391 Pe-

1028 2409 1063 2441 tri
1093 2419 1164 2441 vero
1188 2420 1269 2453 regis
1289 2407 1476 2449 avunculus,
1499 2405 1634 2440 Saucius
1655 2418 1773 2444 comes,

1027 2468 1084 2490 suo
1111 2456 1216 2490 studio
1222 2436 1445 2498 02011ifieatan1,
1467 2462 1593 2489 sauctae
1611 2455 1775 2489 Romanae

1029 2505 1188 2539 Ecclesiae
1212 2505 1337 2548 obtulit,
1359 2516 1417 2538 nos
1439 2512 1500 2538 tam
1516 2503 1568 2537 tibi
1591 2515 1683 2550 quam
1704 2516 1779 2537 suc-

1028 2554 1207 2587 cessorilms
1235 2554 1315 2592 tuis,
1342 2561 1371 2587 et
1394 2552 1553 2586 Ecclesiae
1575 2560 1696 2586 vestrae
1724 2564 1778 2585 ca-

1029 2604 1162 2647 nonicis,
1196 2602 1397 2649 Apostolicac
1424 2601 1518 2636 Sedis
1552 2600 1678 2636 decreta
1711 2612 1779 2635 ser-

1841 571 1981 593 Conni-matur

1826 604 1896 628 unque
1906 604 1991 619 concor·

1826 631 1846 645 ta
1870 625 1921 645 inita
1941 626 1995 646 tnter

1811 657 1844 676 ει
1865 653 1994 675 Os.citanum

1811 680 1830 698 et
1845 679 1933 698 clericos
1963 679 1982 699 2

1810 705 1852 724 [sle
1844 705 1887 725 siae
1911 705 1934 726 D
1938 706 1993 727 521.

1810 731 1863 752 Nax
1867 738 1888 752 rc
1891 732 1919 752 ιιι

1856 2046 1976 2072 Assignatur

1806 2073 1918 2094 dioeceste,
