2180 3205
469 264 538 297 55⁰2

467 329 532 374 Ego
554 325 706 361 lordanus
729 323 830 371 presb.
854 321 937 358 card.
970 321 1016 356 tit.
1038 320 1071 356 S.
1094 320 1158 356 Su-

416 389 532 412 sannae
553 375 736 420 subscripsi.

464 426 531 472 Ego
561 424 634 459 Otto
666 423 745 458 diac.
779 421 862 458 card.
891 421 925 457 S.
959 419 1087 467 Georgii
1120 418 1157 454 ad

415 475 527 510 velum
550 475 689 509 Aureum
712 485 754 508 ss.

463 525 532 571 Ego
553 523 745 558 Octavianus
767 521 918 556 diaconus
934 519 968 554 S.
991 518 1110 554 Nicolai
1126 518 1157 552 in

415 574 549 609 Carcere
570 572 715 608 Tulliano
742 570 926 618 subscripsi.

464 623 579 658 Datum
601 622 777 657 Cremonae
792 633 846 668 per
860 631 987 655 manum
1003 616 1159 653 Guidonis

415 681 540 708 sanctae
561 671 722 707 Romanae
750 670 910 705 Ecclesiae
936 667 1059 703 diaconi
1091 678 1159 701 car-

415 722 530 758 dinalis
544 730 575 757 et
592 721 781 761 cancellarii,
805 732 877 754 non.
894 718 973 760 iulii,
990 716 1160 752 indictione

416 784 459 812 xi,
474 771 696 808 incarnationis
711 770 887 805 dominicae
901 780 983 804 anno
997 777 1159 810 nexum,

415 821 616 869 pontificatus
656 820 763 856 domni
802 818 938 865 Eugenii
952 834 960 842 ·
976 816 1018 851 llt
1054 815 1160 862 Papae

414 883 497 907 anno
518 883 562 906 iv.

493 928 555 959 Dat.
573 928 620 958 die
644 928 658 957 'l
682 927 747 957 iulii
764 935 840 957 anno
858 925 975 955 Domini
997 924 1081 957 1148,

665 970 767 1011 pontif.
785 979 861 1000 anno
879 978 916 999 iv.

221 276 269 301 An.
288 275 315 301 C.
338 275 403 302 ¹th

727 1113 848 1148 XXIX.

415 1189 587 1226 Decretum,
608 1195 640 1221 ut
652 1188 805 1232 capellani
821 1186 1001 1231 promittant
1020 1185 1160 1218 obedien-

463 1239 538 1271 tiam
559 1239 722 1271 rectoribus
745 1237 903 1270 titulorum
919 1237 980 1268 sive
1002 1235 1158 1268 Ecclesia-

462 1299 531 1322 rum
557 1294 583 1320 et
609 1288 644 1320 de
665 1287 807 1320 Arnaldo
835 1293 992 1330 tamquam
1012 1285 1160 1318 schisma-

463 1338 522 1370 tico
543 1337 708 1370 devitando
731 1337 792 1378 (t).

681 1413 894 1445 SL'MMARIUM

414 1483 536 1522 Aliquos
567 1481 734 1521 capellanos
765 1489 893 1510 errorem
927 1479 1048 1510 Arnaldi
1076 1480 1159 1518 sequi

455 1532 553 1557 narrat
574 1526 713 1556 Pontifex.
730 1543 768 1549 —
786 1525 946 1555 Arnaldum
965 1525 1000 1555 ab
1023 1524 1159 1554 omnibus

454 1577 603 1611 tamquam
631 1571 853 1601 schismaticum
883 1570 1005 1600 devitari
1032 1569 1159 1599 mandat.

452 1633 492 1639 —
513 1615 628 1646 Poenae
650 1620 749 1645 contra
768 1614 980 1645 inobedientes.

414 1687 545 1724 Eugenius
557 1687 696 1723 episeopus
709 1693 802 1715 servus
812 1692 951 1715 servorum
969 1685 1023 1718 Dei.
1036 1686 1161 1715 universo

459 1738 531 1765 clero
551 1736 676 1765 nomano.

219 1811 403 1865 ,ss‘fsswgrssssfess
464 1803 569 1838 Fallax
597 1810 627 1838 et
654 1801 780 1836 invidus
806 1801 932 1836 humani
955 1802 1078 1848 generis
1100 1802 1160 1836 ini-

219 1875 304 1895 Amffli
341 1874 401 1901 ,equi
418 1853 517 1888 micus
538 1865 592 1900 per
615 1852 787 1886 Arnaldum
810 1851 1058 1896 schismaticum,
1073 1852 1159 1899 quasi

219 1905 399 1926 ⁰³³²²P⁰¹¹¹³st¹
417 1916 472 1951 per
506 1901 682 1937 membrum
715 1901 874 1948 proprium
898 1900 958 1935 hoc
991 1901 1104 1946 effecit,
1127 1909 1160 1935 ut

416 1952 544 2000 quidam
563 1951 713 1999 capellani
730 1951 879 1985 unitatem
893 1949 978 1985 Ecclt
990 1951 1065 1990 siae,
1081 1963 1160 1998 quae

415 2002 586 2037 sectionem
616 2013 677 2035 non
706 2000 840 2047 patitur,
873 2010 1023 2047 quantum
1057 2001 1087 2034 in
1114 2001 1160 2035 eis

415 2060 462 2087 est
483 2051 676 2094 dividentes,
711 2050 809 2096 ipsius
836 2049 966 2084 Arnaldi
989 2058 1160 2097 sequantur

415 2113 567 2137 errorem:
603 2108 632 2135 et
664 2099 894 2140 cardinalibus,
928 2107 1021 2146 atque
1056 2099 1161 2134 archi-

416 2150 605 2198 presbyteris
639 2149 704 2184 suis
724 2149 933 2184 obedientiam
961 2157 991 2183 et
1015 2161 1160 2184 reveren-

416 2201 489 2235 tiam
505 2201 698 2248 promittere,
720 2207 750 2233 et
771 2198 919 2234 exhibere
933 2197 1069 2234 debitam
1089 2211 1161 2233 con-

232 2254 343 2306 Ληξῖῑῠω
363 2254 388 2275 ³1³
416 2249 581 2285 tradicant.
610 2249 655 2283 Nc
685 2248 778 2294 igitur
812 2248 891 2282 vires
913 2247 987 2283 dare
1014 2248 1160 2295 praefatis

219 2291 279 2343 {iffi
293 2289 403 2337 ἶῖὴῑέἶιῗῖ
417 2298 624 2334 schismaticis
647 2298 753 2345 pravis
779 2297 955 2332 actionibus
983 2309 1038 2344 per
1063 2297 1162 2332 silen-

219 2348 401 2398 gfflahde'nffl
419 2349 494 2383 tium
516 2348 555 2383 de
580 2356 702 2383 caetero
724 2347 904 2391 videamur,
927 2358 983 2394 per
1004 2347 1160 2395 presentia

418 2399 504 2433 vobis
525 2398 638 2444 scripta
661 2397 858 2443 mandamu8‚
884 2405 977 2443 atque
1005 2397 1162 2444 praecipi-

417 2460 500 2492 mus,
522 2455 677 2494 quatenus
698 2446 870 2493 praefatum
898 2445 1163 2480 Arnaldumtam-

417 2509 511 2544 quam
539 2496 775 2543 schismaticum
807 2495 910 2530 modis
931 2495 1078 2530 omnibus
1104 2495 1163 2530 de-

234 2545 403 2566 ¹³⁰0¹¹³²⁰⁰¹²²¹⁸
419 2546 531 2580 vitetis.
565 2545 658 2587 Quod
688 2545 713 2580 si
750 2545 844 2592 aliqui
878 2544 1007 2586 clerici,
1045 2544 1099 2579 Dei
1133 2553 1163 2580 et

219 2577 374 2598 mmmm
417 2604 542 2630 sanctae
564 2594 723 2640 Ecclesiae
750 2603 996 2642 contemptores,
1019 2594 1088 2629 eius
1113 2606 1164 2629 er-

453 2659 493 2696 (l)
512 2659 551 2686 Ex
570 2658 681 2692 Concil.,
702 2664 765 2687 tom.
786 2667 835 2692 xit,
855 2658 903 2686 col.
923 2659 1000 2686 ¹578.

1009 265 1194 290 BtLLAtttcu
1217 264 1377 287 ROMANUM

1200 331 1300 354 rorem
1314 327 1381 366 post
1395 318 1603 367 praesentium
1621 318 1833 366 acceptionem
1853 317 1940 365 sequi

1199 369 1486 416 praesumpserint,
1508 368 1588 404 scire
1610 380 1665 403 vos
1687 368 1840 407 volumus,
1869 368 1942 415 quia

1198 427 1260 453 tam
1283 418 1385 453 officio
1414 430 1508 466 quam
1544 417 1698 453 beneficio
1724 417 1944 453 ecclesiasticis

1200 467 1368 503 reddemus
1388 480 1443 503 eos
1465 467 1589 515 penitus
1606 467 1736 502 alienos.

1248 516 1362 552 Datum
1389 517 1514 552 Brixiae
1536 516 1640 551 idibus
1661 516 1738 551 iulii.
1758 530 1761 531 ⁷

1383 577 1443 608 nat.
1466 566 1513 609 die
1536 578 1573 608 15
1593 577 1660 608 iulii
1682 578 1768 608 1148.

1520 723 1622 758 XXX.

1201 797 1388 831 ,llonasterio
1409 798 1458 831 Ss.
1487 797 1660 831 Salvatort's
1685 803 1712 830 et
1733 797 1833 830 Iuliae
1857 808 1943 831 mar-

1249 848 1324 891 tyris
1343 847 1483 880 Brixien.
1496 847 1636 880 dioecesis
1653 847 1771 880 ordinis
1789 847 1941 880 Cassiraen.

1248 897 1328 930 bona
1353 897 1458 930 omnia
1482 897 1720 941 confirmantur,
1749 897 1942 929 omnimoda-

1248 958 1304 990 que
1323 947 1484 990 exemptio,
1512 946 1636 991 aliaque
1660 947 1862 979 conceduntur
1871 946 1943 990 pri—

1248 996 1360 1040 vt'leqia
1387 996 1449 1038 (4).

1465 1064 1678 1096 SUMMARIUM

1199 1134 1366 1165 Exordium.
1389 1151 1429 1157 —
1444 1134 1652 1165 Monasterium
1675 1135 1730 1165 sub
1755 1135 1840 1166 Sedis
1861 1136 1943 1175 Apo-

1239 1180 1358 1210 stolicae
1377 1180 1465 1210 tutela
1491 1180 1526 1209 de
1549 1189 1630 1209 more
1652 1179 1776 1219 suscipit
1803 1179 1943 1209 Pontifex.

1238 1240 1278 1245 —
1291 1223 1391 1253 Eidem
1408 1223 1481 1253 bona
1495 1224 1593 1254 omnia
1609 1234 1624 1254 3
1643 1225 1743 1263 regina
1758 1225 1848 1260 Ansa,
1863 1224 1945 1254 aliis-

1239 1277 1295 1307 que
1317 1276 1470 1304 concessa,
1487 1268 1649 1298 confirmat.
1666 1285 1705 1290 —
1722 1268 1764 1298 Ab
1787 1269 1943 1309 episcopo-

1238 1322 1304 1342 rum
1326 1312 1530 1342 iurisdictione
1552 1312 1691 1350 eximens,
1713 1322 1767 1342 nec
1786 1313 1944 1343 missarum

1240 1357 1381 1386 solemnia
1400 1355 1473 1386 inibi
1489 1356 1600 1395 absque
1615 1355 1782 1386 abbatissae
1797 1366 1945 1387 consensu

1240 1402 1384 1431 celebrari
1407 1402 1555 1441 permittit.
1576 1418 1616 1424 —
1629 1401 1804 1432 Abbatissae
1822 1402 1945 1432 electio-

1240 1456 1306 1476 nem
1338 1447 1372 1476 ad
1406 1446 1549 1476 moniales
1582 1447 1782 1476 tantummodo
1813 1451 1946 1486 spectare

1240 1491 1387 1520 decernit:
1412 1507 1452 1513 --
1473 1490 1573 1520 Eidem
1596 1490 1763 1521 abbatissae
1793 1491 1947 1521 confirmat

1239 1536 1286 1565 ius
1308 1535 1452 1565 ecclesias
1479 1540 1508 1565 et
1529 1535 1648 1565 castella
1682 1536 1890 1573 construendi,
1917 1541 1946 1566 et

1240 1584 1400 1609 mercatum
1419 1580 1450 1609 in
1473 1579 1519 1609 his
1538 1580 1698 1610 indicendi.
1712 1597 1752 1603 --
1765 1582 1788 1610 A
1806 1590 1947 1620 quacum-

1240 1634 1296 1664 que
1314 1624 1528 1661 iurisdictione,
1546 1624 1700 1654 iudiciaria
1722 1629 1872 1664 potestate,
1889 1634 1944 1654 an·

1240 1670 1320 1707 garia
1353 1674 1380 1699 et
1411 1678 1499 1699 onere
1534 1670 1744 1699 monasterium
1780 1674 1944 1708 exemptum

1240 1714 1379 1744 declarat.
1402 1731 1442 1736 —
1468 1713 1600 1743 Decimas
1627 1713 1769 1743 bonorum
1792 1714 1945 1751 condonat,

1240 1763 1268 1788 et
1290 1759 1456 1789 facultatem
1472 1758 1622 1788 iudicandi
1643 1758 1674 1787 in
1696 1758 1828 1797 proprios
1846 1758 1944 1788 homi-

1240 1813 1293 1833 nes
1316 1807 1344 1833 et
1361 1803 1492 1833 colonos.
1515 1820 1555 1825 —-
1571 1803 1658 1833 Sacra
1681 1800 1815 1842 mysteria
1839 1807 1867 1832 et
1891 1803 1946 1832 mi-

1240 1848 1361 1878 nisteria
1381 1858 1394 1877 a
1415 1857 1601 1888 quocumque
1629 1847 1766 1887 episcopo
1783 1847 1944 1886 recipiendi

1242 1892 1343 1922 tribuit
1359 1892 1536 1922 facultatem.
1550 1909 1590 1914 —
1606 1892 1714 1922 Solitae
1730 1892 1945 1922 conclusiones.

1239 1954 1279 1959 —
1299 1936 1422 1975 Eugenii
1443 1936 1498 1967 PP.
1529 1941 1558 1966 et
1578 1936 1606 1966 S.
1635 1935 1668 1965 R.
1695 1936 1725 1965 E.
1751 1936 1943 1966 cardinalium

1240 1981 1482 2021 subscriptiones.

1200 2043 1330 2079 Eugenius
1366 2042 1506 2078 episcopus
1540 2050 1634 2071 servus
1663 2049 1801 2072 servorum
1832 2042 1888 2075 Dei,
1916 2042 1944 2070 in

1243 2094 1351 2122 Christo
1368 2093 1441 2122 filiae
1459 2093 1599 2122 Riohcldae
1618 2091 1772 2120 abbatissae
1787 2092 1944 2120 monasterii

1244 2143 1393 2172 salvatoris
1423 2142 1511 2171 nostri
1534 2143 1562 2170 at
1585 2142 1697 2170 Sanctae
1719 2140 1802 2169 Iuliae
1829 2140 1944 2176 virginis

1244 2194 1272 2222 et
1294 2193 1438 2227 martyris,
1458 2191 1527 2228 quod
1545 2191 1643 2219 Novum
1661 2190 1770 2223 dicitur.
1789 2190 1818 2217 in
1834 2189 1945 2218 civitate

1244 2242 1336 2270 Brixia
1355 2242 1447 2274 situm.
1483 2241 1591 2276 eiusque
1619 2239 1766 2272 sororibus,
1790 2240 1849 2268 tam
1866 2245 1944 2274 praa-

1245 2290 1366 2319 seutibus
1385 2296 1465 2326 quam
1483 2288 1595 2322 futuris.
1614 2289 1642 2317 in
1665 2289 1833 2325 perpetuum.

1250 2348 1332 2384 Cum
1367 2347 1514 2383 omnibus
1548 2347 1769 2382 ecclesiasticis
1801 2346 1944 2394 personis

1202 2398 1371 2439 debitores,
1398 2410 1437 2432 ex
1458 2397 1598 2432 iniuncto
1627 2396 1719 2446 nobis
1739 2409 1756 2431 a
1779 2397 1844 2432 Deo
1865 2409 1943 2444 apo-

1203 2447 1333 2483 stolatus
1368 2447 1491 2488 officio,
1525 2446 1710 2487 existamus;
1741 2444 1803 2481 illis
1839 2455 1943 2480 tamen

1204 2510 1261 2532 nos
1276 2497 1422 2532 convenit
1435 2496 1647 2545 propensioris
1660 2494 1818 2538 charitatis
1839 2494 1943 2529 studio

1204 2547 1380 2588 imminere,
1407 2558 1485 2594 quas
1512 2547 1543 2581 in
1567 2557 1655 2592 verae
1679 2543 1836 2593 refigionis
1858 2545 1943 2579 cultu

1239 2617 1278 2653 (t)
1297 2617 1336 2644 Ex
1352 2616 1450 2648 archiv.
1470 2616 1621 2644 monasterii
1637 2615 1715 2643 huius
1739 2614 1819 2643 edidit
1844 2615 1945 2651 Marga-

1205 2657 1268 2691 rin.,
1285 2657 1334 2685 loc.
1351 2657 1408 2691 cit.,
1425 2665 1498 2697 num.
1518 2664 1598 2684 ccxx.

1957 262 2006 288 An.
2023 259 2052 287 C.
2071 260 2136 288 ΗΕΒ

1989 2361 2107 2384 &oraim
