2180 3205
133 236 182 264 Aa.
199 236 227 263 C.
250 234 318 263 1096

160 1439 281 1461 Exordium.

175 2136 325 2158 nonacrim

139 2163 177 2184 sub
191 2164 324 2188 Aposioticae

140 2189 203 2210 Sedis
211 2192 324 2215 protectio-

139 2221 166 2237 uo
180 2216 293 2241 recipit-im

176 2373 243 2402 Eique
270 2372 326 2403 bona

147 2405 218 2420 omma
251 2402 326 2419 conor-

141 2428 231 2447 mantnt.

399 214 410 247 t
424 214 468 248 U

628 276 807 312 XXXVIII.

348 350 550 396 Confirmatio
577 350 738 384 bonorum,
768 356 793 381 et
816 348 1015 381 donationwn
1032 358 1098 380 om-

395 401 494 437 nium,
517 399 671 441 factarum
694 398 737 430 cel
759 398 791 429 in
808 404 961 440 posterum
980 398 1097 441 facien-

394 450 510 482 darum
553 447 758 480 luvim'acensi
800 447 984 480 monasterio
1000 472 1009 485 ,
1049 447 1099 479 cui

390 497 556 542 privilegia
593 496 796 529 immum'tatis
834 508 869 528 ac
907 495 1097 539 Apostolicae

394 547 483 580 Sedis
508 546 705 590 protectionis
728 546 932 578 conceduntur
954 545 1009 588 (1).

613 621 827 654 smnlffltt‘n

346 690 514 720 Exordium.
540 705 580 712 -—
606 688 814 718 lllonasterium
834 687 888 716 sub
912 686 1096 726 Apostolicae

384 729 469 759 Sedis
489 729 670 768 protectione
689 728 840 766 recipitur,
857 744 896 748 —
914 727 1000 765 eique
1021 726 1095 755 hona

385 770 483 798 omnia
502 769 726 798 confirmantur.
747 783 786 789 —
810 766 965 796 Decretum
984 766 1095 795 immu-

383 809 486 838 nitatis
516 817 529 837 a
549 816 735 847 quacumque
754 807 796 837 vi.
823 807 867 835 vel
886 806 1020 834 molestia
1035 815 1042 841 3
1059 821 1098 827 —

385 853 413 878 et
443 847 587 877 libertatis
618 847 648 876 in
674 846 842 876 abbatissae
871 845 1029 874 electione:
1058 861 1098 866 --

384 888 515 918 adhibito
529 892 624 916 tamen
638 886 768 924 episcopi
780 885 949 914 dioecesani
962 884 1096 913 consilio.

383 944 423 950 —
444 927 608 956 Advocatus
632 926 666 955 ab
687 925 835 954 abbatissa
864 924 1031 961 eligendus:
1058 940 1098 945 —

383 967 438 1003 Qui
461 971 567 1002 tamen,
585 966 662 994 sicut
680 969 707 994 et
730 964 890 999 abbatissa,
908 963 981 992 nihil
1002 973 1015 992 a
1039 962 1097 991 Mo-

381 1010 457 1036 nast.
468 1005 675 1045 quoquomodo
686 1004 815 1034 alienare
827 1002 1095 1041 possit.—Census

383 1055 499 1075 annuus
521 1044 590 1074 Sedi
617 1045 718 1083 Apost.
743 1043 964 1082 persolvendus.
982 1058 1022 1063 —
1038 1040 1095 1070 So-

384 1085 452 1115 litae
474 1084 636 1114 clausulae.

342 1155 462 1184 Urbanus
482 1154 621 1190 episcopus
645 1159 739 1181 servus
758 1157 897 1180 servorum
906 1151 962 1184 Dei,
983 1151 1097 1179 dilectae

385 1203 460 1232 filiae
480 1198 660 1241 natburgi(2)
674 1201 830 1230 abbatissae
847 1200 1007 1228 monasterii
1026 1200 1095 1228 Iuvi-

386 1252 531 1284 niaoensis,
553 1252 580 1280 et
599 1251 726 1283 caeteris,
744 1257 811 1286 quae
829 1251 892 1285 post
910 1256 968 1277 eam
988 1249 1095 1284 regula·

386 1300 456 1330 riter
479 1300 507 1329 in
528 1300 647 1328 eiusdem
665 1298 824 1327 monasterii
843 1298 975 1333 regimine
995 1298 1095 1326 substi-

387 1350 503 1379 tuendae
527 1350 602 1378 suut.

392 1413 594 1461 Apostolicae
614 1411 707 1447 Sedis
728 1410 912 1446 auctoritate
927 1409 1096 1456 debitoque

343 1462 565 1510 compellimur
581 1474 636 1508 pro
650 1461 866 1495 universarum
884 1458 1094 1493 Ecclesiarurn

344 1520 428 1547 statu
457 1519 612 1557 satagere,
642 1518 673 1545 et
698 1521 805 1544 earum
837 1509 982 1549 maxime,
1015 1520 1096 1555 quae

344 1561 414 1596 eius
441 1560 517 1595 Sedi
544 1559 712 1606 specialius
735 1558 924 1599 adhaerent,
952 1565 981 1592 et
1010 1565 1096 1591 tam-

345 1623 439 1657 quam
465 1610 592 1657 proprio
618 1609 684 1643 iure
706 1607 866 1642 subiectae
888 1613 973 1651 sunt,
999 1606 1095 1653 quieti

345 1659 518 1694 auxiliante
530 1658 669 1693 Domino
685 1656 860 1704 providere.
884 1655 1095 1702 Quapropter,

346 1708 406 1742 filia
449 1708 479 1742 in
519 1707 646 1742 Christo
680 1705 864 1741 charissima
904 1704 1095 1750 Galburgis,

345 1756 522 1791 devotionis
552 1763 623 1790 tuae
660 1754 809 1802 precibus
844 1754 1015 1788 clementer
1040 1766 1096 1788 an-

345 1806 487 1844 nuimus,
519 1814 550 1840 et
576 1805 690 1839 Beatae
720 1803 935 1838 Scholasticae
966 1803 1097 1848 virginis

347 1854 586 1898 monasterium,
607 1853 657 1888 cui
690 1852 827 1887 Domino
849 1860 976 1887 auctore
1000 1864 1098 1898 prae-

346 1903 453 1944 sides,
491 1903 574 1950 apud
612 1902 718 1937 villam
736 1928 745 1945 ,
782 1901 1095 1948 quae-luviniacum

346 1952 473 1996 dicitur,
486 1952 705 1992 constitutum,
718 1950 778 1985 sub
790 1950 992 1997 Apostolicae
1004 1949 1097 1984 Sedis

348 2001 577 2048 protectionem
631 2000 807 2047 specialiter
864 1999 1095 2034 confovendum

348 2050 520 2095 praesentis
545 2050 661 2085 decreti
683 2050 868 2083 auctoritate
895 2048 1096 2094 suscipimus.

346 2098 440 2140 Quod
491 2099 639 2134 videlicet
683 2098 909 2132 monasterium
956 2097 1097 2143 egregiae

350 2147 519 2183 memoriae
558 2147 742 2182 Bonifacius
783 2146 923 2181 marchio
964 2155 995 2180 et
1030 2146 1098 2180 eius

348 2209 426 2231 uxor
447 2196 575 2231 Beatrix
597 2209 670 2231 cum
687 2196 802 2242 insigni
819 2196 881 2230 filia
897 2207 952 2230 sua
970 2194 1097 2229 domina

347 2245 510 2286 Mathilde,
525 2245 615 2280 beato
632 2245 726 2280 Petro
748 2252 779 2279 et
800 2245 959 2291 episcopis
974 2253 1099 2278 sanctae

347 2294 511 2329 Romanae
525 2294 687 2329 Ecclesiae
710 2293 902 2328 obtulerunt.
926 2293 986 2328 Per
1008 2305 1100 2339 prae—

348 2343 448 2378 sentis
470 2343 564 2390 igitur
586 2343 739 2390 privilegii
764 2343 910 2389 paginam
929 2342 1099 2389 apostolica

349 2392 533 2427 auctoritate
555 2392 733 2431 statuimus,
763 2401 795 2426 ut
821 2392 950 2438 quaevis
975 2391 1057 2425 bona
1083 2402 1100 2424 a

351 2440 518 2486 praedictis
553 2441 747 2487 principibus
774 2440 877 2475 eidem
910 2439 1100 2474 monasterio

351 2488 433 2528 data,
457 2489 543 2524 firma
558 2498 587 2524 et
609 2490 724 2524 illibata
738 2501 863 2537 semper
881 2496 1099 2536 permaneant:

387 2553 426 2587 (l)
443 2553 484 2579 Ex
501 2553 636 2580 Mabillon.
657 2555 683 2580 in
699 2554 821 2589 Append.
845 2554 940 2581 Annal.
967 2553 1100 2581 Benedict.

353 2590 417 2628 tom.
435 2596 464 2620 v,
481 2596 554 2614 num.
572 2596 637 2615 xur-
676 2590 714 2624 (Ξ)
736 2590 856 2617 Fortasse
874 2591 1031 2622 Galburqae.

935 220 1123 244 BELLARIL'M
1150 220 1192 243 ΠΟ
1198 219 1312 242 stasmi

1141 276 1207 322 ipsa
1234 274 1379 309 videlicet
1404 273 1630 309 Inviniacencis
1670 274 1740 310 vitia
1768 276 1887 317 integra

1139 338 1210 359 curn
1235 325 1373 370 utrisque
1401 324 1620 358 medietatibus
1641 325 1730 363 suis,v
1751 337 1885 371 quarum

1139 374 1265 407 alteram
1290 373 1447 420 praefatus
1470 373 1608 407 marchio
1634 382 1664 407 et
1685 374 1753 408 eius
1771 376 1887 410 coniux

1139 423 1169 456 in
1193 423 1251 456 vita
1279 434 1346 459 sua.
1381 422 1508 456 alteram
1533 431 1603 468 post
1635 422 1753 457 obitum
1777 436 1885 459 eorum

1138 472 1294 506 comitissa
1334 471 1494 506 Matbildis
1532 471 1639 505 beatae
1673 471 1887 508 Scholasticae

1139 521 1304 555 tradidisse
1325 521 1543 565 cognoscitur:
1559 520 1712 555 Remonis
1726 522 1796 555 villa
1812 534 1883 556 cum

1140 569 1336 616 pertinentiis
1362 570 1446 609 suis,
1478 578 1509 604 et
1535 569 1706 604 reditibus:
1733 570 1886 606 medietas

1139 620 1230 653 villae
1252 619 1390 653 verinoli
1413 619 1531 665 Magni:
1554 618 1647 653 Yreia
1670 631 1741 654 cum
1764 620 1887 655 duabus

1138 669 1294 703 ecclesiis:
1333 668 1472 702 Busonis
1500 668 1569 702 villa
1596 680 1667 702 cum
1696 669 1886 715 appenditiis

1138 718 1219 751 suis:
1254 717 1359 751 Minus
1384 717 1561 752 Yiroliuum
1603 725 1722 752 totum:
1757 717 1787 752 in
1815 718 1886 754 villa

1137 766 1268 801 Vismoli
1291 767 1387 800 mansi
1405 766 1590 801 duodecim:
1611 767 1641 801 in
1664 767 1801 802 Marceio
1820 774 1884 803 tres

1139 816 1237 849 mansi
1265 827 1337 849 cum
1367 816 1516 850 ecclesia:
1540 816 1570 849 iu
1586 815 1789 863 Clymenceio
1803 824 1885 852 terra

1138 876 1209 898 cum
1238 872 1347 911 quarta
1375 872 1460 910 parte
1493 864 1659 899 ecclesiae:
1692 865 1723 899 in
1762 865 1886 901 Hastoii

1138 913 1236 947 mansi
1270 921 1427 959 quatuor,
1462 922 1492 948 et
1518 914 1606 948 tertia
1641 926 1711 960 pars
1732 914 1885 950 ecclesiae

1138 974 1209 996 cum
1247 962 1446 996 molendino:
1482 963 1513 996 in
1544 963 1652 997 Betrui
1691 963 1793 998 mansi
1821 964 1886 998 duo

1138 1023 1209 1044 eum
1233 1011 1379 1045 ecclesia:
1403 1011 1434 1045 in
1463 1011 1609 1046 Vellanes
1632 1013 1732 1046 mansi
1760 1012 1822 1047 duo
1855 1020 1887 1048 et

1137 1059 1253 1103 semis,
1288 1067 1375 1094 sexta
1409 1072 1481 1106 pars
1514 1060 1615 1095 mansi
1654 1061 1826 1103 ecclesiae,
1853 1071 1885 1098 et

1137 1108 1323 1146 molendini,
1349 1117 1380 1143 et
1403 1109 1598 1155 piscationis:
1621 1108 1653 1143 in
1675 1108 1884 1157 Gualkeringi

1139 1169 1267 1192 mansus
1281 1170 1378 1192 unus:
1390 1158 1474 1205 apud
1488 1159 1550 1193 Ase
1569 1158 1653 1193 iuxta
1668 1158 1886 1195 Masenceiuin

1139 1214 1250 1241 terrae:
1266 1207 1348 1253 apud
1370 1207 1455 1241 aliud
1472 1207 1534 1242 Ase
1546 1215 1657 1254 quarta
1672 1220 1744 1254 pars
1766 1209 1885 1244 mansi:

1137 1255 1219 1302 apud
1253 1256 1460 1291 'Nemacbium
1498 1268 1645 1291 mansus:
1680 1257 1763 1304 apud
1803 1257 1886 1293 Ham

1137 1317 1265 1339 mansus
1300 1317 1373 1340 cum
1405 1313 1514 1352 quarta
1547 1314 1634 1352 parte
1671 1306 1823 1342 ecclesiae
1855 1315 1887 1343 et

1137 1354 1319 1389 molendini.
1343 1354 1577 1389 Confirmamus
1601 1354 1694 1389 etiam
1723 1355 1810 1391 vobis
1837 1368 1888 1392 ec-

1137 1403 1264 1438 clesiam
1286 1404 1324 1438 de
1346 1403 1476 1438 Surreio
1498 1416 1570 1438 cum
1585 1403 1688 1439 alodIO
1701 1412 1732 1440 et
1750 1405 1888 1440 munici-

1138 1452 1208 1498 piis,
1222 1464 1334 1487 novem
1352 1453 1501 1499 perticata
1521 1453 1681 1487 vinearum
1700 1454 1802 1489 lasura
1821 1456 1885 1498 (sic)

1137 1501 1336 1547 quadriginta
1358 1510 1387 1536 et
1408 1510 1531 1549 septem
1546 1502 1690 1537 diurnata
1712 1502 1829 1538 hovum
1853 1504 1886 1538 in

1136 1549 1272 1585 Remoni
1307 1550 1400 1595 villa,
1434 1563 1516 1598 quae
1552 1559 1606 1585 tua
1642 1552 1810 1598 prudentia
1845 1552 1885 1588 ab

1136 1599 1270 1634 Arluino
1293 1600 1392 1646 pretio
1423 1600 1598 1647 comparuit
1625 1602 1680 1644 (t).
1720 1601 1887 1648 Quidquid

1138 1656 1296 1694 praeterea
1310 1648 1392 1683 idem
1406 1649 1522 1684 Beatae
1538 1649 1754 1685 Scholasticae
1774 1662 1888 1686 mona-

1137 1697 1266 1732 sterium
1306 1698 1388 1732 iuste
1410 1698 1575 1745 possidet,
1604 1706 1658 1732 aut
1686 1699 1716 1733 in
1744 1699 1886 1734 futurum

1136 1747 1342 1782 concessione
1362 1747 1563 1787 Pontificum,
1589 1747 1774 1783 liberalitate
1796 1748 1887 1796 prin-

1137 1795 1255 1841 cipum,
1288 1797 1334 1831 vel
1369 1796 1526 1831 oblatione
1561 1796 1701 1831 fidelium
1735 1797 1817 1832 iuste
1851 1809 1890 1833 ac

1137 1845 1287 1879 canonice
1324 1846 1436 1891 poterit
1472 1845 1622 1892 adipisci,
1658 1853 1761 1880 ratum
1796 1846 1888 1881 vobis

1139 1893 1356 1940 illibatumque
1367 1895 1483 1928 servari
1497 1895 1668 1929 sancimus.
1678 1894 1890 1930 Decrevimus

1138 1954 1231 1988 erg0,
1259 1950 1293 1976 ut
1326 1943 1402 1977 nulli
1430 1943 1560 1977 omnino
1586 1944 1752 1978 hominum
1792 1944 1888 1979 liceat

1138 1991 1308 2038 supradicti
1321 1991 1464 2026 coenobii
1478 1993 1755 2039 congregationem
1771 2001 1889 2029 temere

1140 2040 1335 2086 perturbare,
1355 2048 1409 2074 aut
1427 2041 1495 2076 eius
1516 2042 1734 2088 possessiones
1755 2042 1890 2087 auferre,

1138 2097 1190 2123 aut
1221 2089 1321 2123 ablata
1349 2090 1503 2130 retinere,
1529 2091 1687 2132 minuere,
1717 2090 1764 2125 vel
1791 2099 1891 2126 teme-

1139 2137 1229 2172 rariis
1265 2138 1484 2173 vexationibus
1511 2138 1656 2185 fatigare;
1695 2140 1750 2175 sed
1783 2140 1890 2175 omnia

1140 2187 1259 2233 integra
1273 2196 1511 2229 conserventur,
1534 2200 1655 2228 earum,
1679 2201 1737 2235 pro
1754 2201 1888 2236 quarum

1139 2235 1388 2270 substentatione
1410 2248 1449 2274 ac
1482 2237 1710 2283 gubernatione
1741 2249 1892 2272 concessa

1140 2293 1224 2324 sunt,
1247 2285 1359 2319 usibus
1381 2285 1572 2320 omnimodis
1608 2286 1784 2333 profutura:
1807 2286 1893 2321 salva

1139 2333 1335 2368 Trevirensis
1350 2334 1511 2369 Ecclesiae
1533 2335 1683 2370 canonica
1705 2335 1890 2370 reverentia.

1141 2381 1289 2417 Obeunte
1311 2390 1352 2424 te,
1375 2395 1460 2418 nunc
1482 2384 1549 2418 eius
1570 2384 1631 2418 loci
1654 2383 1822 2427 abbatissa,
1843 2383 1893 2418 vel

1141 2443 1248 2465 earum
1276 2443 1496 2479 quaecumque
1531 2440 1602 2479 post
1635 2440 1665 2467 te
1691 2432 1722 2467 iu
1749 2432 1893 2467 eiusdem

1143 2529 1219 2563 libet
1258 2529 1471 2578 subreptionis
1508 2530 1623 2565 astutia
1659 2530 1708 2565 vel
1749 2530 1894 2565 violentia

1178 2590 1217 2625 (¹)
1237 2590 1359 2618 Fortasse
1377 2593 1554 2624 comparavit.

1905 229 1953 257 An.
1973 228 2002 257 C.
2018 229 2086 257 1096

1939 1983 2052 2004 Decretum
2060 1984 2096 2003 lm-

1912 2010 2020 2030 munitatis
2027 2015 2039 2029 a
2047 2015 2097 2035 qua·

1912 2042 1924 2058 e
1933 2042 2002 2062 unque
2017 2035 2036 2056 vi
2044 2051 2050 2060 ,
2065 2035 2098 2056 vel

1913 2063 2010 2084 molestia
2017 2069 2023 2086 ;

1940 2431 1967 2452 Et
1992 2427 2096 2451 libertati:

1914 2460 1935 2480 in
1941 2457 2066 2480 abbatissae
2075 2460 2097 2475 ο-

1143 2481 1201 2514 loci
1226 2481 1379 2526 regimine
1405 2482 1627 2522 successerint,
1647 2481 1731 2516 nulla
1749 2481 1790 2515 ibi
1813 2494 1893 2528 qua-
1915 2486 2018 2507 ¹20¹⁵⁰¹¹⁸³
