2180 3205
161 223 212 250 An.
229 224 258 251 C.
280 223 345 251 1102

186 1181 306 1203 Exordium.

171 1668 191 1688 B.
209 1668 341 1690 EusebiiEc-

157 1700 223 1720 clusin
240 1701 277 1721 sub
289 1695 339 1726 p'ro—

158 1732 251 1751 tectione
279 1730 340 1751 Sedis

158 1762 293 1788 apostoncae
303 1767 340 1782 re-

158 1793 241 1819 eil-itur.

170 2107 226 2128 Bona
241 2109 286 2128 eius
298 2114 340 2128 om-

158 2140 192 2158 nia
208 2139 264 2158 firma
283 2144 340 2159 sem-

166 2174 202 2195 per
219 2170 331 2190 declaran-

173 2202 212 2223 ιιιι*Ὺ
229 2203 248 2219 ct
261 2200 326 2221 libera
395 2208 399 2213 -
448 2209 452 2212 ·
667 2209 671 2213 ¹
835 2207 839 2212 ·
1067 2209 1083 2214 ”·

158 2230 183 2250 ab
199 2231 253 2251 omni
275 2237 306 2250 m
328 2242 339 2246 ,
356 2220 546 2254 principum.
580 2208 736 2242 oblatione
759 2207 918 2249 fidelium,
951 2220 1005 2241 seu
1035 2209 1102 2242 alus

221 2261 286 2282 niune.

410 216 479 248 460

671 279 799 314 LXXV.

358 357 397 390 Β.
439 357 566 389 Eusebii
592 357 807 389 canonicorum
849 357 1007 389 Vercellen.
1040 357 1108 389 Ec-

405 407 495 437 clesia
517 406 570 438 sub
590 407 774 449 protectione
801 406 888 439 Sedis
911 407 1108 450 Apostolicae

407 456 560 497 recipitur,
582 456 668 488 cuius
690 456 770 487 bona
791 456 895 488 omnia
917 456 1107 499 confirman-

407 510 456 536 {ur
476 505 530 546 (Ι).

624 576 837 607 ΞΗΜΜΑΒΙΗΜ

354 636 522 667 Exordium.
543 654 583 660 —
604 637 633 667 13.
656 638 773 668 Eusebii
802 638 930 668 Ecclesia
955 638 1010 668 sub
1035 647 1105 677 pro-

395 682 517 711 tectione
549 681 634 712 Sedis
667 683 850 721 Apostolicae
882 684 1033 722 recipitur.
1067 700 1107 705 —

393 724 470 754 Bona
488 726 552 755 eius
573 727 669 756 omnia
685 728 766 756 firma
779 737 896 767 semper
908 728 1105 761 declarantur,

395 774 421 799 et
437 770 528 799 libera
542 770 577 799 ab
594 772 672 800 omni
691 771 850 801 vexatione.
868 788 907 794 --
919 771 1103 801 Anathemati

395 815 610 851 subjiciuntur,
633 815 682 853 qui
702 816 773 844 haec
797 819 902 845 statuta
926 816 1104 844 violaverint.

392 876 432 882 —
453 859 614 889 Innocentii
637 859 690 889 ΡΡ.
710 864 736 889 et
758 858 786 888 S.
806 859 839 889 R.
859 859 889 889 E.
908 860 1103 889 cardinalium

394 904 637 944 subscriptiones.

353 969 500 999 innocentius
521 970 640 1009 episcopus
654 979 732 1000 servus
745 979 861 999 serrorum
877 969 928 1007 Dei,
945 969 1037 999 dilectis
1053 969 1105 999 liliis

393 1013 507 1043 Abraham
533 1014 731 1054 archipresbytero
754 1019 773 1044 cl
797 1015 914 1044 canonicis
935 1015 1031 1044 maioris
1049 1014 1105 1043 Ver-

394 1059 501 1088 cellcnsis
522 1059 647 1096 Ecclesiae,
677 1062 723 1088 tam
745 1059 904 1097 praesentibus
933 1068 1001 1098 quam
1024 1058 1105 1088 suturis

393 1103 503 1133 canonice
524 1102 699 1141 substituendis,
723 1104 746 1132 in
768 1107 914 1142 perpetuum.

401 1169 574 1215 AEquitatis
600 1177 631 1204 et
658 1169 794 1204 iustitiae
817 1169 893 1203 ratio
921 1169 1104 1215 persuadet,

353 1231 410 1253 nos
444 1219 597 1253 Ecclesiis
630 1228 812 1266 perpetuam
842 1231 945 1253 rerum
975 1231 1102 1253 suarum

353 1269 532 1303 firmitatem
565 1275 596 1302 et
631 1269 747 1315 vigoris
781 1268 959 1302 inconcussi
1000 1269 1104 1302 n‘ioni-

353 1326 457 1352 menta
485 1317 645 1358 consen-rm
668 1330 730 1352 non
747 1318 831 1352 enim
851 1317 953 1361 decet,
973 1317 1104 1352 clericos

353 1368 382 1402 in
412 1376 527 1402 sortem
552 1367 679 1402 Domini
712 1374 837 1402 vocatos
861 1368 1016 1413 perversis
1038 1379 1105 1401 ma-

352 1417 456 1452 lorum
484 1417 647 1451 hominum
671 1417 822 1451 molestiis
848 1417 969 1462 agitari,
1000 1425 1029 1450 et
1058 1425 1104 1450 te-

354 1467 495 1501 merariis
509 1466 721 1512 quorumlibet
739 1466 955 1500 vexationibus
968 1465 1103 1512 saligam

354 1516 497 1551 similiter
528 1524 559 1550 et
594 1515 735 1561 praedia,
770 1515 880 1549 usibus
910 1523 1102 1549 secretorum

354 1566 534 1600 coelestium
563 1565 714 1607 dedicata,
743 1565 845 1599 nullas
869 1572 1030 1611 potentum
1054 1576 1104 1598 an-

355 1616 470 1659 garias,
494 1614 571 1648 nihil
594 1615 711 1649 debent
745 1614 1023 1648 extraordinarium
1047 1625 1103 1647 sn-

354 1665 480 1699 stinere.
503 1664 689 1711 Eapropter,
712 1663 815 1698 dilecti
835 1664 865 1697 in
884 1663 1021 1697 Domino
1036 1662 1102 1703 filii,

356 1715 464 1748 vestris
503 1714 594 1748 iustis
634 1712 898 1760 postulationibus
932 1712 1104 1747 clementer

354 1764 534 1802 annuimus,
557 1772 586 1797 ct
600 1762 637 1796 B.
654 1762 780 1797 Eusebii
796 1761 1030 1796 Vercellensein
1048 1762 1104 1796 Ec-

354 1813 439 1847 clisi
434 1825 494 1853 -‚im
518 1813 546 1846 in
570 1824 630 1858 qua
652 1812 757 1846 divino
780 1812 946 1858 mancipati
965 1811 1039 1846 estis
1051 1811 1103 1845 ob-

354 1864 476 1916 sequ-,io
495 1861 554 1896 snb
570 1862 606 1896 B.
630 1861 713 1895 Petri
732 1869 762 1896 et
781 1868 884 1895 nostia
910 1861 1103 1907 protectione

354 1923 556 1966 suscipimus
583 1920 613 1945 ct
647 1912 820 1958 praesentis
842 1911 948 1956 scripti
978 1911 1103 1957 privile-

354 1974 405 2006 ιιο
432 1961 683 2000 communimns3
721 1968 904 1999 statuentes
941 1968 974 1994 ut
1005 1972 1101 2007 qnas-

354 2022 489 2056 cumque
513 2010 736 2054 possessiones,
763 2021 982 2056 quaecumque
1009 2010 1102 2049 hona,

354 2061 462 2094 cadem
486 2059 629 2093 Ecclesia
652 2059 943 2106 impraesentiarum
971 2059 1051 2094 iuste
1072 2068 1102 2094 et

355 2109 505 2143 canonice
534 2108 684 2152 pessidet,
712 2117 763 2142 aut
799 2108 829 2142 in
853 2107 992 2142 futurum
1024 2121 1103 2154 con-

355 2159 495 2192 cessione
522 2158 724 2197 Pontificum,
749 2158 913 2203 largitione
930 2170 1037 2204 regum
1054 2159 1100 2193 vel

355 2257 443 2291 iustis
455 2257 568 2299 modis„
582 2257 649 2291 Deo
665 2256 810 2303 propilio,
829 2256 940 2302 poterit
957 2256 1101 2303 adipisci,

356 2305 442 2339 firma
471 2306 558 2340 robis
581 2307 754 2353 vestrisque
783 2305 1038 2347 successoribus,
1072 2315 1101 2341 et

357 2367 412 2401 per
437 2368 491 2389 ros
513 2356 614 2390 eidem
647 2355 806 2400 Ecclesiae
833 2355 863 2389 in
891 2364 1102 2402 perpetuum,

356 2412 385 2438 et
418 2405 531 2438 illibata
565 2412 783 2451 pei-maneant;
813 2405 850 2437 lu
887 2404 1004 2451 quibus
1026 2405 1102 2439 haec

357 2455 493 2499 propriis
514 2454 663 2487 duximus
684 2453 890 2500 exprimenda
919 2453 1100 2488 vocabulis:

356 2511 474 2536 curtem
503 2502 723 2543 caresianam,
758 2502 934 2543 Viliacum,
963 2511 1100 2538 montem

391 2566 431 2601 (l)
447 2567 483 2593 Ex
501 2567 612 2602 Ugliell„
629 2567 684 2594 Ital.
703 2568 773 2600 sac„
791 2567 834 2595 ubi
845 2567 878 2594 de
894 2567 1103 2594 Vercellcnsibus

355 2606 493 2642 episcopis.

955 225 1142 249 nonenim!
1171 225 1335 248 ROMANUM

1916 228 1966 256 An.
1988 228 2017 256 C.
2032 230 2042 255 ί
2050 229 2098 257 1122

1151 278 1286 313 Galliani
1315 292 1386 313 cum
1415 279 1563 315 omnibus
1590 280 1785 326 appendiciis
1814 282 1899 324 suis,

1152 328 1280 362 Portum
1297 328 1400 369 Servi;
1424 337 1581 374 practerea
1603 330 1746 377 antiquas
1763 339 1794 365 et
1809 332 1900 366 ratio-

1152 377 1271 413 nabiles
1310 378 1557 413 consuetudines
1598 378 1698 425 ipsius
1740 379 1899 415 Ecclesiae

1151 435 1230 461 ratas
1259 439 1384 462 manere
1410 439 1587 462 censemus.
1619 427 1703 461 Nulli
1728 441 1801 474 ergo
1828 441 1900 463 oin-

1151 476 1223 510 nino
1247 475 1410 510 hominum
1434 477 1534 516 liceat,
1570 477 1758 524 praedictam
1784 478 1899 512 Eccle-

1149 525 1225 559 siam
1255 534 1371 560 tcmere
1395 525 1587 572 perturbare,
1615 534 1666 560 aut
1688 526 1760 564 eius,
1778 539 1900 573 posses-

1149 575 1254 609 siones
1285 574 1418 614 auferre,
1441 575 1486 609 vel
1514 574 1632 609 ablatas
1655 576 1809 619 retinere,
1836 577 1899 610 mi-

1149 636 1256 663 nuere,
1283 636 1337 658 sen
1367 624 1581 658 vexationibus
1619 624 1764 665 fatigare:
1805 626 1898 660 salvis

1150 673 1317 720 privilegiis
1344 673 1461 708 scilicet
1482 673 1642 708 Romanae
1668 673 1844 715 Ecclesiae,
1867 683 1898 709 et

1147 723 1286 767 episcopi
1315 723 1526 757 vercellensis
1547 724 1698 757 canonica
1713 723 1894 758 reverentia.

1147 771 1179 805 Si
1208 772 1278 819 quis
1300 780 1408 806 contra
1431 772 1507 807 haec
1531 780 1647 807 temere
1669 772 1775 807 venire
1793 780 1896 808 tenta-
1935 789 2070 812 Anathemau

1148 821 1234 861 verit,
1264 822 1424 867 potestatis
1452 821 1643 876 honorisque
1672 822 1720 855 sui
1743 822 1895 868 dignitate
1908 820 2094 879 qffiffgffiffim
2125 835 2127 838 ’

1146 878 1260 911 careat
1282 878 1312 904 (t
1334 883 1349 904 a
1372 871 1584 905 sacratissimo
1605 870 1747 917 Corpore
1768 880 1798 905 et
1813 871 1895 907 San·
1908 882 2043 904 violaverint
2111 866 2117 871 ’

1146 919 1241 963 {ruine
1264 919 1391 954 Domini
1414 920 1510 954 nostri
1532 919 1604 954 Iesu
1627 919 1744 954 Christi
1773 920 1895 956 alienus

1146 953 1210 1012 liat,
1237 977 1267 1003 et
1290 969 1320 1003 in
1344 976 1483 1004 extremo
1509 969 1627 1004 iudicio
1655 969 1765 1004 ultioni
1788 970 1896 1005 subia-

1146 1018 1486 1061 ceat.Amen,a1nen.

1195 1066 1267 1101 Eoo
1297 1067 1511 1102 [monemus
1537 1068 1709 1104 catholicae
1734 1068 1896 1104 Ecclesiae
1924 1079 2092 1103 innocentum
2131 1071 2149 1090 -’

1146 1116 1324 1163 episcopus.
2131 1116 2133 1120 ’

1195 1165 1262 1211 Ego
1296 1165 1462 1200 Conradus
1495 1165 1680 1201 Sabinensis
1715 1167 1895 1215 episcopus.
1911 1184 1969 1206 eis
1989 1184 2012 1206 ιι
2034 1185 2092 1208 neci.

1194 1214 1263 1261 Ego
1285 1215 1451 1250 Albericus
1478 1215 1633 1251 Ostiensis
1658 1216 1755 1263 episc
1909 1216 2091 1268 suffiffilfssffis

1195 1264 1262 1310 Ego
1280 1264 1434 1299 Martinus
1454 1265 1556 1311 presb.
1576 1265 1661 1300 card.
1681 1265 1714 1300 S.
1732 1265 1895 1313 Stephani.
1995 1253 2007 1274 Ρ

1194 1313 1262 1359 Ego
1285 1313 1389 1348 Guido
1406 1313 1438 1349 S.
1463 1313 1499 1348 R.
1516 1314 1552 1348 E.
1572 1315 1720 1361 indignus
1738 1315 1895 1351 sacerdos.

1194 1362 1262 1409 Ego
1282 1363 1400 1398 Statius
1417 1363 1520 1409 presb.
1536 1363 1620 1398 card.
1636 1365 1681 1398 tit.
1697 1364 1731 1399 S.
1748 1364 1895 1400 Sabinae.

1194 1412 1262 1457 Ego
1281 1412 1387 1447 Guido
1402 1412 1506 1459 presb.
1529 1413 1614 1447 card.
1633 1413 1667 1448 S.
1683 1413 1894 1461 Chrysogoni.

1194 1461 1263 1508 Ego
1290 1461 1458 1496 Rainerius
1490 1462 1595 1508 presb.
1627 1462 1712 1497 card.
1744 1463 1826 1498 tituli
1860 1463 1894 1498 S.

1146 1510 1282 1545 Priscae.

1195 1559 1260 1605 Ego
1285 1560 1398 1594 Petrus
1427 1560 1530 1606 presb.
1557 1560 1642 1596 card.
1670 1561 1715 1596 tit.
1745 1560 1894 1596 Pastoris.

1196 1609 1262 1654 Ego
1277 1609 1375 1643 Goizo
1390 1610 1493 1656 presb.
1511 1610 1594 1644 card.
1613 1610 1657 1644 tit.
1677 1610 1710 1645 S.
1725 1609 1893 1645 Caeciliae.

1193 1658 1260 1704 Ego
1285 1657 1425 1693 Ubaldus
1450 1659 1552 1705 presb.
1580 1659 1665 1694 card.
1694 1660 1739 1693 tit.
1768 1659 1817 1694 Ss.
1842 1659 1896 1694 10-

1144 1709 1234 1742 annis
1257 1717 1287 1742 et
1308 1707 1410 1742 Pauli.

1194 1757 1261 1802 Ego
1283 1757 1421 1791 Thomas
1445 1757 1548 1803 presb.
1564 1757 1648 1792 card.
1669 1757 1714 1791 tit.
1734 1757 1894 1794 Vestinae.

1192 1806 1260 1852 Ego
1287 1806 1362 1841 Otto
1392 1806 1471 1841 diac.
1505 1807 1590 1841 card.
1623 1807 1657 1842 S.
1693 1805 1822 1853 Georgii
1853 1807 1894 1842 ad

1144 1855 1257 1890 Velum
1287 1856 1374 1900 Auri.

1194 1905 1261 1949 Ego
1283 1904 1387 1939 Guido
1405 1904 1487 1939 diac.
1503 1904 1671 1940 cardinalis·
1692 1904 1742 1939 Ss.
1759 1904 1895 1941 Cosmae

1144 1962 1175 1989 et
1202 1954 1356 1988 Damiani.

1192 2003 1261 2050 Ego
1292 2003 1388 2050 Greg.
1420 2002 1500 2037 diac.
1533 2002 1618 2037 card.
1645 2003 1696 2038 Ss.

1143 2052 1271 2087 Bacchi.

1193 2102 1260 2148 Ego
1281 2100 1423 2136 vassallo
1445 2101 1526 2136 diac.
1550 2100 1634 2136 card.
1654 2100 1688 2136 S.
1717 2101 1892 2138 Eustachii.

1193 2151 1259 2197 Ego
1282 2151 1424 2185 Ubaldus
1446 2151 1524 2185 diac.
1548 2150 1633 2184 card.
1662 2150 1692 2184 in
1717 2148 1776 2185 Via
1803 2151 1890 2188 Lata.

1192 2200 1261 2247 Ego
1288 2199 1451 2235 Gerardus
1480 2199 1633 2234 diaconus
1661 2199 1695 2234 S.
1717 2200 1834 2235 Mariae
1860 2201 1892 2236 in

1143 2249 1319 2284 Doniinica.

1192 2299 1261 2346 Ego
1282 2298 1476 2333 Octavianus
1497 2297 1576 2332 diac.
1600 2297 1684 2333 card.
1713 2297 1747 2333 S.
1770 2298 1890 2336 Nicolai

1145 2348 1172 2381 in
1194 2348 1338 2383 Carcere.

1192 2397 1260 2443 Ego
1282 2396 1388 2431 Guido
1414 2395 1448 2430 S.
1471 2395 1509 2430 R.
1532 2395 1569 2430 E.
1592 2395 1672 2431 diac.
1699 2396 1783 2432 card.

1192 2447 1261 2493 Ego
1284 2446 1396 2481 Petrus
1428 2445 1507 2480 diac.
1541 2445 1626 2480 card.
1653 2444 1687 2480 S.
1716 2445 1832 2482 Mariae
1857 2446 1890 2482 in

1144 2495 1280 2530 Porticu.

1194 2545 1261 2590 Ego
1282 2543 1388 2579 Guido
1409 2543 1443 2578 S.
1466 2543 1506 2578 R.
1528 2543 1566 2578 E.
1589 2542 1666 2578 diac.
1689 2543 1774 2578 card.

1182 2593 1307 2629 Datum
1339 2593 1481 2628 Laterani
1515 2604 1571 2640 per
1596 2604 1723 2628 manum
1757 2591 1889 2629 Gerardi

1729 2002 1832 2050 Sergii
1863 2011 1895 2040 et
