2180 3205
28 252 81 279 An.
95 253 123 279 C·
145 253 212 279 wia

48 1950 69 1970 ln
85 1950 151 1970 sartis
174 1956 207 1970 nr-

22 1976 107 1997 dinibus
130 1977 206 1996 consti-

22 2003 60 2024 =n·i
75 2008 159 2023 uxori-m
171 2005 208 2023 aut

21 2035 46 2050 «o
56 2029 206 2050 icubinamnon

21 2055 159 2078 diruit'entcs.
174 2062 206 2076 sa·

21 2088 57 2102 rm
89 2082 206 2103 minist-*riu

34 2111 53 2129 ot
82 2109 194 2129 tit-nuens

21 2136 126 2161 privandi.

43 2319 164 2340 simoniam
173 2325 206 2340 or-

21 2345 86 2366 dinati
121 2346 205 2366 omnino

20 2372 76 2397 dopo
85 2371 147 2392 tendi.

831 242 856 264 S.
880 241 1064 264 Gttsscotttcs
1087 242 1130 264 t'tt
1154 243 1201 264 ΙΨ.

244 301 372 343 deatur)
398 299 585 334 adhibentes
605 310 782 338 assensum,
804 297 842 333 ad
868 297 991 344 propria

242 362 314 385 cuin
342 348 514 395 apostolica
541 348 774 390 benedictione,
801 355 831 381 et
858 346 991 380 fraterna

242 399 412 442 charitate,
451 398 639 432 dimisimus.
675 396 743 431 Hoc
770 395 808 430 ab
844 394 992 434 omnibus

243 448 439 488 inviolatum,
461 455 491 482 et
512 454 663 494 perpetuo
683 446 905 479 inconcussum
927 444 991 479 sore

241 497 414 546 apostolica
436 496 621 531 auctoritate
655 494 867 541 praecipimus
898 501 990 540 atque

241 548 410 582 sancimus.
443 546 513 581 Dat.
541 544 672 587 Romae,
701 556 733 578 vt
769 555 842 578 non.
872 543 989 583 martii,

242 596 415 631 indictione
436 593 663 630 decimatertia.

294 654 355 684 nat.
374 653 421 683 die
444 652 480 682 10
499 651 595 680 martii
614 659 689 679 anno
712 649 826 679 numini
851 650 934 686 1075,

413 691 515 731 pontis.
538 689 671 728 Gregorii
690 699 766 719 anno
786 698 814 718 ii.

571 825 656 860 Xlll.

238 909 417 943 Declaratio
447 907 652 952 suspensionis
678 907 708 938 in
738 907 853 950 synmlo
882 906 988 938 habita

286 965 393 991 contra
423 958 547 990 clericos
581 956 815 989 concubinarios
839 962 865 988 ct
893 955 987 987 simo-

289 1008 392 1040 niacos
415 1009 471 1050 (l).

504 1074 718 1105 scititxntt'it

237 1141 268 1172 ln
295 1142 389 1172 saeris
420 1140 573 1170 ordinibus
605 1140 756 1170 constituti
789 1148 906 1169 uxorem
940 1145 989 1170 aut

276 1181 472 1212 concubinam
495 1190 551 1210 non
575 1180 766 1216 dimittentes,
789 1189 872 1209 sacro
902 1180 988 1209 inini-

277 1221 367 1251 sterio
385 1225 412 1250 et
434 1220 586 1250 benefieiis
606 1220 748 1259 privandi.
763 1237 802 1241 —
821 1219 987 1249 Simoniaee

275 1261 402 1291 ordinati
421 1260 541 1289 omuino
559 1260 735 1298 deponendi.
757 1275 796 1281 —-
818 1259 987 1288 Adliortatio

274 1301 310 1330 ad
338 1300 559 1339 Aquileiensem
589 1299 784 1338 patriarchani
818 1299 852 1328 de
883 1299 987 1328 liuius-

273 1340 352 1369 modi
375 1340 501 1369 decretis
524 1339 690 1368 servandis.

233 1409 377 1445 Gregorius
397 1409 537 1445 episcopus
565 1415 660 1437 servus
683 1415 821 1437 servorum
836 1408 891 1441 Dei,
908 1415 985 1436 vene-

278 1454 361 1482 rabili
392 1454 519 1481 Siohardo
541 1453 626 1481 fratri
652 1453 680 1480 et
699 1454 853 1489 coepiscopo
881 1453 985 1488 Aquile-

277 1499 358 1531 iensi.
375 1498 492 1526 salutem
512 1499 540 1526 et
567 1497 744 1533 apostoticam
764 1497 984 1526 benedictionem.

281 1563 498 1600 Frater-nitatis
540 1572 611 1598 tuae
648 1563 847 1610 prudentiam
890 1563 986 1598 latere

233 1627 294 1650 non
319 1614 423 1654 debet,
459 1625 560 1660 neque
583 1613 626 1647 tni
655 1612 775 1647 ordinis
799 1613 983 1658 dignitatem

231 1664 379 1710 ignorare
409 1670 545 1711 oportet,
579 1673 660 1709 quae
686 1670 813 1705 statuta,
841 1674 985 1709 quaeque

231 1713 358 1748 decreta
393 1712 423 1746 in
462 1720 589 1759 peracto
627 1711 762 1746 concilio
798 1712 985 1758 praeteritae

231 1761 512 1810 quadragesimae,
538 1760 671 1795 consilio
704 1760 897 1795 confratrum
926 1773 985 1795 no-

232 1819 382 1852 strorum,
404 1822 440 1845 ac
461 1810 558 1844 totius
579 1817 754 1844 conventus
780 1822 922 1853 assensu,
938 1822 985 1844 se-

232 1868 366 1907 quentes
391 1867 572 1895 sauctorum
600 1859 729 1892 Patruin
765 1859 982 1894 auctoritatem

231 1909 411 1944 statuimus.
451 1908 658 1943 Decreviiuus
692 1908 799 1948 enim,
835 1908 918 1954 quod
957 1909 981 1942 si

231 1959 303 2006 quis
324 1970 433 1993 eorum
456 1957 616 1998 ordinum,
638 1957 691 2004 qui
714 1957 811 1991 sacris
834 1957 983 1991 altaribus

231 2007 462 2048 administrant,
486 2006 649 2053 presbyter
676 2006 808 2047 scilicet,
831 2006 984 2041 diaeonus

231 2065 261 2091 et
289 2056 504 2091 subdiaconus
531 2067 659 2089 uxorein
689 2055 736 2088 vel
770 2055 981 2090 concubinam

232 2105 336 2145 habet,
364 2105 422 2139 nisi
451 2104 513 2138 illis
539 2104 669 2138 omniuo
692 2103 833 2138 dimissis
855 2104 981 2150 dignam

232 2154 461 2202 poenitentiam
483 2160 587 2199 agant,
610 2153 708 2187 sacris
730 2152 878 2187 altaribus
901 2153 983 2199 peni-

233 2212 284 2238 tus
320 2202 541 2237 administrare
575 2201 753 2245 desistant3
789 2213 846 2236 nec
878 2202 983 2249 aliquo

232 2252 396 2288 Ecclesiae
436 2250 592 2285 beneficio
633 2250 763 2284 ulterius
803 2251 981 2297 potiantur,

232 2301 298 2336 sive
320 2301 427 2348 potitis
448 2300 601 2334 fruantur.
624 2299 686 2341 Qui
713 2311 783 2334 vero
801 2300 982 2341 simoniace,

233 2350 382 2385 videlicet
402 2361 459 2396 per
484 2349 693 2382 interventum
730 2349 881 2394 pecuniae
910 2357 984 2383 sunt

232 2399 379 2447 promoti,
398 2406 431 2433 ut
452 2398 572 2444 absque
589 2397 650 2431 ulla
665 2409 721 2444 spe
739 2398 984 2444 recuperationis

232 2449 445 2496 deponantur,
467 2446 639 2493 apostolica
651 2458 784 2481 censura
803 2447 980 2481 statuimus.

232 2497 400 2532 Monemus
427 2496 532 2542 itaque
554 2503 595 2536 te,
622 2495 824 2529 dilectissime
847 2495 940 2529 frater
954 2504 983 2530 et

232 2546 437 2592 coepiscope,
461 2545 524 2579 imo
557 2543 728 2591 apostolica
757 2543 812 2578 tibi
847 2544 984 2579 auctori-

269 2615 308 2651 (¹)
325 2615 364 2642 Ex
381 2615 494 2643 Archiv.
513 2615 597 2642 Vatic.

1686 234 1731 267 69

1035 304 1094 332 tate
1122 298 1343 346 praecipiendo
1379 299 1587 345 mandamus,
1623 308 1656 334 ut
1689 309 1720 335 tu
1750 301 1779 335 iu

1034 346 1168 381 dioecesi
1193 356 1242 382 tua
1266 348 1458 384 simoniacos
1476 350 1606 384 omnino
1627 349 1780 397 deponas,

1033 404 1062 430 et
1086 395 1326 431 fornicatoribus
1347 398 1484 441 clericis,
1511 399 1570 433 nisi
1598 412 1613 434 a
1637 399 1780 434 fornica—

1033 445 1117 479 tione
1154 445 1362 481 abstinuerint
1402 448 1534 493 praesata
1578 448 1779 492 conditione,

1032 494 1167 529 ossieinin
1191 503 1221 529 ct
1240 495 1425 530 beneficium
1450 497 1577 543 penitus
1599 498 1778 532 interdicas:

1031 551 1061 578 ct
1087 544 1302 590 suffraganeos
1325 552 1395 579 tuos
1417 546 1481 580 sire
1509 546 1606 581 literis
1641 548 1702 582 tuis
1723 560 1778 582 scu

1033 593 1097 627 rira
1127 605 1199 628 rece
1221 593 1258 628 ad
1283 601 1311 628 te
1332 603 1538 632 convocatos,
1568 604 1600 630 ut
1627 596 1710 631 idern
1735 596 1781 630 sa-

1030 643 1134 683 ciant,
1174 655 1296 677 sumina
1332 655 1403 677 cun]
1439 643 1600 689 diligentia
1641 658 1779 680 moneasu

1030 691 1107 726 Data
1130 691 1250 726 Romae
1272 692 1394 727 decimo
1417 692 1564 728 kalendas
1583 694 1699 740 aprilis,
1732 695 1781 729 in·

1031 740 1168 776 dictione
1191 741 1415 776 tertiadecima.
1625 758 1629 761 ·

1085 797 1144 827 Dat.
1164 798 1210 828 die
1229 798 1267 828 ⁶23
1286 799 1383 828 martii
1402 808 1478 828 anno
1501 799 1616 830 Domini
1643 801 1725 837 ¹075,

1280 839 1382 877 pontis.
1402 848 1479 868 anno
1498 848 1528 869 11.

1362 975 1445 1010 XIV.

1031 1047 1075 1081 De
1095 1049 1252 1082 servandis
1274 1049 1306 1081 in
1323 1049 1496 1082 Coloniensi
1509 1050 1638 1083 diaecesi
1653 1050 1779 1084 decretis

1077 1099 1202 1131 romani
1230 1099 1352 1131 concilii
1371 1109 1460 1142 snper
1481 1099 1658 1132 clericorum
1688 1101 1781 1132 casti-

1078 1153 1149 1184 tate,
1178 1154 1204 1180 et
1231 1155 1336 1180 contra
1359 1148 1541 1181 simoniacos
1566 1149 1653 1181 edilis
1675 1151 1729 1192 (1).

1299 1216 1513 1247 ΞΪΜΜᾹΒΙΓΜ

1028 1277 1211 1307 Coloniensis
1233 1278 1381 1308 Ecclesiae
1402 1279 1430 1308 in
1450 1280 1647 1319 Apostolieani
1674 1281 1777 1310 Seduni

1068 1318 1192 1347 devotio.
1229 1335 1268 1340 -
1302 1319 1468 1348 Adtnonitio
1504 1320 1538 1348 ad
1574 1320 1778 1349 Coloniensein

1067 1357 1198 1395 archiep.
1222 1358 1256 1386 de
1276 1358 1429 1387 servandis
1453 1368 1605 1388 sacrorum
1634 1369 1777 1388 canonum

1067 1397 1193 1426 decretis
1212 1406 1302 1435 super
1317 1398 1449 1426 castitate
1468 1398 1654 1427 clericorum.
1675 1416 1711 1421 —-
1730 1401 1780 1429 Se-

1067 1436 1113 1465 dis
1129 1436 1316 1475 Apostolicae
1334 1437 1493 1466 auctoritas
1511 1438 1618 1467 edendi
1638 1449 1709 1468 noxa
1730 1440 1781 1468 de-

1066 1480 1144 1504 creta
1161 1481 1259 1505 contra
1284 1485 1373 1505 noros
1401 1486 1551 1506 excessus.
1581 1494 1620 1499 —-
1646 1478 1719 1514 Quid
1743 1480 1779 1508 sit

1066 1514 1243 1544 obedientia.
1269 1532 1309 1537 —
1330 1515 1427 1545 Virtus
1446 1517 1588 1546 castitatis
1612 1519 1779 1547 necessaria

1066 1554 1277 1584 ecclesiasticis
1297 1555 1448 1593 gradibus.
1464 1573 1502 1578 —
1516 1555 1554 1586 De
1574 1557 1746 1587 simoniacis
1765 1568 1778 1587 a

1066 1594 1157 1623 sacris
1176 1595 1374 1624 removendis

1026 1660 1169 1695 Gregorius
1193 1660 1334 1696 episcopus
1359 1668 1453 1690 servus
1479 1669 1618 1690 servorum
1642 1662 1697 1695 Dei.
1728 1663 1778 1690 An-

1070 1705 1133 1733 noni
1152 1705 1303 1734 Coloniensi
1322 1706 1533 1742 archiepiscopo.
1547 1707 1663 1736 salutem
1676 1709 1703 1736 et
1717 1714 1779 1743 apo-

1070 1750 1195 1778 stolicam
1215 1750 1436 1779 benedictionem.

1075 1812 1224 1854 Constat,
1252 1813 1426 1848 Ecclesiam
1450 1814 1672 1850 Coloniensein
1698 1816 1779 1851 iuter

1025 1871 1163 1897 caeteras
1186 1863 1273 1908 regni
1295 1862 1483 1898 Theutonici
1510 1864 1667 1900 Ecclesias
1697 1865 1780 1900 San—

1025 1919 1092 1946 ctae
1115 1920 1145 1946 et
1168 1912 1370 1958 Apostolicae
1399 1912 1493 1956 Sedi,
1521 1913 1571 1947 cui
1606 1914 1694 1957 (Deo
1723 1927 1781 1949 au-

1025 1964 1129 2004 ctore)
1152 1960 1361 2005 deservimus,
1384 1961 1422 1995 ita
1447 1962 1519 2003 fide,
1542 1971 1572 1997 et
1594 1963 1775 2005 dilectione,

1024 2021 1118 2056 atque
1144 2009 1307 2057 obsequiis
1333 2010 1372 2044 ab
1393 2011 1486 2046 annis
1516 2012 1674 2058 prioribus
1709 2025 1779 2048 esse

1024 2059 1213 2100 devinctam,
1237 2067 1269 2093 ut
1303 2059 1457 2105 singulari
1486 2060 1713 2106 familiaritate,
1748 2071 1778 2096 et

1024 2108 1121 2154 gratia
1143 2108 1304 2143 charitatis
1325 2108 1407 2155 apud
1426 2121 1494 2144 cain
1515 2119 1673 2157 tamquam
1693 2111 1776 2158 apud

1025 2165 1155 2191 matrem
1170 2157 1355 2192 dulcissima
1372 2157 1432 2192 fitia
1449 2158 1651 2206 praepolleat.
1674 2160 1776 2202 Quem

1025 2205 1262 2240 benevolentiae
1284 2206 1454 2242 laudabilis
1481 2220 1596 2252 usum,
1623 2208 1662 2243 ab
1688 2218 1778 2243 ante-

1024 2254 1203 2289 cessoribus
1240 2256 1355 2290 nostris
1386 2256 1424 2290 ad
1457 2268 1514 2291 nos
1546 2269 1644 2304 usque
1673 2257 1778 2293 dedu-

1025 2311 1128 2347 ctum,
1165 2316 1226 2338 non
1249 2304 1350 2338 solum
1383 2305 1561 2346 observare,
1597 2306 1652 2341 sed
1684 2307 1776 2341 etiam

1024 2352 1187 2399 ampliare,
1210 2362 1240 2387 et
1261 2362 1490 2399 augumentare
1518 2366 1572 2401 pro
1594 2367 1699 2390 rerum
1719 2369 1778 2404 op-

1022 2401 1228 2447 portunitate,
1250 2409 1281 2436 et
1302 2410 1479 2449 temporum
1501 2404 1606 2439 modis
1627 2405 1777 2441 omnibus

1024 2462 1093 2484 sum
1123 2458 1258 2496 paratus.
1283 2450 1366 2485 Hinc
1383 2452 1489 2492 etiam,
1512 2453 1697 2488 charissime
1717 2454 1778 2489 sra-

1025 2507 1087 2539 ter,
1115 2500 1154 2533 de
1180 2499 1358 2534 obedientia
1386 2508 1437 2534 tua
1465 2503 1618 2543 securior,
1647 2503 1778 2537 iiducia-

1025 2547 1086 2582 lius
1106 2548 1255 2582 adhortor
1281 2556 1311 2583 et
1333 2561 1459 2593 moneo,

1060 2617 1099 2652 (t)
1117 2617 1154 2644 Ex
1171 2617 1235 2644 edit.
1253 2618 1330 2645 Card.
1352 2618 1470 2646 Carasae.

1481 2559 1576 2597 atque
1598 2562 1778 2587 communis

1803 252 1851 278 An.
1868 251 1896 280 C.
1921 251 1987 279 1075

1825 322 1950 343 Adtwrtattu
1962 323 1987 343 ad

1816 349 1972 374 Aqurtowmaui

1815 376 1945 396 atritiacabm
1965 376 1991 396 de

1819 403 1922 422 uiusinodi
1953 404 1988 421 ‹tu-

1803 431 1866 475 ἓῐϋιιι
1904 435 1988 449 urrian-

1819 461 1842 475 is.

1810 1829 1940 1849 coloniensis
1948 1829 1985 1849 Ec-

1802 1856 1879 1875 etesiae
1897 1862 1916 1875 in
1932 1856 1985 1881 Apo-

1801 1882 1896 1902 stolicain
1908 1882 1985 1903 Seth-m

1801 1908 1893 1929 deicito.

1826 2483 1943 2503 semonnia
1956 2484 1982 2503 ad

1798 2508 1943 2529 Corfiniensem
1951 2516 1984 2529 ar-

1812 2535 1969 2561 ehiepiscopum

1797 2560 1823 2580 de
1832 2562 1941 2582 sei-randis
1949 2568 1982 2583 :a-

1802 2592 1884 2608 rrornm
1916 2595 1977 2609 rann.
