2180 3205
168 259 217 286 An.
233 255 259 282 C.
284 256 351 282 1073

191 1043 310 1065 Exordium,

210 1952 349 1972 Decessornm

163 1980 310 2005 episcoporum
319 1978 348 1997 in-

165 2012 223 2026 tuna
235 2013 254 2025 Ill
265 2010 349 2025 *ju—met·-

166 2033 239 2052 xannlis
278 2031 349 2051 Eccle-

163 2059 209 2079 siae
225 2059 292 2079 bonis.

191 2482 242 2502 Ilius·
268 2483 287 2502 in

185 2516 230 2529 lllttlt
244 2516 245 2519 ¹

425 250 471 284 5ss

669 311 819 347 xxxin.

426 389 586 420 Decretum
603 386 637 418 de
651 396 709 416 non
724 383 898 416 alienandis
917 383 1014 421 bonis,
1034 383 1075 415 ari

410 437 575 470 Ecclesiam
608 434 767 466 Lucensetn
795 433 998 476 spectantibus
1027 434 1089 474 (l).

639 500 855 532 stonloxlttt'n

371 561 538 593 Exordium.
564 576 603 581 —
626 558 820 588 Decessornm
849 558 1056 596 episcoporum
1080 556 1123 585 in-

412 601 492 630 curia
512 601 540 629 in
564 599 772 628 conservandis
790 597 939 626 Ecclesiae
960 596 1053 625 bonis.
1085 613 1125 617 —

411 641 483 670 llinc
514 640 626 669 invecta
656 638 801 667 simoniae
829 637 919 666 labes.
955 653 994 658 -
1022 635 1060 664 Ite
1088 636 1123 664 iis

412 690 468 709 non
487 678 672 714 alienandis,
689 695 729 700 —
746 677 808 706 Nisi
828 677 857 706 in
875 677 982 715 pignus
1002 679 1124 713 cogente

411 719 598 749 necessitate.
632 735 672 740 —
702 717 806 746 Omnia
847 715 1016 754 buiusmodj
1049 715 1123 744 bona

412 759 538 788 Lucensi
568 758 707 797 episcopo
735 757 956 785 confirn‘tantur.
982 771 1022 776 —
1047 755 1125 783 Ana-

413 800 508 828 tliema
527 803 626 827 contra
647 796 878 826 inobservantes.
906 812 945 817 —
962 794 995 824 Et
1013 794 1038 823 si
1057 795 1122 833 cpi-

412 847 520 877 scopus
536 838 582 873 sit,
601 836 773 875 privationis
793 845 915 874 poenam
933 835 1071 864 incurrat.
1086 850 1125 855 —

412 878 568 907 Alexandri
588 877 640 906 I’P.
660 876 851 914 subscriptio.

374 939 504 969 Alexander
525 939 645 977 episcopus
661 947 739 967 sertus
760 945 876 966 semorum
894 935 944 973 Dei,
969 935 1029 965 clero
1048 939 1068 964 et
1085 944 1124 973 pa-

414 984 468 1023 pule
490 988 581 1012 sanctae
600 983 708 1012 Lucensis
738 981 864 1019 Ecclesiae,
889 981 910 1009 in
938 984 1083 1019 perpetuum.

422 1045 575 1088 Quamvis
599 1045 679 1079 circa
713 1056 823 1078 omnes
860 1043 1032 1081 Ecclesias,
1069 1054 1125 1089 per

374 1096 483 1130 orbem
507 1103 657 1129 terrarum
693 1095 785 1139 longe
813 1094 936 1139 lateque
972 1092 1124 1135 diffusas,

376 1157 431 1192 pro
453 1157 561 1178 earum
595 1143 824 1189 gubernatione
847 1142 973 1176 oculum
998 1148 1124 1176 nostrae

375 1192 601 1241 speculationis
625 1192 787 1226 intendere
809 1199 969 1239 oporteat,
997 1189 1125 1236 praeci—

375 1256 437 1290 pue
460 1251 562 1276 tamen
586 1254 659 1287 erga
690 1241 849 1275 Lucanam
877 1240 1054 1275 Ecclesiam
1078 1247 1125 1273 at-

375 1292 550 1327 tentissime
582 1291 710 1337 vigilare
750 1303 806 1325 nos
850 1290 1015 1331 convenit,
1051 1288 1124 1336 quia

375 1343 402 1377 ei
428 1348 555 1388 propter
588 1341 789 1387 episcopatus
818 1339 956 1385 suscepti
985 1338 1125 1373 admini-

374 1391 571 1431 strationem,
599 1398 630 1423 et
665 1402 720 1436 pro
754 1388 940 1423 universalis
967 1386 1124 1434 apostoli-

377 1453 432 1475 cae
466 1438 718 1474 consideratione
760 1437 929 1485 dupliciter
968 1436 1125 1483 quodam-

376 1489 471 1524 modo
495 1487 676 1535 ,providere
712 1487 945 1533 compellimur.
980 1486 1050 1527 Qua
1085 1485 1124 1519 de

376 1550 469 1573 causa
491 1538 568 1572 baec
591 1537 688 1571 nostri
711 1536 826 1579 cordis,
859 1536 925 1570 Deo
948 1535 1123 1581 aspirante,

376 1588 521 1623 voluntas
554 1598 680 1632 semper
708 1586 869 1620 inhaerere
903 1584 1052 1627 debebit,
1093 1591 1124 1617 nt

379 1649 460 1684 quae
483 1637 513 1670 in
536 1648 571 1670 ea
593 1635 640 1669 vet
664 1635 783 1670 incuria
819 1634 866 1668 vel
900 1634 1015 1668 malitia
1044 1645 1125 1679 quo-

376 1685 521 1720 rumdam
544 1685 697 1719 hactenus
719 1684 798 1718 male
826 1682 979 1730 pullulare
1005 1693 1125 1728 eogno-

378 1735 491 1779 vimus,
517 1745 658 1769 resecare
685 1742 715 1768 et
737 1733 906 1768 emendare
928 1731 1124 1771 studeamus3

377 1792 408 1819 et
430 1796 512 1831 quae
537 1783 576 1818 ad
611 1782 763 1818 bonorem
798 1791 828 1817 et
863 1781 996 1816 salutem
1026 1780 1125 1827 ipsius

376 1833 539 1868 Ecclesiae
554 1839 695 1880 spectare
718 1831 894 1876 videantur,
916 1842 1055 1877 congrue
1073 1841 1126 1864 or-

377 1882 487 1918 dinare
521 1890 552 1917 et
590 1881 720 1916 firmiter
759 1888 895 1928 statuere
941 1880 1123 1914 debeamus.

376 1932 461 1968 Ante
482 1938 587 1967 nostra
609 1930 724 1966 etenim
749 1939 890 1977 tempora
911 1940 1126 1977 praecessores

378 1981 488 2021 nostri,
521 1980 575 2028 qui
597 1980 699 2016 eidem
722 1979 883 2014 Ecclesiae
905 1990 1039 2026 praeesse
1070 1977 1124 2011 visi

379 2038 464 2072 sunt,
489 2042 545 2065 seu
577 2036 706 2077 propter
731 2028 904 2064 carnalium
928 2028 1126 2075 propinquo-

379 2092 449 2115 rum
475 2079 619 2120 affectus,
640 2091 695 2114 seu
718 2078 872 2125 pecuniae
893 2089 999 2112 amore
1018 2076 1125 2115 illecti,

380 2129 431 2164 vel
456 2129 549 2164 etiam
581 2127 791 2175 quorumdam
825 2126 1001 2174 potentium
1033 2125 1127 2159 nimia

378 2179 616 2226 importunitate
650 2177 786 2217 devicti,
824 2175 972 2216 castella,
1007 2183 1127 2217 terras,

379 2227 598 2275 possessiones
632 2226 734 2274 ipsius
771 2225 931 2261 Ecclesiae
967 2225 1008 2259 ita
1042 2223 1128 2258 indi-

379 2285 480 2312 screte
500 2276 660 2324 superflua
681 2275 834 2310 effusione
861 2274 964 2321 largiti
986 2281 1072 2317 sunt,
1095 2279 1129 2307 ut

381 2338 440 2361 nec
463 2326 535 2367 sibi,
557 2338 616 2361 nec
648 2325 785 2360 familiae
807 2336 895 2369 suae,
929 2323 976 2358 vel
999 2322 1129 2369 reliquis

381 2375 440 2410 sibi
463 2375 726 2417 ministrantibus,
753 2382 845 2421 prout
867 2372 1073 2420 congruebat,
1097 2371 1127 2405 in

381 2425 519 2471 propriis
540 2423 780 2459 necessitatibus
801 2434 986 2458 succurrere
1008 2420 1130 2468 potuis-

292 2485 349 2528 ‘sss'
382 2481 461 2508 sent.
485 2473 597 2508 Fiebat
617 2473 722 2520 itaque
750 2481 876 2520 propter
902 2483 1006 2507 rerum
1035 2482 1129 2517 penu-

345 2525 348 2528 ’
382 2523 473 2566 riam,
496 2530 530 2556 ut
552 2522 678 2557 ordines
702 2534 826 2561 sacros,
860 2528 891 2556 et
918 2519 1129 2556 ecclesiastica

382 2571 495 2612 officia,
518 2583 599 2618 quae
632 2583 710 2618 pure
731 2580 762 2606 et
783 2570 902 2618 absque
925 2570 985 2605 ulla
1011 2567 1131 2604 venali-

417 2642 458 2678 (1)
477 2642 516 2669 Ex
533 2641 633 2677 Ugltell.
653 2641 702 2671 loc.
720 2641 765 2669 cit.

955 257 1140 279 BULLARIUM
1168 255 1333 279 ROMANUM

1165 318 1237 349 tate,
1260 309 1327 343 solo
1351 308 1429 343 vitae
1457 315 1601 344 aeternae
1623 309 1755 353 intuitu,
1781 309 1913 344 concedi

1164 365 1300 405 oportet,
1324 369 1380 404 pro
1403 358 1555 404 pecuniae
1577 366 1607 392 et
1628 358 1825 393 diversorum
1849 372 1912 393 mu-

1166 419 1276 441 nerum
1299 407 1473 447 exactione,
1498 406 1637 453 profanis
1655 407 1862 454 quibusdam,
1884 416 1916 442 et

1166 455 1303 501 indignis
1331 456 1522 497 tribuerent;
1549 456 1696 503 et,·qu0d
1723 469 1833 492 omnes
1854 469 1916 491 ca-

1167 505 1300 539 tholicos
1322 505 1470 540 detestari
1502 514 1532 539 et
1566 505 1740 540 abominari
1768 514 1915 553 oportet,

1165 554 1203 589 de
1226 564 1325 589 morte
1349 555 1470 590 animae
1496 554 1591 589 vitam
1619 555 1762 601 corporis
1783 564 1914 590 susten-

1166 612 1276 638 tarent.
1308 604 1446 638 Proinde
1472 603 1577 638 divina
1601 603 1803 651 inspiratione
1825 616 1916 639 com-

1166 653 1288 693 moniti,
1312 665 1350 688 ne
1377 653 1416 688 de
1444 661 1568 688 caetero
1595 661 1656 687 tam
1685 665 1778 699 grave
1801 657 1926 699 pecea->

1166 709 1230 736 tum
1258 714 1297 737 ex
1323 703 1490 737 occasione
1526 703 1720 750 paupertatis
1752 710 1914 748 emergat,

1168 752 1322 797 praesenti
1354 751 1482 786 decreto
1515 752 1761 795 constituimus,
1785 760 1816 786 et
1837 763 1916 797 apo-

1165 801 1275 836 stolica
1311 801 1496 836 auctoritate
1530 801 1711 844 firmamus,
1743 808 1775 835 ut
1810 800 1916 835 nullus

1166 850 1317 896 deinceps
1339 851 1535 897 pontificum,
1562 850 1678 897 quibus
1709 850 1776 897 ipsa
1807 858 1914 884 sancta

1166 899 1306 934 Ecclesia
1328 900 1497 934 commissa
1520 900 1631 943 suerit,
1653 899 1797 939 castella,
1824 911 1915 933 man·

1166 961 1228 988 sos,
1253 957 1360 990 terras,
1384 949 1611 997 possessiones,
1634 960 1713 995 quas
1735 960 1798 982 non
1820 948 1916 982 modo

1165 998 1204 1032 ad
1228 1011 1340 1033 manus
1363 1008 1484 1033 nostras
1499 998 1665 1043 babemus,
1688 997 1734 1032 vel
1750 1009 1829 1044 quas
1849 997 1915 1043 ipsa

1166 1047 1307 1096 Ecclesia
1330 1048 1360 1082 in
1383 1056 1486 1089 antea,
1510 1048 1575 1082 Deo
1593 1046 1758 1093 largiente,
1781 1059 1858 1094 pure
1884 1055 1916 1080 et

1165 1097 1284 1145 absque
1321 1097 1571 1132 contradictione
1607 1096 1797 1142 acquisitura
1843 1103 1918 1139 est,

1166 1155 1288 1193 praeter
1311 1146 1373 1187 illa,
1407 1159 1488 1193 quae
1515 1146 1545 1180 in
1581 1145 1766 1180 beneficium
1797 1145 1916 1179 bucus-

1165 1208 1227 1242 que
1254 1196 1319 1230 dari
1355 1203 1612 1238 consueverunt,
1647 1194 1754 1240 aliquo
1788 1194 1916 1240 ingenio

1165 1245 1300 1281 alienare
1328 1245 1374 1279 vel
1399 1245 1531 1284 auferre,
1559 1256 1615 1279 seu
1638 1243 1731 1278 alicui
1759 1243 1833 1277 dare
1848 1255 1918 1277 mo-

1166 1293 1280 1339 liatur,
1308 1294 1366 1329 nisi
1405 1295 1589 1329 necessitate
1616 1301 1770 1338 cogente,
1804 1292 1836 1326 in
1860 1292 1915 1339 pi—

1165 1356 1246 1388 gnus
1275 1356 1310 1379 ea
1338 1344 1406 1378 sine
1444 1343 1526 1378 malo
1565 1343 1692 1388 ingenio
1729 1341 1766 1376 ad
1792 1350 1917 1387 tempus

1166 1393 1346 1433 tradiderit,
1373 1405 1407 1427 ea
1426 1393 1568 1435 ratione,
1603 1399 1636 1426 ut
1669 1399 1740 1426 ante
1762 1398 1915 1425 statutum

1166 1449 1291 1489 tempus
1330 1454 1382 1476 eas
1418 1442 1592 1488 persolvat,
1630 1448 1661 1476 et
1695 1440 1833 1487 recipiat.
1870 1439 1916 1474 Ita

1165 1503 1240 1525 sane
1279 1503 1405 1526 omnem
1445 1490 1690 1533 alienationem,
1736 1497 1767 1524 et
1801 1501 1918 1535 quam-

1166 1553 1302 1587 cumque
1335 1540 1493 1574 dationem
1523 1540 1649 1586 penitus
1682 1537 1915 1577 interdicimus,

1167 1598 1199 1624 ut
1226 1602 1318 1625 nemo
1341 1590 1370 1623 iu
1394 1599 1555 1636 posterum
1579 1595 1774 1635 praesumat,
1798 1586 1916 1634 praedi·

1166 1647 1231 1674 ctas
1266 1652 1313 1674 res
1356 1638 1517 1673 Ecclesiae
1556 1639 1602 1672 vel
1642 1649 1698 1684 per
1725 1636 1912 1671 beneficium

1166 1688 1258 1728 dare,
1295 1696 1347 1723 aut
1375 1700 1430 1733 per
1458 1687 1600 1722 libellum
1632 1685 1830 1729 concedere,
1863 1693 1917 1719 aut.

1165 1739 1277 1784 quovis
1310 1738 1404 1772 modo
1440 1737 1532 1771 alicui
1566 1747 1717 1783 personae
1753 1734 1913 1773 tribuere,

1167 1787 1227 1821 nisi
1260 1795 1380 1822 tantum
1412 1785 1558 1832 agricolis
1579 1793 1610 1820 et
1632 1784 1859 1824 laborantibus,
1886 1790 1917 1817 et

1167 1837 1226 1883 ipsi
1254 1836 1404 1883 episcopo
1428 1835 1474 1870 vel
1497 1835 1565 1870 eius
1587 1835 1683 1868 misso
1697 1842 1751 1868 aut
1773 1833 1918 1867 ministe-

1168 1885 1233 1920 riali
1274 1886 1425 1920 rationem
1471 1883 1700 1923 reddentibus,
1739 1881 1796 1917 sed
1829 1881 1917 1916 omni

1167 1943 1309 1981 tempore
1337 1934 1470 1968 intactae
1492 1941 1522 1968 et
1541 1933 1666 1967 illaesae
1687 1932 1860 1966 subsistant
1877 1929 1917 1964 ad

1169 1984 1333 2018 utilitatem
1343 1982 1496 2030 episcopi,
1512 1990 1544 2017 et
1556 1994 1631 2017 suae
1647 1981 1864 2015 necessitatem
1876 1979 1931 2013 fa?

1167 2033 1270 2068 miliae
1288 2031 1559 2067 substentaudam.
1588 2030 1635 2065 Ne
1649 2041 1722 2065 vero
1737 2029 1768 2063 in
1783 2028 1917 2063 dubium

1168 2083 1273 2117 venire
1299 2082 1398 2129 possit
1419 2093 1435 2115 a
1458 2093 1591 2127 quarum
1616 2091 1722 2114 rerum
1750 2077 1918 2113 traditione

1168 2144 1226 2166 nos
1259 2140 1446 2177 nostrosque
1485 2140 1685 2164 successores
1717 2139 1774 2175 per
1811 2126 1918 2162 omnia

1169 2181 1313 2216 volumus
1327 2180 1495 2219 abstinere,
1524 2178 1695 2225 praesentis
1722 2176 1838 2212 decreti
1863 2187 1919 2222 pa-

1168 2231 1242 2277 gina
1263 2229 1447 2265 nominatim
1471 2228 1540 2263 illas
1567 2228 1716 2268 inserere,
1730 2234 1762 2261 et
1774 2224 1917 2260 adnotari

1171 2279 1399 2327 praecipimus3
1422 2290 1461 2313 ne
1484 2278 1531 2313 vel
1554 2277 1639 2325 ipsos
1665 2276 1845 2323 episcopos,
1873 2273 1917 2308 vel

1171 2341 1319 2376 procaces
1345 2336 1376 2363 et
1410 2328 1608 2374 importunos
1641 2325 1790 2372 petitores
1822 2323 1918 2357 latere

1171 2379 1269 2425 possit
1304 2378 1442 2424 ipsarum
1475 2388 1580 2411 rerum
1608 2374 1728 2409 notitia.
1761 2374 1824 2407 Hic
1849 2385 1920 2405 enu-

1169 2435 1288 2461 merata
1310 2429 1389 2461 bona
1413 2427 1551 2460 consulto
1578 2425 1807 2468 relinquuntur.
1830 2421 1919 2455 Haec

1172 2478 1276 2523 itaque
1310 2476 1432 2518 omnia,
1477 2486 1557 2521 quae
1598 2471 1754 2520 praesenti
1789 2470 1917 2505 decreto

1171 2525 1478 2565 connumeravimus,
1508 2531 1539 2558 et
1559 2522 1586 2557 si
1607 2533 1688 2568 quae
1715 2520 1775 2554 alia
1798 2519 1919 2554 noviter

1172 2574 1376 2622 acquirenda,
1399 2585 1479 2620 quae
1503 2572 1587 2607 Deus
1609 2571 1640 2605 in
1663 2582 1775 2604 manus
1796 2577 1918 2603 nostras

1174 2624 1220 2660 vel
1241 2631 1419 2660 nostrorum
1453 2632 1683 2657 successorum,
1713 2619 1794 2654 sicut
1815 2630 1920 2665 supe-

1942 258 1992 285 An.
2008 258 2036 286 C.
2059 259 2127 286 ¹073

1973 1072 2003 1093 De
2033 1073 2058 1093 iis
2086 1078 2126 1092 nun

1942 1099 2068 1121 alienandis.

1968 1305 2012 1326 Msi
2023 1305 2043 1326 in
2053 1322 2057 1331 ,
2068 1306 2074 1326 i
2084 1311 2127 1327 <nus

1942 1335 2031 1362 cogente
2054 1338 2127 1353 neees-

1942 1362 2012 1380 S‘l-‘tltk

1967 2457 2042 2478 onnia
2065 2456 2126 2477 huiu-

1942 2490 1957 2504 si
1960 2492 1991 2503 ιιιιι
1995 2485 2008 2504 n
2019 2484 2073 2504 bona
2085 2483 2125 2503 Lu-

2025 2510 2125 2536 episcopo

1942 2537 2097 2557 confirmantur.

1941 2511 1998 2530 censi
