2180 3205
158 262 206 287 An.
228 260 255 288 C.
276 260 341 287 1119

197 672 255 692 nona
269 671 342 691 omnta

156 697 292 718 Cluniacrnsi
299 703 342 718 nto-

157 725 253 744 nastetio
262 724 342 745 confir-

157 754 245 771 mantur
254 765 261 775 ,
303 756 343 771 nee

157 783 201 798 non
215 782 291 798 „mnes
305 778 342 798 ab·

157 809 234 825 nullae-

336 1904 341 1905 γ
362 1886 416 1908 cae
428 1874 655 1920 permansuris,
671 1873 861 1908 ordinandas
876 1874 1114 1908 committimus.

416 238 488 272 ⁶292
967 243 1153 267 eruanimi
1183 241 1345 265 noussen

364 302 577 351 amplificavit.
604 300 698 336 Unde
733 312 790 335 nos
813 299 844 334 in
869 298 929 339 lus,
957 310 1036 346 quae
1065 310 1120 345 pro
1165 297 1193 330 iu
1229 296 1411 342 episcopatu
1440 294 1720 341 Augustodunensi
1756 293 1916 329 abbatiam

364 359 587 396 Cluuiacensis
616 358 799 393 monasterii
828 357 928 392 salute
962 365 992 391 et
1013 369 1033 404 q
1163 355 1426 389 Vizeliaceusetn:
1451 354 1482 388 in
1504 354 1627 388 civitate
1641 352 1915 393 Autissiodorensi

368 418 520 466 postulaS,
536 417 779 452 dulcedinituae
792 415 1118 460 abnuere,indigmtm
1161 413 1316 447 abbatiam
1344 412 1377 446 S.
1403 412 1571 446 Germani:
1595 412 1625 446 in
1653 413 1837 458 episcopatu
1857 410 1917 446 Ca-

366 477 530 511 duximus:
559 477 624 522 ipsa
646 476 739 510 etiam
767 474 910 510 eiusdem
941 474 998 508 loci
1031 486 1120 508 vene·
1161 471 1337 505 meraceusi
1359 470 1515 504 abbatiam
1537 469 1717 504 Unicurtis:
1742 469 1772 503 in
1794 469 1916 504 Rotlto-

364 534 462 570 randa
485 534 605 580 religio,
624 533 965 582 §praedecessorum
994 542 1118 567 tuorum
1162 529 1301 575 magensi
1320 528 1488 572 abbatiam,
1515 539 1594 574 quae
1617 527 1732 562 dieitur
1753 527 1912 562 Pontesia:

366 594 424 628 vita
459 593 659 634 venerabilis,
691 604 748 627 nos
775 591 812 626 ad
847 591 925 626 haee
955 590 1118 625 efficienda
1161 587 1192 621 in
1220 587 1434 622 Tarvannensi
1453 586 1626 628 ,abbatiam
1661 585 1694 620 S.
1732 585 1852 620 Bertini
1882 593 1914 620 et

365 650 571 698 compellunt.
613 651 674 685 Pro
712 659 762 685 tua
796 650 891 696 igitur
923 658 954 684 et
988 649 1116 684 fratrum
1160 645 1195 679 S.
1219 644 1369 679 Wlmari:
1398 646 1429 679 in
1457 645 1544 679 ltalia
1565 644 1722 679 abbatiam
1749 644 1783 678 S.
1807 644 1913 679 Bene-

365 719 490 744 tuorum
514 709 676 756 petitione,
699 710 856 753 universa,
885 721 964 756 quae
993 708 1119 755 praede·
1160 703 1233 738 dicti
1257 716 1348 750 supra
1379 703 1510 738 Padum.
1538 703 1583 738 Ea
1608 715 1692 744 vem,
1727 715 1807 750 quae
1828 710 1913 737 tem-

363 781 472 803 cessor
498 776 571 803 tuus
590 768 690 803 felicis
714 768 885 803 memoriae
906 767 1001 813 Hugo
1019 766 1118 801 abbas
1161 762 1291 808 poribus
1327 762 1442 796 nostris
1470 773 1524 808 pet·
1555 769 1688 796 vestram
1712 761 1759 796 vel
1783 761 1913 796 fratrum

365 828 395 862 in
421 827 470 862 die
492 827 599 862 obitus
633 826 681 861 sui
709 826 747 861 ita
775 826 882 872 quiete
904 834 996 871 atque
1030 824 1118 871 paci·
1159 829 1332 855 vestrorum
1350 820 1584 855 solicitudinem
1599 819 1738 866 legitime
1759 820 1913 868 acquisita

365 886 422 920 fiee
446 869 637 933 possideba‘n
674 892 706 918 ut
732 883 855 918 nullum
888 883 959 917 inde
986 882 1117 918 canoni·
1159 886 1244 922 sunt,
1279 880 1381 926 quieta
1407 879 1493 914 vobis
1516 879 1689 926 vestrisque
1715 879 1910 915 suceessoft-

362 957 434 979 cum
459 943 612 978 iudicium
636 950 807 985 recusaret,
835 941 902 982 tibi,
930 948 960 975 et
982 940 1116 974 Clunia·
1160 936 1233 977 bus,
1274 945 1305 971 et
1337 937 1452 972 illibata
1490 945 1704 984 permaneant·
1744 937 1912 977 Praeterea

363 1002 448 1037 censi
464 1001 657 1036 monasterio
673 1000 880 1047 imposterum
899 999 1004 1045 quiete
1022 1006 1117 1045 atque
1159 1006 1254 1041 super
1276 994 1364 1028 illum
1387 994 1585 1039 dalmaticae,
1611 995 1676 1030 sive
1696 996 1912 1033 sandaliorum

364 1060 491 1106 pacifice
514 1058 658 1094 habenda
681 1066 711 1092 et
732 1056 922 1105 possidenda
940 1056 1115 1091 statuimus.
1161 1065 1268 1093 usum,
1296 1065 1389 1099 quem
1418 1066 1570 1100 personae
1592 1062 1663 1089 tuae
1688 1055 1914 1101 praedecessor

361 1117 449 1152 Illam
477 1118 571 1153 etiam
593 1129 610 1152 a
634 1116 723 1152 vobis
758 1115 947 1150 calumniam
976 1116 1117 1162 Aposto-
1159 1119 1265 1145 noster
1291 1120 1416 1146 sanetae
1443 1113 1614 1147 memoriae
1640 1113 1804 1148 paschalis
1827 1113 1911 1161 Papa

362 1176 441 1211 {icae
474 1176 568 1211 Sedis
594 1175 770 1223 patrocinio
806 1185 1023 1218 removemus,
1055 1186 1115 1221 qua
1160 1177 1263 1204 nostra
1287 1169 1486 1216 potissimum
1515 1170 1740 1206 intercessione
1776 1184 1913 1207 eonces-

363 1235 503 1281 episcopi
527 1246 583 1281 pro
605 1233 840 1277 controversiis,
863 1245 944 1280 quae
966 1233 1047 1266 inter
1064 1244 1118 1267 ros

362 1302 393 1328 et
419 1294 505 1340 ipsos
532 1291 712 1339 [requenter
729 1298 905 1336 emergunt,
929 1291 1116 1325 innocentes

364 1351 510 1386 homines
533 1350 749 1397 parochiarum
769 1358 960 1388 vestrarum,
983 1358 1012 1382 et
1029 1348 1117 1382 alter—

1158 1228 1210 1272 sit,
1245 1227 1304 1263 hoe
1338 1228 1393 1263 tibi
1417 1229 1616 1276 singulariter
1637 1230 1802 1277 amplioris
1828 1231 1912 1266 dile-

1159 1286 1273 1321 ctionis
1295 1287 1460 1334 speculum
1481 1288 1694 1335 indulgemus,
1713 1297 1746 1323 ut
1762 1290 1910 1336 quotiens

1159 1345 1270 1380 missas
1293 1347 1462 1384 solemnes,
1491 1348 1537 1381 vel
1566 1348 1594 1381 iu
1624 1347 1740 1394 populo
1766 1348 1908 1383 celebra-

364 1411 522 1445 cationnm
545 1418 699 1456 expertes,
733 1409 905 1444 interdictis
932 1409 998 1443 suis
1020 1407 1117 1442 velte-
1160 1405 1250 1447 veris,
1284 1417 1342 1439 usu
1365 1405 1548 1439 eorumdem
1574 1405 1747 1451 insignium
1771 1407 1909 1453 potiaris.

365 1477 488 1504 menter
520 1468 674 1514 affligunt.
701 1467 785 1502 Sane
807 1474 837 1501 et
862 1466 1012 1510 abbatias,
1040 1478 1116 1512 quas

365 1526 626 1574 praedecessores
660 1525 758 1559 nostri
789 1523 990 1570 Apostolicae
1024 1523 1117 1558 Sedis
1158 1520 1299 1554 tuitionis
1327 1533 1343 1555 a
1367 1522 1665 1568 praedecessoribus
1692 1525 1808 1559 nostris
1829 1537 1908 1559 con-

362 1585 534 1619 Pontifices
568 1582 865 1630 praedecessoribus
900 1583 962 1616 tuis
995 1582 1117 1616 delibo·
1158 1590 1281 1612 cessum
1305 1587 1363 1622 est,
1391 1592 1448 1614 nos
1464 1592 1591 1627 quoque
1614 1581 1704 1616 vobis
1730 1583 1905 1630 vestrisque

363 1643 482 1677 ratione
510 1633 636 1689 provida
666 1653 720 1687 per
750 1652 804 1674 sua
840 1640 1000 1687 prixilegia
1034 1652 1118 1674 com·
1158 1637 1394 1672 successoribus
1431 1639 1602 1684 praesentis
1638 1639 1755 1674 decreti
1791 1643 1904 1687 pagina

1160 1695 1354 1729 roboramus.
1382 1695 1414 1730 Si
1440 1697 1510 1743 quis
1534 1698 1639 1743 igitur,
1667 1697 1785 1732 decreti
1817 1699 1910 1734 huius

1157 1462 1207 1496 Ad
1236 1463 1330 1507 hacc,
1369 1463 1521 1511 quicquid
1550 1463 1716 1504 libertatis,
1755 1465 1907 1513 quiequid

363 1700 527 1739 miserunt,
556 1711 613 1733 nos
627 1710 753 1745 quoque
775 1698 950 1732 strenuitati
975 1707 1062 1737 tuae,
1081 1710 1116 1730 ace
1135 1693 1138 1722 l

361 1757 598 1792 successoribus
638 1757 699 1790 tuis
738 1757 767 1789 iu
807 1757 918 1790 eadem
954 1757 1116 1801 religioni>
1160 1762 1266 1787 tenore
1289 1754 1426 1799 cognito,
1450 1763 1578 1795 temere,
1597 1756 1680 1803 quod
1703 1756 1796 1798 absit,
1813 1749 1909 1792 'con-

363 1816 572 1860 observantia,
600 1824 629 1850 et
657 1816 825 1850 dilectione
847 1815 939 1849 Sedis
954 1815 1117 1861 Apostoli-
1159 1812 1251 1846 traire
1274 1814 1448 1853 tentaverit,
1471 1816 1662 1861 apostolicae
1684 1815 1910 1861 indignationis

1160 1866 1277 1900 ultione
1315 1866 1486 1912 plectatur,
1525 1869 1582 1902 nisi
1620 1870 1906 1916 praesumptionem

1158 1932 1245 1953 suam
1270 1920 1362 1965 digna
1385 1920 1597 1956 satisfac-tione
1616 1924 1796 1957 correxerit.

1209 1973 1281 2008 Eoo
1302 1973 1465 2008 GELaStUS
1486 1974 1647 2010 Ecclesiae
1659 1976 1832 2012 catholicae
1845 1976 1910 2024 epi-

1158 2040 1274 2075 scopus
1301 2040 1342 2063 ss.

1343 2087 1477 2132 St'ynum
1503 2100 1721 2135 mnnttsstneae.

1287 2156 1369 2179 nens
1395 2157 1428 2179 tn
1453 2157 1534 2180 LOCO
1556 2158 1678 2181 saxcro
1703 2158 1775 2181 suo.

1206 2200 1320 2236 Datum
1339 2203 1484 2237 Aviuioni
1502 2215 1556 2250 per
1570 2216 1695 2238 manum
1710 2204 1908 2251 Chrysogoni

1157 2255 1190 2289 S.
1218 2255 1252 2289 R.
1277 2255 1312 2289 E.
1337 2256 1458 2290 diaconi
1486 2259 1605 2292 cardin.
1642 2271 1710 2293 xvii
1742 2257 1801 2292 kal.
1832 2260 1907 2298 iau„

1134 2339 1138 2505 Ι
1159 2309 1265 2343 indict.
1285 2322 1341 2349 xit,
1357 2309 1533 2346 dominicae
1548 2312 1680 2353 incarn„
1699 2324 1781 2347 anno
1793 2324 1907 2354 mcxix,

1159 2363 1356 2407 pontificatus
1378 2372 1482 2398 autem
1504 2364 1612 2399 domni
1634 2364 1750 2400 Gelasii
1774 2365 1906 2400 secundi

1159 2416 1261 2462 l'apae
1288 2429 1370 2451 auno
1392 2429 1414 2452 1.

1157 2481 1216 2511 Dat.
1235 2482 1281 2511 die
1304 2482 1338 2512 1ss
1355 2483 1520 2513 decembris
1533 2493 1608 2513 anno
1624 2483 1738 2514 Domini
1758 2484 1834 2514 1119
1849 2485 1905 2522 (1),

1414 2528 1515 2566 pontif.
1533 2538 1608 2557 anuo
1627 2537 1645 2558 t.
1784 2526 1801 2540 '

1191 2578 1230 2612 (1)
1246 2579 1333 2611 Anno,
1351 2583 1380 2606 ut
1398 2588 1487 2614 supra,
1504 2581 1578 2610 1118,
1590 2581 1783 2617 qui‚computo
1800 2582 1905 2614 Pisano,

1157 2618 1298 2654 respondet
1313 2627 1382 2647 auno
1399 2621 1475 2646 1¹19.
1493 2620 1531 2655 (n.
1548 2619 1589 2656 r.)

363 1940 398 1966 ut
425 1944 481 1979 per
503 1932 689 1966 iudustriam
714 1942 845 1966 vestram
875 1928 1036 1978 religionis
1054 1942 1116 1965 sta-

365 1999 416 2025 tus
439 1991 468 2024 iu
492 1991 550 2029 eis,
577 1991 746 2025 auxiliante
770 1991 917 2033 Domino,
946 2003 1115 2025 conserte-

363 2056 426 2083 tur:
453 2048 613 2088 videlicet,
638 2049 666 2082 in
690 2049 874 2095 episcopatu
898 2049 1113 2083 LemovicenSt

361 2106 517 2141 abbatiam
545 2106 578 2142 S.
614 2106 782 2141 Martialis:
818 2107 848 2140 iu
881 2107 1113 2152 Engolismeusi

361 2164 517 2199 abbatiam
535 2163 569 2198 S.
592 2164 750 2211 Eparcbi:
774 2165 804 2198 in
833 2165 1041 2200 Sanctonensi
1059 2166 1116 2200 al)-

363 2222 477 2257 hatiam
505 2222 539 2256 S.
562 2221 688 2256 Ioannis
710 2222 749 2256 de
771 2223 964 2269 Angeriacoz
988 2224 1018 2258 in
1043 2224 1115 2258 civi-

362 2288 424 2315 tate
462 2281 639 2315 pictavensi
676 2280 854 2324 abbatiam,
885 2294 966 2328 quae
1002 2275 1116 2317 dicitur

362 2334 588 2369 Monasterium
617 2334 756 2369 Novum:
786 2335 815 2369 in
843 2337 1025 2383 episcopatu
1052 2337 1116 2371 Tu-

365 2389 472 2422 losano
499 2388 654 2423 abbatiam
683 2389 904 2423 Lesateusrm:
940 2391 968 2424 in
1000 2389 1115 2425 Catur-

363 2442 449 2476 censi
477 2441 633 2476 abbatiam
663 2443 923 2490 Moysiacensem‚
951 2452 982 2477 et
1008 2443 1116 2488 Figia-

363 2507 506 2529 censem:
530 2496 560 2529 in
585 2495 789 2531 Nemausensi
813 2497 971 2531 abbatiam
994 2497 1028 2532 S.
1046 2498 1116 2544 Egi-

364 2548 422 2582 dii:
451 2548 481 2581 in
511 2560 590 2594 pago
619 2549 821 2589 arvernensi,
844 2551 998 2584 abbatiam
1026 2551 1115 2585 Mau—

365 2601 556 2648 diacemem,
578 2602 794 2653 “l‘iernensem
824 2612 855 2639 et
881 2604 1113 2640 Menateusem:

1937 247 1986 276 An.
2006 248 2034 278 G.
2052 249 2118 278 1119

1960 962 2043 982 Dalmat
2052 967 2091 982 eae
2100 965 2124 984 et
2137 977 2145 987 ι
2155 966 2159 969 ’

1957 990 2108 1010 sanni-torum

1938 1021 1990 1036 usus
2009 1019 2123 1041 praeterea

1937 1043 2068 1063 conceditur
2082 1042 2123 1063 ab·

1937 1069 1990 1090 batt.

1937 1479 2020 1499 Omnes
2035 1478 2124 1500 tinem-

1939 1509 1971 1526 tes
1984 1506 2081 1532 denique
2091 1505 2123 1527 ιΙΙί

1937 1537 2029 1558 eiusque
2037 1538 2124 1553 succes·

1937 1559 2028 1579 soi-ihus
2040 1559 2124 1581 contir-

1937 1588 2034 1606 mantur.

1977 1726 2123 1748 observantia
2144 1751 2148 1754 ,

1937 1754 2019 1775 decreti
2032 1754 2107 1775 huius.

1951 1980 2042 2013 >ceusu
2057 1991 2096 2012 pp,

1935 2018 2077 2047 subscriptio.
