2180 3205
153 248 200 275 An.
218 249 245 275 C.
271 249 336 276 1118

176 1791 289 1811 Restitutio
305 1791 333 1811 Er

158 1818 237 1838 clasiae
261 1817 343 1837 naver-

412 222 482 254 -86

356 285 434 320 Sodi
455 283 656 332 Apostolicae
679 281 913 329 persecutiones
934 280 1051 327 intulit,
1077 289 1107 317 ct

356 335 507 368 Ecclesiis
539 333 648 379 multis
682 332 818 378 pe1·v·e1si
855 330 1033 366 schismatis
1058 331 1106 366 so-

356 384 463 417 mitem
491 373 689 416 ministravit.
718 381 789 422 Qua
816 389 944 428 propter
974 380 1013 415 ad
1040 381 1106 416 eius

357 432 528 478 nequitiam
551 430 811 477 deprimendam,
842 430 1055 465 subiectarum
1077 430 1104 465 ei

356 480 569 515 Ecclesiarum
591 479 743 527 quasdam
770 479 830 514 sibi
854 479 1034 526 Apostolica
1052 479 1107 515 Se-

357 530 413 564 des
440 529 622 576 assumpsit,
637 537 672 563 ut
694 528 741 563 vel
768 529 813 563 sic
835 540 903 563 eam
930 529 967 563 ad
995 528 1106 563 hnmi—

358 579 453 613 litatis
474 587 505 613 et
527 577 656 612 unitatis
675 577 830 612 tramitem
851 585 1021 612 revocaret.
1042 577 1105 612 Sed

357 640 429 662 cum
456 627 582 662 tandem
610 627 741 662 Divinae
771 627 925 661 Maiestati
954 627 1105 674 placitum

357 677 436 718 fuit,
472 677 615 712 eamdem
654 675 885 711 Ravennatium
919 676 1106 718 Ecclesiam,

359 726 593 761 misericordiae
619 738 694 760 suae
709 726 816 772 gratia,
839 725 876 760 ad
900 725 1051 760 unitatem
1078 733 1108 760 et

358 776 570 810 obedientiam
595 775 702 810 matris
724 787 798 810 suae
819 775 980 809 Romanae
1001 774 1108 809 Eccle-

358 826 422 859 siae
444 825 609 860 revocavit.
633 824 835 871 Iniquitatem
862 836 997 870 namque
1018 835 1106 858 suam

359 874 444 909 illius
471 874 524 908 tilii
547 881 820 920 recognoscentes,
843 873 956 908 delicta
983 881 1107 920 patrum

361 925 519 969 corrigere
542 923 769 970 probaverunt:
796 930 829 957 ut
856 923 908 969 qui
933 922 1108 969 praeteritis

360 973 556 1020 temporibus
578 984 633 1019 per
654 971 851 1020 tyrannidem
880 972 998 1017 regiam
1025 983 1107 1017 prae·

359 1022 467 1062 sules,
506 1021 632 1068 regibus
670 1022 850 1068 placenteS,
891 1020 1106 1067 accipiebant:

359 1084 444 1106 nunc
457 1072 585 1106 demum
599 1070 774 1105 secundum
790 1070 958 1105 canonicas
976 1070 1109 1104 sanctio-

360 1134 416 1155 nes
442 1122 626 1168 episcopum
640 1120 708 1154 Deo
731 1120 919 1166 placentem,
941 1119 1108 1164 eligereat3

360 1179 391 1204 et
418 1170 585 1204 schismate
608 1169 764 1209 abdicato,
792 1168 822 1203 in
845 1168 1014 1203 catholicae
1032 1180 1109 1202 eon-

360 1219 553 1265 gregationis
581 1219 733 1264 gremium
761 1217 957 1265 repedarent.
992 1217 1036 1251 Te
1058 1217 1109 1251 si-

360 1268 507 1315 quidem,
535 1267 795 1302 reverendissime
827 1267 920 1301 frater
946 1265 1108 1307 Gualtere,

361 1330 377 1351 a
402 1318 566 1364 disciplina
593 1317 721 1352 fratrum
750 1317 938 1362 regularium
959 1316 1110 1350 violenter

361 1374 572 1412 assumptum,
608 1379 662 1413 pro
695 1366 856 1412 religionis
883 1378 917 1400 ac
938 1365 1110 1412 sapientiae

363 1416 575 1462 praerogativa
599 1416 628 1449 in
658 1415 738 1449 beati
771 1415 984 1461 Appollinaris
1011 1414 1109 1448 cathe-

362 1465 417 1499 dra
440 1465 598 1499 communi
616 1473 685 1498 voto
701 1477 736 1499 ac
756 1464 912 1498 desiderio
928 1471 1109 1510 posuerunt,

361 1523 390 1548 et
420 1514 450 1547 in
473 1514 671 1560 Apostolicae
693 1513 785 1548 Sedis
808 1513 1017 1547 obedientiam
1040 1525 1109 1547 una

360 1564 489 1597 nimiter
524 1563 693 1597 redierunt.
734 1562 826 1597 Unde
864 1575 943 1605 nos,
987 1562 1110 1596 divinae

361 1612 524 1646 'liinitatis
551 1612 662 1646 unitati
691 1613 804 1657 gratias
831 1619 975 1657 agentes
1002 1623 1111 1658 perso-

362 1674 434 1695 num
464 1669 548 1695 tuam
578 1674 633 1716 pro
656 1661 722 1695 iure
745 1669 869 1695 nostrae
892 1661 1050 1695 Ecclesiae
1072 1661 1109 1695 ad

362 1710 540 1757 episcopale
555 1710 763 1744 ministerium
777 1710 1001 1757 cooperarium
975 1723 1032 1744 220.
1034 1710 1065 1744 ni
1072 1723 1110 1744 'io

362 1768 594 1798 consecrantes
612 1759 680 1802 tibi,
701 1767 731 1793 et
755 1772 809 1806 per
832 1767 860 1793 te
882 1759 1109 1794 Ravennatium

363 1809 535 1848 Ecclesiae,
558 1787 740 1854 dignitaftem
763 1821 902 1848 omnem,
929 1821 1022 1855 qnam
1040 1816 1111 1842 ante

158 1847 212 1864 natls
233 1850 252 1863 tn
274 1847 343 1869 pristi-
364 1858 369 1863 .
400 1859 404 1863 .

159 1876 205 1891 nam
213 1870 342 1895 dignitatem.

363 1859 448 1891 illius
485 1858 648 1892 divisionis
674 1865 812 1904 tempora
848 1870 902 1904 per
937 1858 1110 1892 Romanam

363 1907 537 1941 Ecclesiam
562 1907 754 1954 possederat,
777 1907 989 1946 restituimus;
1012 1915 1041 1941 et
1058 1920 1112 1954 per

365 1964 561 2002 praesentem
591 1957 740 2002 privilegii
778 1957 937 2002 paginam,
965 1956 1049 1990 salvo
1083 1956 1110 1989 in

363 2005 512 2039 omnibns
559 2006 625 2039 iure
662 2015 756 2052 atque
792 2006 975 2040 auctoritate
1019 2005 1113 2039 Sedis

363 2054 583 2097 Apostolicae,
625 2056 829 2089 concedimus
869 2055 943 2093 tibi,
989 2054 1112 2100 tuisque

364 2103 612 2143 successoribus,
638 2104 668 2137 in
692 2104 832 2137 eiusdem
860 2103 954 2138 Sedis
977 2104 1113 2150 Aposto-

329 2178 343 2186 ,,
364 2153 440 2186 licae
458 2153 517 2187 fide
532 2160 623 2199 atque
642 2153 818 2187 obedientia
844 2153 1112 2198 pt‘n‘mauentibns,

274 2204 344 2243 ⁸¹,J¹„','
365 2210 565 2248 episcopatus
603 2202 734 2236 Emiliae
763 2202 965 2243 Provinciae,
1005 2202 1033 2235 id
1068 2210 1113 2236 est

161 2259 176 2295 ’Ἰ
191 2257 218 2295 Ἰ,
237 2258 279 2296 m
315 2257 344 2296 [ej
366 2251 557 2294 Placentiae,
580 2251 721 2291 Parmae,
744 2251 849 2297 Regii,
874 2252 1023 2291 Mutinae,
1052 2252 1114 2285 Bo-

160 2306 185 2323 Sl!
190 2306 260 2323 [uulur
275 2303 300 2323 ei

366 2301 488 2339 neniae,
512 2300 686 2339 Ferrariae,
714 2300 841 2344 Adriae,
863 2300 1016 2341 Comacli,
1037 2300 1116 2334 lmo-

366 2349 423 2388 lae,
453 2348 628 2392 Faventiae,
652 2349 723 2383 Fori
749 2349 838 2389 Livii,
861 2349 932 2384 For-i
958 2350 1114 2396 Pompilii,

366 2398 475 2440 ssobii,
511 2397 688 2442 Caesenae,
717 2398 850 2432 Fiorlae.
884 2399 1115 2433 Confirmamns

367 2446 460 2480 etiam
486 2447 571 2481 vobis
602 2449 750 2481 duratum
786 2447 964 2491 Ravennae,
991 2457 1017 2481 et
1048 2461 1116 2481 mo-

368 2495 500 2529 nasteria
518 2496 622 2529 Sancti
640 2497 814 2536 Adalberti,
836 2505 866 2531 et
885 2497 991 2531 Sancti
1006 2496 1114 2531 Hilarii

369 2544 514 2581 Galliata,
537 2557 593 2578 scu
620 2555 738 2579 caetera
762 2546 959 2583 monasteria,
986 2555 1014 2580 et
1044 2559 1117 2591 pos·-

367 2595 549 2635 sessiones,
585 2606 641 2641 per
674 2595 853 2629 authentica
887 2596 1045 2642 privilegia
1078 2595 1116 2629 ab

950 226 1109 251 ΕΠΙᾸΑΗΙΠ
1113 227 1136 250 u
1159 228 1248 251 Rom
1255 229 1320 252 Ntm

1147 282 1402 317 antecessoribus
1437 282 1571 327 nostris,
1609 291 1639 318 et
1675 296 1692 319 a
1736 283 1898 320 catholicis

1147 332 1274 379 iegibus
1297 332 1415 367 tradita.
1447 332 1650 379 Pomposiani
1679 346 1804 381 quoque
1827 347 1899 369 mo-

1148 382 1273 416 nasterii
1301 394 1406 416 curam
1435 381 1578 428 religioni
1610 390 1697 423 tuae
1725 382 1810 418 salvo
1832 384 1897 418 Ec-

1147 430 1259 466 clesiae
1299 439 1422 466 nostiae
1456 431 1545 472 iure,
1579 430 1821 467 committimus:
1866 440 1898 467 ut

1148 480 1278 526 regulari
1300 480 1466 527 disciplina
1494 492 1549 527 per
1578 488 1662 516 tuam
1693 481 1897 526 industriam,

1148 529 1298 575 largiente
1319 530 1468 573 Domino,
1501 529 1696 564 reformetur.
1735 530 1896 566 Praeterea

1148 578 1329 613 fraternitati
1365 587 1435 613 tuae
1464 579 1608 625 pallium,
1638 579 1824 626 pontificalis
1851 580 1899 615 vi-

1148 628 1263 662 delieet
1299 628 1390 662 oflicii
1433 628 1662 675 plenitudinem
1678 656 1686 670 ,
1729 628 1900 664 liberaliter

1149 678 1367 712 concedimus:
1401 689 1463 725 quo
1491 677 1668 713 fraternitas
1690 686 1758 722 tua,
1784 690 1899 713 secun-

1149 726 1223 761 dum
1246 727 1406 762 Ecclesiae
1440 734 1509 761 tuae
1546 739 1665 762 morem
1693 739 1731 762 ex
1758 729 1900 775 Aposto-

1149 776 1225 811 licae
1251 776 1345 811 Sedis
1377 776 1582 811 concessione
1619 776 1830 824 permissum,
1866 789 1900 812 se

1150 826 1269 860 noverit
1290 825 1503 860 induendum:
1527 826 1618 861 cuius
1636 838 1652 861 a
1673 826 1838 862 inimicum
1854 829 1899 870 (1)

1150 874 1233 920 pallii
1281 875 1425 909 volumus
1464 882 1494 909 te
1532 887 1587 921 per
1625 876 1730 910 omnia
1767 876 1900 922 genium

1150 924 1324 958 vendicare.
1352 924 1456 958 Huius
1473 923 1629 970 siquidem
1654 925 1829 960 indumenti
1848 925 1900 960 ho-

1150 985 1218 1016 nor,
1257 973 1416 1007 humilitas
1452 980 1545 1020 atque
1578 974 1696 1009 iustitia
1723 983 1780 1009 est.
1820 974 1899 1010 Tota

1149 1033 1224 1067 ergo
1252 1030 1356 1057 mente
1378 1022 1554 1056 fraternitas
1573 1031 1674 1058 vestra
1696 1036 1729 1058 se
1751 1023 1902 1060 exhibere

1150 1070 1274 1106 festinet
1301 1072 1330 1106 in
1358 1071 1516 1118 prosperis
1543 1071 1705 1112 humilem,
1729 1080 1759 1107 et
1782 1074 1812 1107 in
1839 1073 1899 1107 ad-

1151 1121 1259 1161 versis,
1282 1121 1306 1155 si
1329 1120 1455 1167 quando
1482 1120 1647 1160 eveniunt,
1675 1133 1747 1156 cum
1784 1123 1901 1158 iustitia

1150 1178 1303 1204 ereetum:
1327 1170 1459 1204 amicam
1475 1170 1578 1210 bonis,
1603 1171 1756 1216 perversis
1779 1179 1902 1206 contra-

1151 1219 1243 1253 riam:
1268 1219 1385 1253 nullius
1404 1231 1541 1265 unquam
1558 1219 1687 1254 faciem
1692 1232 1748 1267 pro
1770 1220 1900 1256 veritate

1151 1268 1333 1322 loquentem
1350 1281 1528 1322 praemens:
1553 1277 1618 1303 tum
1642 1269 1790 1315 operibus
1813 1269 1899 1305 iuxta

1151 1318 1296 1352 viritatem
1318 1318 1511 1352 constantiae
1544 1318 1705 1359 insistens,
1730 1326 1796 1353 tum
1821 1320 1900 1353 insi-

1151 1374 1232 1401 stere
1258 1368 1350 1402 etiam
1376 1379 1470 1413 supra
1496 1367 1642 1402 virtutem
1670 1368 1820 1413 cupiens:
1850 1369 1902 1403 in-

1152 1416 1248 1450 firmis
1275 1429 1344 1451 con.
1350 1417 1484 1463 patiens:
1518 1416 1597 1450 bene
1620 1416 1795 1452 valentibus
1821 1430 1902 1452 con-

1151 1465 1306 1510 gaudens:
1330 1465 1369 1499 de
1390 1465 1499 1500 alienis
1521 1474 1582 1499 tau
1587 1478 1681 1512 quam
1704 1466 1743 1500 de
1765 1467 1901 1512 propriis

1151 1515 1293 1549 ‹xultans
1314 1514 1454 1560 gauliis:
1482 1515 1513 1549 in
1537 1515 1616 1549 vitiis
1637 1516 1789 1561 corrigen
1785 1515 1832 1550 tis
1848 1516 1899 1562 pie

1151 1564 1309 1598 saeviens:
1334 1564 1363 1598 in
1380 1563 1520 1598 fovendis
1541 1564 1705 1598 virtutibus
1719 1564 1900 1599 auditorum

1151 1613 1290 1647 animum
1318 1613 1516 1648 demulcens:
1542 1613 1572 1647 in
1593 1614 1635 1647 ira
1655 1613 1805 1648 iudicium
1830 1614 1901 1649 sine

1152 1662 1194 1696 ira
1221 1670 1348 1697 tenens:
1383 1662 1413 1696 in
1442 1662 1664 1709 tranquillitate
1686 1671 1788 1697 autem
1817 1675 1903 1698 seve-

1154 1712 1251 1746 ritatis
1291 1712 1388 1746 iustae
1436 1724 1600 1746 censuram
1637 1724 1699 1746 nen
1738 1712 1899 1747 deserens.

1152 1761 1237 1795 Hanc
1259 1769 1322 1801 est,
1346 1761 1437 1795 frater
1464 1761 1635 1801 carissime,
1668 1761 1750 1808 pallii
1778 1762 1897 1807 accepti

1153 1810 1300 1856 dignitas,
1322 1810 1454 1857 quamsi
1471 1810 1589 1844 solicite
1611 1811 1793 1849 servaveris,
1817 1810 1903 1857 quod

1154 1860 1226 1893 foris
1249 1860 1408 1906 accepisse
1434 1859 1619 1902 ostenderis,
1651 1859 1733 1893 intus
1756 1859 1897 1894 habebis.

1200 1908 1272 1943 Eoo
1293 1908 1455 1942 Genesim}
1476 1908 1636 1942 Ecclesiae
1654 1909 1824 1942 catholicae
1839 1909 1904 1956 epi-

1153 1970 1279 2004 scopus.
1307 1958 1438 2002 Siquam
1460 1970 1569 1990 titanus
1591 1970 1671 1991 »neae
1696 1958 1820 1991 Gelasii.

1272 2019 1350 2041 neos
1379 2019 1410 2040 ιη
1446 2018 1526 2040 Loco
1552 2018 1672 2040 sanem
1707 2019 1777 2041 sno.

1201 2055 1315 2090 Datum
1340 2055 1458 2089 Romae
1481 2067 1534 2102 per
1551 2068 1676 2090 manum
1700 2055 1899 2103 Chrysogoni

1154 2104 1187 2138 S.
1214 2104 1250 2138 R.
1284 2105 1319 2138 E.
1348 2104 1470 2138 diaconi
1499 2104 1674 2145 cardinalis,
1702 2105 1760 2139 kal.
1779 2107 1822 2148 (2)
1848 2118 1900 2139 se-

1156 2154 1316 2199 ptembris,
1337 2154 1506 2187 indictione
1530 2153 1728 2194 duodecima,
1747 2166 1828 2188 anno
1851 2154 1905 2187 ‹lo-

1157 2203 1287 2237 minicae
1311 2203 1532 2237 incarnationis
1553 2215 1666 2243 mcxix,
1704 2203 1902 2249 pontificatus

1155 2261 1257 2286 autem
1281 2252 1387 2285 domni
1412 2251 1529 2285 Golasii
1552 2252 1578 2285 {l
1606 2252 1720 2298 Papae,
1736 2264 1818 2285 anno
1844 2265 1863 2286 ι.

1196 2308 1256 2338 Dat.
1276 2309 1322 2338 die
1344 2309 1355 2337 1
1375 2308 1550 2347 septembris
1563 2318 1638 2337 anno
1648 2308 1762 2337 Domini
1779 2308 1865 2345 1118,

1414 2348 1515 2387 pontif.
1534 2358 1609 2377 anno
1629 2357 1646 2377 1.

1193 2409 1232 2444 (1)
1246 2409 1364 2436 Labbeus
1381 2409 1519 2443 legendum
1537 2417 1593 2435 esse
1615 2413 1698 2444 putat:
1719 2411 1792 2435 euius
1804 2411 1903 2435 antiano

1155 2452 1240 2481 pallii,
1253 2453 1304 2475 etc.
1343 2449 1381 2483 (⁹2)
1401 2450 1539 2483 Perperam
1556 2449 1595 2474 hic
1607 2448 1723 2474 kalendis
1733 2448 1903 2482 septembris,

1157 2496 1207 2522 qua
1225 2488 1266 2513 die
1282 2488 1384 2522 elapsae
1402 2489 1450 2513 iam
1471 2487 1641 2513 duodecimae
1656 2487 1832 2513 tertiadecima
1844 2495 1906 2514 suc-

1158 2532 1273 2554 cesserat
1291 2528 1406 2558 indwtio,
1425 2536 1492 2561 (piae
1509 2528 1557 2553 hoc
1570 2535 1638 2553 anno
1657 2527 1733 2557 1118,
1751 2527 1794 2560 qui
1814 2527 1906 2553 Pisano

1160 2576 1232 2593 more
1246 2568 1269 2593 in
1290 2570 1314 2593 11
1327 2568 1355 2593 to
1372 2568 1479 2597 secedit,
1497 2568 1521 2593 in
1540 2575 1618 2593 cursu
1631 2574 1687 2592 csse
1700 2570 1800 2599 coep113
1814 2567 1905 2601 legen-

1159 2607 1222 2634 dum
1239 2608 1326 2642 potius
1342 2607 1415 2633 iuxta
1435 2607 1566 2638 Rubeum,
1584 2614 1622 2632 vn
1641 2605 1700 2632 idus
1716 2606 1831 2640 augusti.

1922 244 1972 272 An.
1992 245 2020 273 C.
2038 245 2104 273 1113

1931 547 2056 568 Conceditur
2064 547 2107 573 pat-

1924 574 1975 594 tium
2009 574 2106 595 Guatteru

1925 601 2094 627 archiepiscopo.

1946 934 1965 954 A*
1976 935 1992 957 h
2007 934 2069 955 rtatio
2084 933 2112 955 ad

1927 961 2055 982 Guanurum.

1979 1933 2057 1955 Gelasii
2072 1932 2112 1953 PP.

1930 1960 2064 1986 subscriptio.
