2180 3205
450 273 514 311 906

421 347 500 382 xlv.
525 346 734 381 Confirmatio
755 346 931 386 bonorum,
956 346 1168 379 donationum

509 406 539 434 et
558 399 816 444 privilegiorum,
838 408 855 432 a
875 399 1017 434 Summis
1037 399 1170 433 Pontifi-

509 454 598 487 cibus
618 453 798 487 Rarellensi
819 453 980 486 Ecclesiae
1001 463 1170 487 concesso-

509 517 594 546 rum,
619 507 695 540 041.

419 560 484 595 XV.
506 561 714 595 Confirmatio
733 561 979 605 compositionis
999 561 1098 594 initae
1123 561 1170 594 in-

508 620 556 648 tet·
587 615 765 648 Arducium
797 615 986 659 episcopum
1015 620 1046 648 et
1073 617 1169 648 Amc-

509 669 605 702 deum
627 669 780 702 comitem
801 669 1047 709 Gebennenses,
1072 668 1147 702 642.

418 721 498 758 xvi.
519 722 728 756 Confirmatio
748 723 909 757 bonorum
936 723 1082 757 omnium
1103 723 1166 757 Ge-

506 776 680 810 bennensis
700 777 884 817 Ecclesiae,
909 782 939 810 et
959 774 1169 820 largitionum

508 829 612 863 cidem
633 831 789 864 factarum
811 841 829 864 a
853 830 1041 871 Friderico,
1070 830 1169 864 AEno-

507 883 611 917 hardo
629 884 839 928 imperatore,
863 883 937 917 645.

418 935 513 972 xvii.
537 937 677 972 Henrico
696 938 854 972 Gradensi
880 938 1083 983 patriarchae
1111 949 1169 982 pa-

507 990 713 1025 triarchalem
732 991 922 1035 dignitatem
941 990 1123 1031 confirmat,
1139 998 1169 1025 et

506 1044 684 1090 primatum
705 1054 803 1090 super
823 1045 1022 1079 ladertinum
1045 1045 1169 1079 archie-

506 1098 690 1143 piscopum,
719 1099 794 1132 647.

419 1150 530 1186 xvlli.
555 1152 725 1187 Concessio
756 1153 961 1198 patriarchae
990 1153 1164 1193 Gradensi,

507 1211 543 1239 ut
562 1206 857 1251 Constantinopoli,
881 1213 912 1241 et
936 1207 969 1240 in
990 1207 1060 1241 aliis
1080 1207 1169 1241 urbi-

507 1258 568 1293 bus
592 1259 721 1304 imperii
745 1259 1111 1305 Constantinopolitani‚
1135 1261 1168 1294 in

507 1313 626 1358 quibus
646 1314 757 1347 Veneti
782 1314 891 1358 plures
916 1314 1036 1348 habent
1061 1314 1169 1349 Eccle-

507 1367 590 1409 sias,
613 1368 782 1413 episcopos
815 1368 968 1402 ordinare
996 1374 1026 1401 et
1057 1379 1169 1403 conse-

508 1430 598 1455 crare
618 1423 730 1467 possit,
754 1422 829 1457 648.

418 1474 498 1509 xlx.
522 1475 714 1510 Monasterio
739 1476 791 1511 SS.
820 1477 982 1511 Trinitatis
1003 1476 1042 1511 de
1063 1477 1168 1512 Monte

509 1519 607 1554 Sacro
639 1521 762 1555 ordinis
781 1521 942 1556 Cassinen.
980 1522 1169 1566 Sipontinae

507 1564 683 1606 dioecesis,
708 1565 909 1600 confirmatis
938 1567 1034 1600 bonis
1060 1567 1168 1600 omni-

507 1608 585 1651 bus,
609 1611 766 1644 nonnulla
786 1611 1010 1645 conceduntur
1041 1611 1168 1655 privile-

507 1654 570 1696 gia,
595 1653 669 1688 650.

507 1703 730 1751 privilegium,
754 1720 819 1753 quo
840 1709 1078 1743 confirmantur
1098 1709 1168 1743 iura

508 1762 546 1786 ac
570 1753 790 1796 possessiones
823 1753 971 1788 abbatiae
1002 1755 1032 1788 S.
1061 1755 1169 1797 Augu-

508 1797 582 1830 stini
603 1795 852 1840 Lemovicensis‚
876 1795 952 1832 652.

419 1848 501 1884 XXI.
517 1850 726 1894 Privitegium
744 1852 1002 1886 confirmationis
1020 1853 1168 1886 donatio-

508 1905 587 1929 num
616 1897 814 1930 monasterio
836 1897 869 1930 in
889 1895 1109 1940 Pruseningen
1125 1898 1169 1930 sa-

509 1947 645 1981 etarum,
666 1941 716 1975 cui
738 1941 895 1975 nonnulla
911 1942 1079 1986 privilegia
1093 1952 1169 1975 con-

510 1985 680 2027 ceduntur,
705 1985 780 2019 654.

420 2037 516 2072 XXII.
541 2039 735 2073 Monasterio
755 2040 801 2074 Ss.
818 2040 943 2073 Nazarii
961 2045 992 2074 et
1011 2040 1091 2074 Celsi
1112 2040 1170 2074 Ve-

509 2084 657 2118 ronensis
678 2084 834 2118 dioecesis
854 2084 940 2118 bona
960 2085 1071 2118 omnia
1091 2095 1169 2118 con-

509 2126 698 2168 firmantur,
719 2129 806 2163 salvo
826 2139 925 2163 censu
945 2139 1054 2163 annuo
1075 2130 1167 2174 pala·

510 2173 555 2206 tio
573 2173 753 2217 apostolico
767 2173 934 2213 solvendo,
951 2173 1085 2218 eiusque
1100 2183 1170 2208 mo-

509 2217 767 2296 nachigssbbatis
784 2217 833 2252 sul
856 2217 970 2253 electio
989 2218 1167 2253 committi-

511 2266 574 2304 tur,
611 2264 616 2271 “
666 2289 674 2297 .

419 1702 486 1741 XX.

644 2378 881 2415 ALEXANDER
892 2378 943 2414 111.

423 2481 446 2519 1.
468 2484 593 2520 Clerum
606 2496 642 2520 ac
655 2485 813 2530 populum
825 2483 1074 2525 Bononiensem,
1090 2495 1171 2530 quos

512 2530 551 2564 de
577 2530 720 2573 legitima
747 2530 796 2564 sui
827 2530 860 2564 in
889 2529 1079 2564 Pontificem
1100 2531 1167 2564 ele-

1002 280 1186 309 sonantum
1205 282 1361 308 Romnum

1293 345 1390 379 totius
1410 345 1517 379 Italiae
1543 345 1705 386 declarat,
1730 345 1816 379 bona
1846 355 1883 379 ac
1913 343 1951 378 ti-

1294 400 1434 433 bet-tates
1455 408 1569 433 omnes
1594 398 1781 440 confirmat,
1804 409 1952 444 novaque

1294 452 1443 487 concedit
1463 452 1640 497 privilegia,
1662 451 1737 486 660.

1204 507 1257 541 III.
1283 506 1493 541 Confirmatio
1524 507 1686 540 bonorum
1719 506 1888 548 omnium,
1916 517 1953 541 ac

1293 560 1538 605 privilegiorum
1559 560 1725 594 concessio
1756 560 1952 594 monasterio

1293 615 1323 648 S.
1344 614 1461 648 Mai-iae
1481 615 1521 648 de
1541 613 1682 648 Rievalle
1702 610 1825 648 ordinis
1838 612 1953 648 Cister-

1293 668 1419 709 cicnsis,
1448 666 1523 701 664.

1203 722 1255 756 IV.
1279 722 1487 766 Privilegium
1509 721 1766 756 confirmationis
1790 718 1953 756 bonorum

1293 787 1330 810 ac
1347 775 1535 810 libertatum
1555 774 1716 809 Ecclesiae
1734 772 1765 809 S.
1787 770 1954 810 Cuthberti

1294 827 1333 863 de
1353 828 1524 870 Kadeserd,
1545 827 1621 863 667.

1204 882 1240 916 V.
1265 883 1469 917 Canonizatio
1490 884 1597 918 Sancti
1617 882 1758 918 Eduardi
1784 880 1868 927 regis
1887 885 1953 918 An-

1293 937 1396 980 gliae,
1420 937 1555 982 eiusque
1586 936 1762 982 adscriptio
1784 936 1817 971 in
1836 944 1952 972 nume-

1293 998 1366 1025 rum
1387 990 1433 1026 Ss.
1457 990 1695 1032 Confessorum‚
1724 989 1801 1025 668.

1204 1043 1255 1078 VI.
1280 1043 1486 1088 privilegium
1507 1044 1764 1079 confirmationis
1788 1042 1950 1090 archiepi-

1292 1104 1443 1143 scopatus
1462 1099 1644 1141 lanuensis,
1669 1108 1705 1133 ac
1730 1097 1894 1133 bonorum
1919 1106 1954 1134 0-

1292 1152 1439 1193 mnium,
1468 1153 1508 1186 ad
1537 1163 1612 1186 eum
1643 1152 1875 1197 spectantium3
1903 1152 1955 1186 cui

1292 1206 1449 1240 nonnulla
1470 1206 1665 1240 monasteria
1683 1213 1780 1251 atque
1800 1205 1955 1240 ecclesiae

1293 1260 1526 1302 conceduntur,
1551 1260 1626 1295 669.

1294 1314 1506 1349 Confirmatio
1528 1319 1735 1356 statutorum,
1759 1313 1799 1348 ab
1818 1312 1955 1358 Hugone

1291 1368 1475 1403 Rutenense
1496 1368 1742 1414 archiepiscopo
1762 1377 1822 1413 pro
1840 1367 1955 1402 ordine

1293 1425 1323 1454 ct
1343 1421 1450 1465 quiete
1471 1420 1549 1454 cleri
1569 1431 1646 1455 suae
1667 1419 1833 1460 dioecesis,
1845 1418 1921 1453 671.

1204 1474 1284 1508 Vlll.
1302 1474 1510 1517 Privilegium
1528 1473 1786 1508 confirmationis
1807 1473 1954 1508 donatio-

1293 1530 1370 1552 num
1392 1519 1538 1553 omnium
1568 1520 1725 1553 factarum
1756 1517 1954 1553 monasterio

1293 1564 1332 1597 de
1352 1564 1491 1609 Korney,
1516 1563 1591 1598 673.

1202 1617 1254 1651 IX.
1277 1617 1487 1652 Confirmatio
1517 1616 1763 1662 privilegiorum
1790 1616 1954 1662 prioratus

1291 1671 1427 1705 Sanctae
1448 1671 1565 1705 Mariae
1590 1671 1630 1705 cle
1660 1671 1780 1716 Campo
1810 1670 1843 1704 in
1870 1680 1953 1715 pago

1291 1725 1536 1765 Ruscinonensi‚
1561 1724 1636 1759 675.

1203 1776 1240 1814 X.
1265 1778 1475 1813 Confirmatio
1489 1778 1651 1812 bonorum
1669 1777 1817 1812 omnium
1829 1788 1867 1812 ac
1880 1785 1954 1823 per-

1293 1823 1503 1857 tinentiarum
1525 1822 1711 1857 monasterii
1725 1822 1765 1857 de
1778 1821 1949 1864 Rorsham‚

1293 1869 1381 1912 quod
1400 1868 1460 1902 sub
1485 1867 1687 1912 protectione
1706 1866 1798 1902 Sedis
1818 1868 1954 1912 Aposto-

1293 1913 1375 1947 licae
1395 1912 1566 1957 recipitur,
1590 1911 1665 1946 676.

1204 1966 1257 2001 xl.
1282 1966 1490 2001 Confirmatio
1519 1966 1682 2000 bonorum
1709 1965 1857 2000 omnium
1878 1975 1950 2000 mo-

1293 2011 1424 2045 nasterii
1446 2011 1561 2045 Beatae
1575 2010 1691 2044 Mariae
1703 2010 1743 2044 de
1753 2007 1950 2056 Shyrhorne‚

1293 2056 1381 2100 qnod
1398 2056 1457 2089 sub
1479 2055 1680 2099 protectione
1700 2051 1791 2090 Sedis
1811 2056 1950 2099 Aposto-

1293 2101 1373 2134 licae
1395 2100 1560 2144 recipitur,
1585 2098 1660 2133 678.

1204 2154 1271 2189 XII.
1295 2154 1504 2189 Confirmatio
1525 2153 1772 2198 privilegiorum
1793 2158 1954 2187 monaste-

1293 2199 1332 2232 rii
1357 2197 1598 2241 Canigonensis,
1620 2195 1698 2232 680.

1204 2251 1285 2287 XIII.
1314 2252 1525 2287 Confirmatio
1543 2251 1753 2286 institutionis
1773 2250 1954 2286 Canonicae

1294 2297 1327 2331 in
1347 2296 1534 2332 Placentina
1552 2296 1715 2336 Ecclesia,
1738 2295 1771 2330 in
1797 2305 1862 2340 qua
1891 2295 1950 2330 de-

1295 2341 1448 2381 cernitur,
1471 2347 1508 2375 ut
1524 2340 1783 2385 archipresbyter
1806 2348 1826 2374 a
1849 2348 1950 2375 cano-

1293 2387 1375 2420 nicis
1394 2385 1602 2420 solummodo
1623 2385 1773 2429 eligatur,
1796 2383 1872 2419 682.

1207 2437 1285 2476 XIV.
1309 2440 1518 2475 Confirmatio
1538 2439 1707 2473 cuiusdam
1724 2438 1896 2483 privilegii,
1913 2437 1953 2472 ab

1294 2485 1424 2520 Urbano
1448 2485 1507 2519 PP.
1530 2485 1555 2518 ll
1575 2483 1758 2519 Guixalensi
1788 2488 1953 2518 monaste-

1294 2530 1344 2564 rio
1365 2529 1520 2570 concessi,
1546 2527 1621 2562 68⁶2.

1206 1313 1269 1348 VII.

511 2574 618 2608 ctione
636 2574 791 2609 certiores
808 2575 924 2615 reddit,
940 2575 980 2609 ad
993 2575 1171 2619 persisten-
1205 2582 1268 2618 xv,
1290 2581 1497 2618 Canonizatio
1521 2582 1551 2617 s,
1576 2581 1749 2623 Bernaffij,
1772 2578 1871 2626 primi
1891 2580 1950 2614 ab·

512 2617 589 2652 dum
611 2619 642 2652 in
662 2619 711 2653 sui
740 2619 925 2653 obedientia
951 2630 988 2653 ac
1017 2619 1172 2654 fidelitate

514 2663 712 2704 exhortatur,
736 2663 811 2697 657.

423 2714 462 2755 ll.
485 2717 678 2754 ttonasterio
705 2717 865 2753 Cassinen.
881 2744 889 2759 ,
913 2717 1001 2763 quod
1031 2705 1190 2763 primumi

1294 2627 1377 2662 batis
1396 2627 1674 2666 claraevallensis,
1701 2631 1734 2660 et
1763 2624 1955 2661 institutoris

1294 2672 1419 2707 ordinis
1439 2671 1674 2706 monachorum
1691 2669 1952 2705 cisterciensium

1294 2716 1325 2752 S.
1349 2716 1525 2757 Benedicti,
1548 2716 1682 2761 eiusque
1702 2713 1817 2749 relatio
1839 2713 1873 2747 ln
1891 2722 1953 2750 nu·
