2180 3205
174 250 222 277 An.
240 250 267 277 C.
292 249 359 277 1¹23

435 213 503 246 512

387 279 503 314 vatoris
532 276 561 310 in
584 274 679 318 Tave,
706 272 739 308 S.
762 272 882 308 Nicolai
904 272 985 307 iuxta
1005 273 1134 308 ssuvium

386 328 557 362 Trutinum
581 326 609 358 in
633 324 805 370 Aprutium
833 335 903 357 cum
937 323 1136 370 pertinentiis

385 378 461 416 suis,
489 376 523 410 S.
553 373 702 408 Iohannis
723 373 760 407 ad
788 372 993 416 Scursonem,
1014 372 1047 407 S.
1071 372 1136 406 Be-

385 425 501 460 nedicti
529 424 563 457 in
589 423 731 464 Trunto,
763 421 796 455 S.
826 422 989 456 Benedicti
1018 422 1049 456 in
1074 421 1136 456 Te-

385 475 455 509 sino
483 472 597 517 fluvio,
636 472 670 506 S.
706 470 921 518 Appollinaris
947 471 977 505 in
1011 470 1134 511 Firmo,

384 523 438 570 qni
461 522 577 557 dicitur
599 520 636 555 ad
660 520 829 567 Opplanis‚
850 520 885 555 S.
904 520 1019 555 Mariae
1038 521 1067 554 in
1082 520 1134 554 Ar-

384 572 508 611 boscla,
535 570 569 606 S.
591 570 717 605 Martini
733 569 764 603 in
781 569 899 613 Saline,
920 569 954 604 S.
978 570 1089 616 Angeli
1104 570 1133 604 in

385 622 535 661 Marano,
559 628 588 655 et
614 619 665 654 Ss.
688 618 817 666 Septem
852 618 1018 663 Fratrum,
1052 627 1081 653 et
1100 618 1132 653 S.

385 670 561 714 Laurentii,
591 669 624 704 S.
659 668 822 703 Benedicti
846 668 876 702 in
905 668 1074 715 Ripaursa:
1103 668 1133 703 in

385 720 537 755 comitatu
564 718 739 765 Aquinensi
775 718 885 752 cellam
912 717 944 752 S.
972 717 1134 763 Gregorii,

385 769 419 804 S.
449 768 596 811 Mauritii,
625 768 659 802 S.
683 767 784 806 Pauli.
819 766 925 801 Sancti
947 766 1134 807 Constantii,

385 818 418 853 S.
442 817 642 857 Christofori,
677 816 711 851 S.
739 816 871 859 Nicolai,
904 816 937 850 S.
960 816 1076 850 Mariae
1104 817 1134 850 in

385 868 552 908 Albaneta,
586 867 620 901 S.
646 865 765 900 Nicolai
790 866 819 899 in
842 864 984 905 Ciconia,
1014 866 1047 899 S.
1070 865 1135 899 Be-

386 917 503 952 nedicti
527 917 558 951 in
580 915 661 955 Clia,
683 915 716 949 S.
734 914 855 948 Nazarii
878 914 909 948 in
932 914 1080 954 Comino,
1098 914 1131 948 S.

385 966 558 1006 Valentini,
580 965 613 999 S.
636 964 774 1001 Martini,
797 963 830 997 S.
860 963 990 1003 Urbani,
1012 963 1045 998 S.
1068 963 1136 997 An-

386 1016 459 1062 geli,
481 1016 515 1050 S.
544 1014 644 1053 Pauli,
668 1014 701 1047 S.
726 1012 856 1053 Felicis,
883 1012 917 1047 S.
953 1012 1135 1053 Salvatoris,

386 1066 420 1100 S.
444 1064 556 1111 Angeli
585 1064 615 1097 in
637 1061 837 1101 Valle-Luci,
859 1061 892 1096 S.
921 1061 1083 1096 Michaelis
1106 1062 1135 1095 in

387 1114 524 1157 Oliveto,
551 1113 585 1148 S.
608 1112 727 1146 Nicolai
752 1111 781 1145 in
805 1110 889 1150 Pica,
911 1111 945 1144 S.
969 1111 1081 1157 Angeli
1105 1111 1135 1145 in

386 1163 564 1202 Cannucio,
598 1161 632 1196 S.
662 1160 778 1195 Mariae
812 1160 843 1194 in
865 1159 1066 1203 Be1·ulis(l),
1101 1160 1134 1194 S.

388 1213 472 1248 Petri
496 1213 527 1246 in
550 1211 688 1253 Escleto,
715 1209 749 1244 S.
772 1209 907 1250 Luciae,
934 1218 963 1244 et
990 1208 1023 1243 S.
1052 1209 1135 1244 Petri

389 1263 419 1296 in
442 1261 566 1305 Coruli,
595 1260 628 1295 S.
653 1259 806 1299 Silvestri,
829 1258 862 1292 S.
885 1258 1009 1293 Martini
1046 1267 1075 1293 et
1101 1258 1134 1293 S.

390 1311 509 1346 Luciae
537 1311 566 1344 in
590 1309 724 1356 Arpino,
751 1308 785 1343 S.
808 1307 924 1342 Mariae
942 1308 981 1342 de
999 1307 1136 1342 Castello

391 1361 566 1408 Zopponis,
595 1359 628 1394 S.
657 1358 780 1392 Martini
809 1358 837 1391 in
861 1357 946 1392 Pede
968 1357 1079 1400 Arois,
1101 1357 1135 1391 S.

389 1409 553 1444 Benedicti
576 1409 607 1443 in
630 1407 718 1442 Colle
745 1407 785 1442 de
810 1406 929 1451 Insula,
962 1406 995 1440 S.
1024 1406 1137 1440 Mariae

390 1460 421 1494 in
441 1459 574 1496 Bai-nco.
597 1458 630 1492 S.
651 1456 770 1491 Nicolai
797 1456 827 1490 in
850 1455 992 1499 Turi-ice,
1014 1455 1046 1489 S.
1063 1455 1139 1490 Gern

390 1509 473 1543 mani
497 1509 527 1542 in
550 1507 641 1549 Sora,
667 1506 701 1541 S.
724 1505 889 1540 Benedicti
905 1505 934 1539 in
948 1505 1136 1549 Paszesano,

390 1557 424 1592 S.
452 1558 535 1592 Petri
563 1557 592 1590 in
628 1555 778 1598 Morinis,
813 1554 920 1589 Sancti
955 1554 1069 1600 Angeli
1106 1555 1137 1587 in

391 1605 662 1649 pescolo-Canali,
684 1604 717 1639 S.
747 1604 847 1638 Patris
874 1604 904 1637 in
933 1603 1068 1646 Formis,
1103 1602 1136 1637 S.

391 1655 505 1701 Angeli
528 1656 558 1689 in
584 1654 680 1698 Albe,
702 1654 809 1688 Sancti
832 1653 955 1687 Erasini
984 1653 1013 1686 in
1042 1652 1138 1687 Pom-

392 1717 521 1752 perauo,
547 1704 581 1739 S.
604 1704 720 1738 Mariae
747 1703 778 1737 in
800 1702 910 1745 Cellis,
940 1701 973 1736 8.
1001 1702 1139 1736 Pastoris

394 1756 424 1788 in
453 1754 576 1789 civitate
597 1752 774 1787 Tiburtina:
810 1752 840 1786 in
868 1751 1003 1786 Venafro
1030 1750 1137 1785 Sancti

392 1804 569 1847 Benedicti,
595 1801 628 1837 S.
656 1802 792 1846 Nazarii,
814 1801 848 1836 S.
872 1800 993 1834 Martini
1017 1800 1047 1834 in
1074 1801 1138 1845 ipsa

393 1852 506 1893 Furca,
523 1860 643 1886 curtem
666 1851 700 1885 S.
724 1851 839 1885 Mariae
861 1850 891 1884 in
914 1849 998 1890 Sala,
1020 1849 1053 1884 S.
1078 1849 1140 1883 Be-

394 1901 511 1936 nedicti
541 1901 654 1943 Pizuli,
688 1900 818 1943 ibidem,
845 1899 877 1934 8.
912 1898 1074 1933 Benedicti
1108 1899 1139 1932 in

394 1950 533 1991 Cesima,
554 1949 587 1984 S.
603 1949 766 1984 Benedicti
791 1950 820 1983 in
839 1948 933 1983 Sessa
955 1946 985 1982 et
1006 1947 1040 1982 S.
1059 1947 1141 1982 Leo-

394 2001 455 2040 nis,
477 2008 610 2043 eurtem,
645 2010 726 2045 quae
752 1998 866 2033 dicitur
900 1997 1070 2040 Lauriana,
1106 1996 1138 2031 S.

395 2048 559 2084 Benedicti
578 2048 608 2082 in
631 2049 729 2082 Tiana
756 2060 827 2082 cum
853 2047 1049 2094 pertinentiis
1064 2046 1140 2085 suis,

395 2098 429 2134 S.
444 2099 559 2133 Mariae
574 2098 604 2131 in
619 2097 728 2141 Calvo,
750 2097 783 2131 S.
800 2097 919 2131 Nazarii
942 2096 971 2130 in
987 2096 1141 2141 Anglena,

396 2148 429 2183 S.
448 2147 611 2182 Adiutoris
632 2155 662 2181 et
684 2146 716 2181 8.
745 2146 909 2181 Benedicti
934 2145 963 2179 in
992 2145 1085 2183 Alil'a,
1108 2145 1140 2179 S.

396 2196 533 2231 Donnini
561 2197 590 2230 in
614 2196 748 2239 Telesia,
781 2196 815 2230 S.
852 2195 977 2229 Martini
1012 2195 1041 2228 in
1066 2193 1144 2227 Vul-

397 2254 500 2287 turno,
523 2246 552 2280 in
572 2246 686 2280 Amalli
708 2245 742 2280 S.
766 2245 891 2287 Crucis,
914 2252 944 2279 et
961 2244 994 2278 S.
1013 2243 1143 2282 Nicolai,

397 2295 431 2330 S.
455 2295 568 2330 Crucis
589 2296 619 2328 iu
648 2294 776 2337 Isernia,
803 2294 837 2328 S.
861 2293 955 2328 Marci
976 2293 1006 2326 in
1031 2293 1145 2338 Carpi-

400 2357 499 2384 none,
521 2344 554 2378 S.
577 2344 732 2378 Valentini
757 2344 787 2377 iu
811 2343 992 2382 Ferentino,
1014 2342 1048 2376 S.
1078 2342 1146 2375 An-

399 2393 458 2438 geli
483 2394 512 2427 in
540 2393 664 2439 Algido,
687 2393 721 2426 S.
750 2392 843 2427 Marci
868 2394 898 2426 in
926 2391 1088 2434 Ceccano,
1111 2390 1144 2424 S.

399 2443 540 2488 Agatliae
562 2443 592 2476 in
615 2442 816 2482 Tusculano,
850 2449 880 2476 et
901 2441 934 2475 S.
958 2441 1145 2479 Ierusalem,

400 2492 434 2525 S.
461 2490 625 2525 Benedicti
661 2492 691 2524 in
719 2491 859 2525 Albano:
896 2491 926 2524 in
951 2490 1050 2523 Roma
1079 2501 1147 2522 mo-

402 2540 572 2574 nasterium
600 2541 633 2574 S.
670 2540 847 2574 Sebastiani
878 2539 907 2574 in
931 2537 1088 2573 Palladio:
1117 2539 1147 2571 in

437 2599 477 2635 (1)
493 2600 560 2635 Lege
577 2601 695 2627 Verulis.
717 2601 755 2635 (n.
772 2599 813 2635 τ.)

974 218 1072 241 mmm
1079 218 1159 241 tum!
1188 218 1350 242 ROMANUM

1175 273 1257 307 Luca
1280 274 1389 308 cellam
1409 272 1443 308 S.
1466 272 1610 320 Georgii:
1633 274 1665 310 in
1693 274 1847 311 territorio
1873 275 1923 310 Pi-

1174 335 1267 357 sanae
1289 323 1423 357 civitatis
1445 322 1478 358 8.
1506 323 1665 367 Silvestri,
1699 324 1731 359 S.
1755 325 1925 360 Salvatoris

1176 373 1206 406 in
1229 371 1391 406 Civitella:
1420 372 1451 406 in
1479 371 1595 407 ducatu
1616 372 1781 419 Spoletino
1800 374 1833 408 S.
1857 374 1926 408 Ma-

1176 421 1238 455 riae
1262 422 1291 455 in
1316 420 1446 465 Calena,
1468 420 1501 456 S.
1526 420 1687 456 Benedicti
1711 423 1740 457 in
1763 422 1870 463 Trani,
1888 424 1924 457 S.

1177 471 1338 505 Benedicti
1362 471 1391 505 in
1416 470 1512 512 Baro,
1540 470 1573 505 S.
1600 470 1681 505 Petri
1701 471 1877 518 {inperialis
1893 473 1924 506 in

1175 520 1325 554 Tarento:
1362 520 1391 554 in
1419 519 1562 554 Calabria
1589 519 1700 554 cellam
1728 520 1761 555 S.
1793 521 1926 555 Anasta-

1175 569 1250 609 siae‚
1273 569 1306 604 S.
1331 569 1447 603 Mariae
1474 569 1504 603 in
1531 568 1666 616 Tropea,
1688 568 1721 604 S.
1751 569 1870 604 Nicolai
1893 570 1925 604 in

1175 618 1353 663 Salectano,
1387 619 1420 653 S.
1444 618 1607 653 Enfemiae
1640 618 1671 652 in
1704 618 1858 653 Marchia:
1895 619 1924 653 in

1176 668 1324 702 comitatu
1376 668 1506 702 Aretino
1550 668 1777 714 monasterium
1817 667 1926 706 Sincti

1176 716 1357 758 Benedicti,
1388 725 1419 751 et
1455 716 1489 751 S.
1528 717 1689 752 Benedicti
1730 717 1760 751 in
1795 716 1926 752 Crema:

1178 767 1207 800 in
1235 766 1401 801 Sardiniae
1429 766 1527 800 insula
1560 766 1711 801 ecclesiae
1730 768 1772 811 (1)
1798 766 1831 801 S.
1861 766 1928 800 Ma-

1178 816 1239 849 riae
1263 817 1291 849 in
1308 815 1437 861 Tliirgo,
1459 815 1492 850 S.
1507 814 1616 850 Heliae
1631 816 1660 850 in
1675 815 1926 860 Monte-Sancto,

1176 872 1207 899 et
1228 864 1261 898 8.
1286 865 1417 908 Helisei,
1450 877 1521 899 cuin
1556 865 1706 900 omnibus
1728 877 1835 899 earum
1860 877 1929 911 per·

1178 914 1328 953 tinentiis,
1356 913 1388 948 S.
1413 914 1529 948 Mariae
1550 914 1588 948 de
1612 914 1774 958 Sabucco,
1802 913 1835 949 S.
1859 914 1928 948 M]-

1178 963 1239 997 riac
1261 963 1300 998 de
1326 963 1470 1003 Soralbo,
1504 963 1538 998 S.
1565 963 1677 998 Mariae
1713 963 1752 998 de
1779 963 1927 1008 Tenecle,

1177 1011 1282 1046 Sancti
1310 1012 1393 1046 Petri
1416 1012 1455 1047 de
1488 1012 1666 1059 Treciugle,
1693 1012 1726 1047 S.
1755 1012 1875 1048 Nicolai
1897 1020 1929 1047 et

1177 1061 1310 1095 Sanctae
1332 1061 1447 1096 Mariae
1470 1061 1501 1095 in
1523 1061 1610 1096 Solio
1632 1074 1704 1096 cum
1730 1062 1928 1106 pertinentiis

1177 1123 1297 1150 earum,
1319 1110 1352 1144 S.
1376 1110 1495 1145 Nicolai
1518 1110 1556 1145 de
1570 1110 1691 1151 Talasa,
1714 1110 1748 1145 S.
1765 1111 1928 1145 Michaelis

1177 1159 1356 1201 Ferrucisi,
1378 1160 1411 1193 S.
1435 1159 1563 1206 Georgii
1587 1160 1616 1193 in
1639 1159 1763 1199 Ticillo,
1789 1160 1823 1194 S.
1844 1160 1928 1194 Petri

1178 1209 1216 1243 de
1237 1209 1418 1253 Simbrano,
1444 1209 1477 1243 S.
1501 1209 1585 1243 Petri
1609 1210 1638 1243 in
1662 1204 1791 1248 Nurclii,
1820 1208 1853 1243 S.
1877 1208 1941 1242 Ni:

1178 1258 1256 1293 colai
1270 1259 1308 1293 de
1324 1258 1471 1304 Nugutbi,
1487 1266 1517 1293 et
1531 1258 1564 1292 S.
1579 1257 1739 1302 Iohannis,
1753 1257 1786 1292 S.
1801 1257 1930 1293 Haeliae

1178 1307 1217 1341 de
1238 1307 1333 1342 Sitin:
1369 1309 1441 1341 item
1464 1308 1633 1350 civitatem,
1656 1320 1736 1354 quae
1757 1307 1871 1342 dicitur
1892 1307 1928 1342 S.

1178 1356 1341 1396 Germani,
1368 1357 1500 1403 positam
1527 1356 1563 1390 ad
1586 1356 1697 1403 pedem
1715 1356 1821 1391 Casini
1840 1369 1931 1391 mon-

1180 1406 1232 1447 tis,
1254 1407 1416 1440 castellum
1440 1406 1473 1440 S.
1503 1405 1599 1445 Petri,
1627 1405 1712 1453 quod
1731 1405 1771 1440 ab
1792 1406 1930 1440 antichis

1179 1455 1295 1490 dictum
1317 1464 1363 1489 cst
1385 1455 1680 1494 Castrum-Casini,
1710 1455 1874 1489 castellum
1894 1456 1928 1490 S.

1179 1504 1302 1550 Angeli,
1328 1504 1573 1548 plumbarolam,
1608 1504 1832 1549 pignatarium,
1866 1504 1931 1539 Pe-

1179 1553 1399 1593 ‹lem-Montis,
1423 1553 1615 1597 iuncturam,
1637 1552 1784 1588 Castrum
1806 1553 1840 1588 S.
1858 1553 1931 1588 Am-

1180 1602 1286 1645 brosii,
1308 1603 1342 1637 S.
1365 1602 1588 1650 Appollinaris,
1621 1602 1653 1637 S.
1678 1602 1819 1648 Georgii,
1849 1602 1931 1637 Val-

1180 1652 1240 1686 lem
1262 1651 1434 1698 Frigidam,
1455 1652 1488 1686 S.
1512 1651 1657 1690 Andreae,
1682 1651 1829 1686 Vantram
1859 1651 1931 1687 Μο-

1181 1701 1342 1741 nasdcam,
1359 1700 1507 1735 Vantram
1523 1700 1723 1744 Comitalem,
1745 1700 1778 1736 S.
1796 1700 1932 1748 Stepha-

1181 1751 1226 1790 ni,
1248 1750 1429 1790 Teramum,
1451 1750 1592 1791 Fractae,
1619 1749 1930 1795 Castrum-Novum,

1181 1800 1344 1834 Martulam
1366 1812 1437 1834 cuin
1471 1808 1575 1843 curte,
1603 1811 1683 1846 quae
1704 1799 1820 1834 dicitur
1846 1798 1926 1834 Casa

1180 1848 1313 1888 Fortiui,
1339 1848 1560 1888 Cucurutium,
1593 1848 1778 1890 caminum,
1813 1848 1930 1884 Suium

1181 1910 1252 1932 cum
1268 1897 1416 1932 omnibus
1439 1897 1633 1944 pertinentiis
1654 1898 1720 1932 suis
1741 1910 1778 1932 ex
1799 1907 1931 1945 utraque

1183 1955 1269 1993 parte
1302 1948 1460 1986 lluminis,
1495 1946 1628 1981 Turrem
1656 1947 1694 1980 ad
1723 1959 1807 1980 mare
1842 1947 1930 1982 iuxta

1183 1996 1310 2030 fluvium
1325 1995 1540 2038 Garelianum,
1557 1996 1702 2029 Castrum
1720 1995 1931 2041 Pontiscurvi,

1182 2045 1216 2080 S.
1240 2045 1322 2079 Petri
1346 2045 1376 2079 in
1404 2044 1482 2089 Flia,
1505 2044 1538 2078 S.
1563 2044 1709 2084 Victoris,
1731 2044 1930 2086 Torroclum,

1183 2094 1375 2138 Cervariain,
1397 2094 1503 2128 Sancti
1524 2094 1663 2133 Haeliae,
1680 2093 1933 2128 Vallem-Rotun-

1184 2144 1268 2184 dam,
1294 2144 1562 2183 Sarracinescum,
1590 2142 1773 2186 Cardetuui',
1796 2143 1934 2190 Aquam-

1185 2193 1381 2236 Fundatam,
1403 2192 1597 2236 Vitecosnzn,
1625 2192 1770 2226 Castrum
1798 2192 1932 2232 Cetrarii

1185 2255 1256 2276 cum
1278 2243 1474 2288 pertinentiis
1495 2244 1559 2276 suis
1581 2249 1610 2276 et
1631 2242 1783 2282 ecclesiis,
1803 2242 1833 2275 in
1850 2241 1934 2276 Mar-

1186 2292 1255 2326 cliia
1278 2291 1407 2325 Teatina
1422 2291 1582 2325 castellum
1603 2290 1824 2331 Lastiniacum,
1852 2291 1935 2325 Mon-

1188 2340 1394 2380 tem-Albrici,
1418 2340 1582 2379 Mucclam,
1603 2340 1710 2373 Sancti
1726 2340 1846 2381 Quirici
1863 2351 1935 2373 cum

1189 2399 1291 2436 portu,
1326 2389 1464 2432 Frisam,
1494 2389 1527 2423 S.
1562 2389 1696 2423 Iustam:
1730 2390 1760 2422 in
1784 2388 1936 2423 comitatu

1949 233 2000 263 An.
2019 233 2048 263 C.
2065 233 2133 262 ¹¹23

1188 2439 1346 2473 Asculano
1378 2438 1552 2478 castellum,
1580 2438 1664 2484 quod
1691 2437 1805 2472 dicitur
1832 2437 1938 2471 Octa—
1993 2466 1996 2469 .

1190 2501 1273 2531 vum,
1295 2495 1326 2522 et
1349 2495 1418 2534 post
1442 2494 1593 2528 montem,
1615 2485 1793 2527 Civianum,
1815 2495 1843 2520 et
1866 2486 1938 2520 Tri-

1190 2538 1350 2575 viiranum,
1373 2546 1403 2570 et
1425 2536 1597 2570 Carinum:
1622 2537 1650 2569 in
1675 2535 1855 2582 Principatu
1882 2546 1939 2569 ca-

1225 2598 1263 2633 (1)
1284 2598 1402 2626 Forsitan
1419 2600 1546 2624 ecclesias.
1586 2596 1624 2631 (a.
1645 2597 1686 2631 τ.)
