2180 3205
163 244 213 271 An.
234 243 262 270 tl.
282 242 347 269 ¹125

195 1259 321 1281 Exordium.

171 1675 227 1694 nona
236 1680 286 1695 cum
296 1680 355 1700 prae-

171 1705 248 1724 sentia.
263 1705 309 1721 tum
321 1702 355 1721 ru:-

171 1731 218 1747 tura
244 1732 355 1748 munaste-

170 1755 204 1774 rio
221 1755 355 1775 confirman-

171 1918 248 1938 vaera
260 1924 271 1938 a
280 1918 356 1938 cuius-

171 1950 267 1970 cumque
282 1950 357 1970 perso-

171 1977 213 1991 nae
241 1972 355 1996 molestia,

171 1998 211 2018 sub
234 2003 302 2023 poena
318 2004 356 2018 ex-

171 2026 356 2044 communicatio-

171 2052 355 2072 nisdectarautur.

428 226 500 260 506

978 232 1037 255 But
1040 231 1165 254 mittum
1188 230 1256 252 not:
1262 229 1351 252 ANUM

419 292 535 326 Datum
564 290 664 324 Iani
660 288 707 322 ini
738 299 792 334 pei
818 299 944 320 ιιιιηυιιι
965 285 1123 333 A3merici
1170 284 1352 318 btrnatione
1367 294 1516 317 concessa
1535 289 1619 326 sunt
1636 282 1745 316 usibus
1759 279 1918 315 omnimo-

369 354 419 376 an.
450 351 560 374 ucxxx
599 338 776 371 dominicae
815 336 1049 370 iiiczarnitioiiis.

486 396 545 425 Dat.
569 403 645 424 anno
668 393 751 430 1125,
770 392 874 432 pontif
893 401 1005 422 a.nnot

721 533 775 568 VI.

377 613 580 656 Privileqv'wn
611 611 853 656 confirmationis
883 611 1033 643 bonorum
1051 620 1124 641 om-

424 664 520 701 uiam,
544 662 587 695 ad
600 661 799 704 Saviqniense
813 659 1032 693 monasterium
1044 659 1125 691 Ebo-

422 723 524 744 racen.
553 711 695 744 dioecesis
723 710 922 754 spectantium
950 710 1004 751 (Ἰ).

639 781 853 813 ΞὈΜΜᾹΒΙΗΜ

370 850 538 880 Exordium.
555 866 594 872 —
612 849 690 878 Bona
710 858 776 878 cum
796 848 974 887 praesentia,
997 852 1057 877 tum
1078 847 1126 877 fu-

410 900 473 925 tura
493 895 671 924 monasterio
694 894 919 923 confirmantur:
935 892 1090 922 —Libera
1109 901 1123 921 a

411 939 629 977 cuiuscumque
641 946 785 976 personae
800 936 945 973 molestia,
959 936 1014 965 sub
1031 944 1124 975 poena

413 982 724 1012 excommunicationis
747 981 946 1011 declarantur.

371 1053 500 1082 Honorias
520 1053 660 1088 episcopus
681 1059 775 1080 servus
795 1057 934 1079 servornm
951 1050 1008 1083 Dei,
1028 1050 1127 1079 dilecto

415 1103 471 1130 filio
485 1102 609 1130 Gaafrido
629 1101 721 1129 abbati
734 1101 759 1128 S.
769 1099 915 1127 Trinitatis
927 1100 958 1127 de
975 1100 1125 1135 savigneio,

417 1152 525 1187 eiusque
547 1150 746 1178 successoribus
771 1149 936 1184 regulariter
960 1149 1125 1177 substituen-

422 1201 474 1234 dis,
494 1200 524 1228 in
541 1201 711 1236 perpetuum.

421 1263 469 1298 Ad
495 1263 553 1298 boc
586 1262 676 1297 nobis
702 1274 717 1296 a
746 1261 811 1296 Deo
842 1261 1006 1308 pastoralis
1033 1260 1123 1295 officii

373 1325 445 1348 cura
469 1312 637 1347 commissa
659 1320 716 1352 est,
740 1319 773 1345 ut
799 1319 829 1346 et
852 1311 931 1345 bene
950 1311 1123 1357 placentem

373 1361 441 1397 Deo
481 1362 667 1407 religionem
705 1361 884 1395 laboremus
919 1368 1066 1399 statuere,
1097 1367 1127 1394 et

374 1411 545 1445 stabilitam
582 1418 688 1445 exacta
727 1410 888 1458 diligentia
928 1421 1124 1443 conservare.

373 1461 574 1507 Ea'propter,
589 1459 702 1494 dilecte
718 1460 747 1493 iu
764 1459 900 1493 Domino
915 1458 955 1491 fili
973 1458 1126 1492 Gausride

374 1510 483 1551 abbas,
510 1508 695 1543 venerabilis
730 1508 830 1542 fratris
860 1507 957 1542 nostri
985 1507 1125 1541 Turstini

374 1559 582 1593 Eboraccnsis
596 1558 822 1603 archiepiscopi
840 1557 985 1603 precibus
1002 1556 1127 1590 inclina-

375 1609 409 1649 ti,
436 1608 498 1641 tuis
521 1606 758 1641 rationabilibus
781 1605 1046 1652 postulationibus
1069 1605 1127 1639 du-

376 1657 478 1690 ximus
509 1656 724 1690 annuendum.
759 1655 934 1689 Statuimus
962 1656 1059 1697 enini,
1095 1663 1128 1688 ut

378 1706 599 1739 monasterium
631 1704 664 1738 B.
693 1704 854 1738 Trinitatis
884 1705 922 1737 ‹lt-
944 1703 1128 1750 Savigneio,

376 1755 425 1789 cui
469 1754 537 1788 Deo
577 1762 704 1788 auctore
741 1766 874 1800 praeesse
910 1754 1128 1799 cognosceris,

376 1815 593 1850 quaecumque
644 1803 936 1849 impraesentiarum
979 1803 1058 1836 iuste
1099 1811 1129 1837 et

376 1852 514 1897 legitin:›=
539 1851 686 1897 possidet,
711 1852 796 1885 iirma
826 1851 880 1885 tibi
905 1852 1031 1898 tuisque
1059 1864 1130 1885 suc-

377 1902 567 1944 cessoribus⁷
590 1910 618 1934 et
641 1901 754 1935 illibata
778 1909 997 1947 permaneant:
1030 1913 1129 1946 quae—

378 1963 515 1997 cumque
545 1959 703 1996 praeterea
738 1950 766 1983 in
803 1950 955 1988 futurum,
979 1949 1130 1995 largiente

377 1999 455 2039 Deo,
481 2000 686 2034 concessione
716 1999 919 2042 Pontificum,
946 1998 1129 2032 liberalitate

381 2061 503 2094 regum,
517 2049 681 2094 largitione
705 2048 897 2094 principum,
915 2048 1054 2094 poteritis
1067 2047 1131 2082 atli-

381 2098 470 2144 pisci,
494 2097 581 2132 firma
605 2097 693 2131 vobis
708 2106 737 2131 et
760 2097 876 2142 integra
891 2105 1129 2135 conserventur,

380 2148 461 2181 salva
484 2147 631 2180 nimirum
656 2146 833 2180 dioecesani
859 2146 996 2193 episcopi
1015 2147 1129 2180 iustitia

381 2204 411 2230 et
439 2196 620 2231 reverentia.
646 2195 854 2230 Decernimus
881 2207 966 2241 ergo,
999 2204 1032 2229 ut
1053 2195 1130 2229 nulli

380 2246 511 2279 omnino
533 2245 698 2279 bominum
721 2244 812 2279 liceat
836 2245 1007 2291 praefatum
1027 2257 1132 2279 mona-

382 2294 511 2328 sterium
534 2302 652 2329 temere
672 2294 864 2340 perturbare,
887 2302 938 2328 aut
961 2294 1029 2328 eius
1052 2306 1132 2340 pos-

381 2344 539 2377 sessiones
573 2343 706 2384 auferre‚
748 2343 794 2377 vel
829 2342 946 2377 ablatas
986 2343 1131 2384 retinere,

383 2392 536 2433 minuere,
559 2392 606 2427 vel
630 2393 803 2427 temerariis
823 2392 1038 2426 vexationibus
1061 2391 1133 2426 fati—

383 2453 474 2486 gare3
508 2441 562 2475 sed
603 2442 707 2475 omnia
751 2441 869 2487 integra
910 2449 1134 2475 conserventur

383 2501 505 2530 eorum,
525 2502 580 2536 pro
602 2502 735 2537 quorum
759 2490 1008 2525 substentatione
1027 2497 1056 2524 et
1074 2502 1134 2536 gu-

420 2568 459 2603 (1)
476 2569 514 2595 Ex
532 2577 581 2595 ms.
599 2570 749 2596 monasterii
762 2569 840 2596 huius
851 2570 933 2596 eslitlit
944 2570 1034 2602 Mart„
1048 2573 1111 2597 tom.
1126 2577 1134 2596 1

384 2608 513 2636 Thesaur.
531 2609 600 2636 Nor.
619 2609 759 2642 Anecdot„
778 2617 837 2644 pag.
855 2610 917 2636 561.

1167 334 1216 367 dis
1234 332 1407 387 profutura.
1427 332 1461 366 Si
1484 331 1555 378 quis
1577 339 1680 366 autem
1705 330 1776 365 linic
1793 338 1918 364 nostrae

1166 382 1381 417 constitutioni
1397 381 1512 423 sciens,
1525 380 1689 414 temeratio
1703 392 1780 414 ausu
1797 387 1916 414 contra

1167 432 1210 466 ire
1234 431 1409 471 tentaverit,
1436 429 1642 464 anathematis
1662 428 1850 464 sententiam
1883 439 1918 462 se

1167 481 1287 516 noverit
1310 481 1523 514 incursurum.

1214 531 1330 566 Datum
1353 528 1514 563 Latet-anis
1537 539 1557 561 v
1579 526 1649 562 idus
1667 525 1844 562 decembris
1859 528 1916 570 (1).

1357 585 1420 616 Dat.
1445 585 1492 616 die
1510 585 1528 616 9
1551 583 1727 615 decembris.

1509 735 1577 771 Vll.

1167 815 1365 860 Confirmatio
1406 814 1535 847 ceulencli
1568 820 1718 847 monetam
1755 814 1789 846 in
1828 814 1918 847 terris

1213 865 1272 897 sibi
1299 865 1436 897 subiectis
1462 865 1566 908 favore
1588 863 1720 896 Suvarii
1745 864 1781 896 de
1811 863 1916 896 Malo-

1215 914 1296 946 Ieone
1321 914 1376 946 sub
1404 925 1507 946 annuo
1534 924 1623 946 censu
1647 913 1740 945 unitos
1770 913 1916 946 marchae

1215 963 1288 995 auri
1309 963 1363 1005 (⁶2).

1435 1034 1649 1065 sUMMARmM

1166 1101 1334 1132 Exordium.
1365 1118 1405 1124 —-
1434 1100 1483 1130 lus
1506 1101 1668 1130 excutiendi
1700 1106 1846 1132 monetam
1879 1101 1915 1132 ab

1206 1146 1328 1184 Angliae
1346 1155 1413 1184 rege
1432 1155 1624 1182 concessum,
1643 1154 1657 1174 a
1676 1145 1817 1175 Pontifice
1840 1155 1914 1175 con-

1207 1191 1352 1220 firmatur.
1363 1190 1525 1220 —Census
1540 1199 1658 1220 annuus
1671 1199 1767 1219 aureae
1781 1191 1918 1220 marchae

1208 1235 1377 1274 imponitur.
1399 1251 1439 1256 —
1462 1234 1568 1264 Solitae
1591 1234 1753 1264 clausulae.
1803 1234 1843 1272 (R.
1865 1234 1905 1273 τ.)

1167 1305 1296 1333 Honorius
1316 1305 1456 1341 episcopus
1472 1311 1567 1333 servus
1592 1311 1731 1333 servorum
1746 1304 1800 1338 Dei,
1821 1304 1919 1334 dilectu

1210 1355 1266 1383 filio
1290 1355 1373 1383 nobili
1406 1355 1465 1383 viro
1495 1354 1605 1383 Savario
1633 1354 1665 1382 de
1687 1350 1832 1383 maloleone
1855 1354 1919 1383 Cru-

1213 1405 1362 1440 cesignato,
1387 1405 1503 1432 salutem
1519 1405 1547 1432 et
1565 1403 1742 1439 apostolicam
1757 1403 1919 1433 henedictio-

1214 1461 1284 1482 nem.

1218 1516 1333 1551 Invicta
1356 1516 1433 1551 fides
1451 1524 1482 1551 et
1503 1516 1625 1551 devotio
1648 1515 1801 1551 indefessa
1824 1528 1919 1563 quam

1169 1578 1240 1611 erga
1271 1565 1418 1600 loannem
1452 1578 1556 1612 regem
1579 1565 1754 1611 Anglorum
1782 1566 1920 1600 nosceris

1170 1615 1328 1657 habuisse,
1357 1624 1384 1649 te
1419 1628 1454 1649 ac
1487 1625 1537 1649 tua
1571 1615 1716 1661 ponendo
1756 1627 1812 1661 pro
1840 1615 1919 1661 ipso,

1170 1665 1249 1698 sicut
1287 1665 1328 1698 illi
1365 1665 1525 1698 materiam
1563 1664 1712 1710 praestitit
1753 1672 1783 1698 te
1816 1664 1921 1709 dignis

1171 1714 1343 1748 bonoribus
1383 1713 1551 1757 munerari,
1578 1714 1624 1747 sic
1660 1720 1691 1747 et
1718 1713 1819 1757 nobis,
1858 1714 1920 1748 tuis

1171 1762 1477 1797 remunerationibus
1501 1762 1676 1809 praestandi
1697 1762 1832 1797 savorem
1857 1774 1920 1797 non

1172 1812 1328 1846 immerito
1363 1812 1546 1858 persuadet;
1583 1820 1615 1846 ut
1651 1820 1701 1846 tua
1729 1812 1811 1846 circa
1847 1823 1919 1846 eum

1171 1869 1257 1905 grata
1279 1861 1442 1907 obsequia,
1478 1869 1508 1895 et
1534 1861 1633 1907 ipsius
1668 1873 1741 1907 erga
1775 1869 1804 1895 te
1832 1860 1922 1895 retri-

1172 1910 1277 1945 butam
1322 1910 1453 1956 gratiam
1497 1910 1717 1956 approbantes,
1757 1910 1921 1956 utriusque

1171 1958 1298 1993 Siciliae
1327 1959 1492 1993 reddamus
1515 1959 1784 1993 honorificentiam
1812 1958 1921 1993 clario-

1173 2021 1249 2042 rem.
1269 2007 1349 2043 Cum
1367 2008 1471 2054 igitur,
1492 2009 1573 2043 sicut
1596 2016 1646 2043 tua
1669 2008 1760 2043 nobis
1782 2007 1921 2043 exhibita

1173 2057 1279 2102 petitio
1307 2057 1499 2097 continebat,
1515 2057 1595 2091 idem
1621 2070 1673 2092 rex
1689 2058 1826 2103 pensatis
1853 2065 1923 2092 tuae

1172 2106 1348 2141 devotionis
1363 2107 1522 2153 obsequiis
1538 2107 1568 2140 in
1592 2115 1671 2141 terra
1691 2115 1742 2141 tua
1759 2105 1923 2141 cudendae

1174 2164 1327 2199 monetae,
1344 2156 1398 2190 tibi
1423 2157 1549 2190 liberam
1566 2156 1604 2190 de
1626 2155 1810 2190 liberalitate
1838 2155 1921 2201 regia

1173 2206 1365 2239 concesserit
1386 2205 1576 2245 facultatem,
1593 2206 1674 2239 sicut
1693 2205 1724 2238 in
1743 2205 1811 2239 eius
1826 2204 1921 2238 literis

1175 2254 1296 2299 plenius
1337 2255 1533 2295 continetur3
1573 2266 1642 2297 nos,
1687 2253 1922 2288 concessionem

1174 2303 1352 2337 huiusmodi
1387 2311 1504 2349 gratam
1550 2302 1713 2343 babentes,
1748 2315 1815 2337 eam
1851 2302 1920 2342 tibi,

1173 2354 1254 2386 sicut
1283 2353 1362 2387 iuste
1391 2351 1533 2399 possides
1550 2359 1580 2386 et
1598 2352 1714 2399 quiete,
1736 2352 1920 2386 auctoritate

1174 2402 1341 2448 apostolica
1357 2402 1592 2442 confirmamus,
1608 2409 1638 2435 et
1660 2401 1834 2448 praesentis
1849 2400 1924 2434 scri-

1177 2451 1217 2497 pti
1248 2451 1420 2497 patrocinio
1447 2450 1690 2484 communimus.
1705 2449 1754 2484 Ad
1771 2448 1923 2483 indicium

1210 2528 1248 2563 (Ι)
1265 2528 1421 2555 Edmundus
1438 2529 1555 2554 Martene
1570 2527 1620 2554 hoc
1635 2527 1749 2562 primum
1761 2535 1774 2553 a
1786 2535 1813 2554 se
1823 2526 1924 2554 editum

1175 2569 1342 2603 privilegium
1359 2572 1431 2594 notat
1449 2569 1516 2594 inter
1533 2570 1700 2594 monumenta
1725 2567 1785 2593 anni
1805 2567 1874 2594 11⁸2ss
1898 2570 1925 2594 et

1176 2609 1320 2644 sequentis.
1361 2609 1399 2645 (2)
1416 2608 1455 2634 Ex
1475 2607 1586 2635 Archiv.
1609 2607 1693 2647 Vatic.

1939 233 1989 261 An.
2008 233 2036 264 C.
2055 235 2120 264 1126

1973 1534 2101 1556 Exordium.

2006 2034 2043 2055 Ius
2063 2039 2131 2056 exeu-

1946 2061 2011 2082 dendi
2021 2064 2132 2082 monetam

1947 2088 1973 2108 ab
1983 2088 2072 2113 Angtiae
2081 2092 2132 2113 rege

1947 2119 2077 2135 COllceS5ssm

1947 2140 2053 2162 Pontium.
2077 2145 2131 2161 con·

1947 2167 2056 2188 firmatur.

2173 3155 2180 3205 ⁸...
2174 3127 2176 3132 -
