2180 3205
56 206 104 233 An,
126 206 153 233 C.
173 206 219 233 107
223 208 239 233 2

104 2450 143 2465 nar·
145 2451 223 2471 nmque

37 2469 88 2491 luris
105 2471 154 2491 lelio
147 2477 182 2492 ‘ne
190 2478 224 2492 Ρ(-

37 2496 112 2518 etesias
115 2497 135 2518 ti·
137 2504 163 2522 3,
192 2499 223 2519 ιρι

38 2524 143 2544 saeculari
172 2524 224 2545 libe·

37 2555 82 2571 rum
94 2549 222 2572 declaratur.

887 206 927 229 ΙΙ
930 206 968 228 Ex
975 206 1080 229 ANDER
1104 207 1126 228 ΙΙ
1152 207 1197 228 ΙΨ.

1711 200 1755 231 4Ξὶ

266 259 295 293 iu
323 258 518 294 Com—annno
545 271 616 293 cum
644 258 794 297 omnibus
821 259 894 298 gaio
917 259 1014 306 petti-
1057 258 1130 293 libet
1153 271 1244 305 parva
1273 271 1448 308 magnaque
1471 260 1644 296 ecclesiasti
1639 275 1701 307 ·ca,
1727 275 1804 298 sar·-

264 308 395 342 ucntiis:
421 309 450 342 in
479 308 632 356 Spctiauo
668 321 763 342 unttut
792 320 952 343 mansum:
982 320 1012 342 tn

263 358 380 393 Sancto
401 357 551 393 Floriano
578 370 695 392 unum:
724 370 823 391 unum
853 358 882 391 in
908 357 1013 392 Monte

278 407 449 441 lat-azonis:
466 415 496 441 et
509 406 677 454 quamdam
693 415 810 453 partem
825 407 855 440 in
871 405 1012 453 cappella

262 456 369 490 Sancti
393 456 518 491 Martini
542 456 572 490 in
587 456 721 500 Reverc,
743 464 773 490 et
794 462 929 503 quatuor
947 467 1014 502 par-

263 513 320 544 tes,
348 505 378 539 in
395 505 554 553 praedicta
576 504 709 545 Revere,
732 504 809 539 duas
829 505 858 539 in
878 504 1010 538 ecclesia

262 553 396 589 Sanctae
421 554 549 595 Mariae,
574 566 666 589 uuam
690 554 720 588 in
745 553 863 588 Sancto
884 553 1012 588 Floren-

263 603 340 646 tino,
375 616 470 639 unam
507 603 538 638 in
565 602 682 638 Sancto
717 602 904 643 Laurenti0;
931 602 1012 637 duos

263 664 391 687 mansos
416 653 447 687 in
470 652 662 687 Pulianello:
687 659 717 686 et
751 651 901 699 quicquid
931 652 1010 687 intra

261 701 404 736 Italicum
426 713 559 748 regnum
583 702 662 736 iuste
684 701 834 748 possidet,
849 701 895 736 vel
907 701 932 736 si
948 713 1009 736 non

262 750 411 797 possidet,
435 751 514 786 iuste
526 750 688 798 possidere
703 749 806 785 debet.
826 750 932 797 Itaque
949 758 1009 784 tam

260 811 309 838 ea,
339 811 419 846 quae
454 799 679 847 praediximus,
715 812 808 846 quam
837 812 917 846 quae
954 799 1010 834 de-

261 849 386 883 votione
406 860 605 896 quorumque
634 848 772 883 fidelium
798 850 877 883 iuste
899 850 1010 896 acqui-

261 898 357 932 situra
397 898 548 944 deinceps
586 897 721 941 fuerint,
762 898 790 931 iu
822 906 1008 945 perpetuum

260 947 330 982 sine
355 946 490 982 alicuius
511 946 747 994 inquietudine,
781 955 812 981 ut
837 947 1008 993 praefatum

261 997 488 1031 monasterium
511 996 571 1031 sub
599 996 693 1031 tutela
721 996 802 1030 beati
832 996 915 1031 Petri
944 1009 1008 1044 per-

261 1045 428 1091 petualiter
453 1045 661 1100 suscipimus,
696 1044 855 1092 possidere
881 1054 1009 1100 aposto—

261 1094 320 1129 lica
341 1095 525 1129 auctoritate
547 1106 718 1128 sancimus.
748 1093 826 1128 lllud
851 1094 943 1129 etiam
969 1095 1008 1129 ob

261 1144 469 1178 reverentiam
493 1143 568 1177 tanti
591 1143 796 1181 confessoris
831 1144 1009 1189 praecipui-

262 1204 325 1238 que
350 1192 488 1236 Domini,
525 1192 679 1238 praesenti
706 1192 890 1226 auctoritate
930 1192 1008 1230 tibi,

263 1240 466 1275 dilectissime
488 1241 529 1275 lili
555 1240 731 1275 Giselberte
756 1240 861 1281 amm,
886 1242 1008 1288 tuisque

263 1289 522 1334 successoribus,
556 1298 585 1324 et
619 1290 734 1344 quibus
757 1298 811 1333 tu,
840 1290 885 1324 vel
914 1303 1007 1337 quem

262 1338 432 1384 supradicti
459 1339 641 1373 monasterii
665 1338 774 1373 stauos
796 1339 954 1379 iusserint,
977 1340 1006 1373 in

260 1386 446 1424 sacerdotali
474 1386 576 1421 officio
603 1387 724 1433 positis,
750 1387 924 1434 apostolico
943 1388 1008 1434 pti-

260 1435 373 1481 vilegio
407 1435 622 1490 concedimus,
658 1448 693 1470 cx
729 1436 901 1477 charitate,
928 1449 1007 1484 quae

263 1483 350 1519 Deus
370 1491 428 1529 est,
451 1484 482 1518 in
505 1485 618 1519 virtute
639 1484 745 1519 Sancti
773 1484 924 1532 Spiritus,
950 1498 1007 1520 au-

259 1533 404 1568 ctoritate
439 1533 520 1568 beati
548 1533 632 1568 Petri
667 1534 827 1568 coelorum
858 1534 1004 1581 clavigeri

258 1582 496 1627 confirmamus,
519 1591 551 1617 ut
574 1583 700 1629 populis
722 1595 778 1629 per
799 1583 922 1618 saecula
945 1596 1006 1618 un-

258 1631 424 1678 dequaque
443 1632 630 1666 sanctissimi
651 1632 841 1666 confessoris
862 1632 1005 1679 suffragia

259 1680 436 1726 expetendo
474 1681 756 1715 concurrentibus:
804 1682 868 1715 sive
908 1682 1007 1728 ipsius

257 1737 358 1764 terrae
380 1729 490 1764 incolis
511 1730 549 1764 ad
573 1730 715 1764 eamdem
739 1730 912 1765 Ecclesiam
935 1743 1007 1766 con-

261 1778 474 1813 venientibus:
509 1779 546 1813 ad
571 1779 721 1814 bonorem
744 1779 802 1814 Dei
838 1787 869 1813 et
892 1780 1006 1815 beatis-

259 1827 331 1861 simi
360 1827 508 1874 Prosperi
541 1828 730 1863 confessoris
765 1829 876 1863 devote
911 1841 1006 1876 super

259 1876 370 1931 ipsius.
382 1877 480 1912 sacris
499 1877 638 1924 reliquiis
670 1877 829 1912 solemnes
850 1886 879 1912 et
901 1879 1006 1924 publi-

257 1936 309 1959 cas
330 1925 442 1960 missas
467 1926 646 1967 celebrare,
671 1935 701 1961 et
729 1938 808 1973 pane
830 1926 924 1961 Verbi
947 1927 1004 1962 Dei

256 1985 312 2009 eos
329 1986 468 2021 congrue
490 1975 642 2016 relicere·
665 1983 758 2030 atque
780 1976 905 2022 saepius
924 1988 1005 2032 prae

260 2024 411 2058 nominati
452 2024 571 2059 domini
595 2033 623 2059 et
651 2025 754 2070 magni
783 2026 922 2080 patroni,
958 2026 1005 2060 vi-

257 2071 370 2107 delicet
396 2072 569 2107 beatissimi
598 2073 761 2128 Prospeimi
799 2075 941 2115 metitis,
976 2083 1006 2110 et

258 2129 363 2156 nostra
386 2122 540 2168 praesenti
568 2123 752 2157 auctoritate
776 2123 921 2163 roborati,
951 2137 1006 2159 eo-

260 2182 328 2204 rum
367 2170 496 2205 devotas
530 2171 746 2206 confessiones
774 2172 1004 2219 suscipientes,

257 2227 433 2254 vestrorum
461 2220 622 2266 ipsarum,
657 2220 853 2267 aliorumque
887 2223 1004 2257 oratio-

257 2280 354 2308 num,
376 2280 558 2303 sermonum
586 2281 722 2316 quoque,
750 2270 937 2316 vigiliarum,
961 2271 1005 2305 ie-

258 2317 418 2352 iuniorum
449 2318 565 2362 etiam‚
592 2326 623 2352 et
648 2318 919 2366 eleemosynarum
947 2320 1006 2354 illis

257 2366 533 2402 subministrantes
574 2367 786 2414 praesidium,
817 2368 1003 2403 delictorum

256 2426 366 2449 eorum
389 2416 615 2462 expiandorum
645 2416 813 2451 conferatis
846 2417 1002 2452 solatium.

256 2463 475 2511 Praecipimus
509 2477 656 2512 quoque,
690 2478 729 2500 nc
761 2466 833 2512 quis
860 2467 1002 2502 eiusdem

257 2513 392 2548 civitatis
413 2514 598 2561 episcopus,
633 2514 687 2549 sed
716 2527 774 2550 nec
795 2516 923 2561 quidem
947 2516 1005 2551 ali-

257 2562 328 2609 quis
344 2562 473 2610 primaS,
493 2563 539 2599 vel
555 2563 827 2612 metropolitanus,
845 2573 897 2600 aut
913 2577 1006 2615 quac·

1055 308 1209 342 cularisvc
1237 321 1367 363 persona
1391 310 1564 357 quidquam
1581 323 1700 352 carum,
1723 325 1803 359 quac

1054 369 1148 404 supra
1173 358 1365 398 taxavimus,
1394 367 1570 406 pervertere
1597 361 1725 400 audeat·
1748 364 1802 396 sed

1055 418 1112 440 uec
1138 406 1274 453 aliquam
1299 416 1483 453 potestatem
1516 421 1662 444 exercere
1695 419 1801 445 contra

1053 455 1200 489 eumdem
1225 464 1361 490 vestrum
1385 457 1585 498 coenobium
1610 471 1712 506 noque
1730 472 1804 506 qua-

1054 505 1098 539 vis
1125 504 1290 539 occasione
1313 505 1387 539 inibi
1413 507 1524 541 missas
1545 507 1714 547 celebrare
1749 517 1802 543 aut

1053 553 1280 588 ordinationem
1309 553 1446 600 aliquam
1481 557 1628 601 quamvis
1655 558 1803 602 parvissi-

1054 614 1148 646 mam,
1178 603 1245 637 sine
1269 603 1427 638 voluntate
1457 604 1578 639 abbatis
1601 614 1630 639 et
1654 607 1801 644 fratrum.

1053 663 1164 697 agere:
1204 660 1256 686 aut
1291 653 1651 689 excommunicationem
1692 664 1800 690 contra

1052 712 1106 735 eos
1129 701 1221 745 serie,
1246 701 1290 735 vel
1317 701 1443 749 aliquod
1471 701 1606 737 officium
1630 712 1682 738 aut
1701 705 1804 751 stpul-

1053 758 1151 784 tnram
1181 758 1375 785 mortuorum
1404 751 1577 786 concedere
1600 753 1723 794 audeat,
1749 755 1802 800 qui

1052 811 1114 833 non
1128 799 1191 833 vult
1212 800 1409 835 aeternaliter
1426 799 1579 845 damnari,
1602 809 1632 835 et
1648 811 1799 848 perpetuo

1051 848 1249 883 anathemate
1276 848 1373 883 feriri.
1404 848 1498 891 Quod
1533 851 1558 884 si
1592 850 1698 897 aliquo
1732 864 1803 886 um·

1051 910 1144 944 quam
1179 905 1321 944 tempore
1360 899 1540 945 apparuerit
1575 899 1706 947 aliquis,
1744 901 1796 947 qui

1050 956 1156 981 contra
1194 947 1270 981 baec
1297 947 1341 981 ire
1375 947 1471 992 velit,
1505 950 1690 983 auctoritate
1719 950 1799 984 beati

1051 995 1153 1040 Petri,
1177 1003 1209 1030 ut
1233 996 1457 1042 praediximus,
1487 997 1608 1032 irritum
1634 998 1797 1044 habeatur,

1050 1044 1134 1091 qnod
1150 1046 1394 1100 praesumpserit
1415 1054 1581 1093 appetere;
1605 1059 1706 1095 neque
1728 1056 1800 1089 ate,

1052 1094 1096 1129 vel
1119 1106 1135 1128 a
1158 1094 1219 1128 tuis
1233 1095 1470 1130 successoribus
1491 1095 1665 1131 obediatur.
1690 1097 1802 1142 Porro,

1050 1155 1146 1189 super
1168 1142 1323 1178 electione
1350 1156 1405 1178 seu
1429 1144 1625 1180 ordinatione
1651 1146 1798 1185 abbatis

1051 1192 1080 1225 in
1099 1192 1184 1238 quod
1207 1193 1341 1226 maxime
1362 1192 1446 1227 salus
1460 1194 1696 1229 coenobitarum
1716 1207 1801 1230 com-

1051 1242 1138 1287 petit,
1166 1241 1224 1275 boc
1245 1242 1276 1276 in
1301 1242 1362 1276 line
1385 1243 1565 1288 repetimus,
1590 1252 1621 1277 ut
1645 1252 1729 1278 tanto
1752 1253 1801 1279 tc-

1050 1291 1159 1324 nacius
1181 1290 1306 1325 haereat
1330 1292 1541 1346 prawendum
1564 1301 1594 1327 et
1621 1293 1800 1328 luturoium

1049 1339 1221 1381 mentibus,
1245 1348 1363 1385 quanto
1386 1341 1502 1386 prosui
1526 1341 1653 1388 speciali
1672 1342 1802 1377 velsin-

1048 1387 1147 1433 ‹fulati
1190 1388 1322 1422 utilitate
1355 1389 1531 1423 inculcatur
1569 1390 1722 1425 erebrius.
1764 1392 1798 1426 Si

1048 1437 1119 1483 quis
1146 1449 1221 1482 ergo
1259 1448 1461 1484 quocumque
1496 1452 1525 1472 ιιι
1530 1451 1623 1484 rento
1657 1452 1712 1486 per
1742 1440 1802 1474 ali-

1048 1497 1140 1531 quam
1164 1485 1362 1520 venalitatem
1391 1487 1437 1521 vel
1459 1487 1629 1522 humanam
1651 1489 1798 1534 gratiam,

1048 1534 1196 1569 defuncto
1219 1534 1352 1575 abbate,
1387 1548 1604 1571 successorem
1627 1538 1654 1572 ei
1683 1538 1800 1573 subto-

1047 1596 1119 1629 gare
1147 1585 1411 1630 praesumpserim
1439 1594 1491 1620 aut
1525 1585 1633 1627 aliter,
1661 1599 1752 1633 quam
1783 1600 1799 1622 a

1048 1633 1227 1668 beatissimo
1248 1633 1340 1668 Patre
1359 1642 1467 1669 nostro
1492 1634 1666 1670 Benedicto
1683 1637 1800 1671 consti-

1048 1690 1147 1716 tutum
1171 1691 1232 1723 est,
1272 1683 1303 1717 in
1331 1683 1484 1718 electione
1511 1684 1558 1718 vel
1595 1684 1794 1720 ordinatione

1047 1731 1168 1766 abbatis
1195 1732 1303 1778 egerit,
1341 1732 1452 1767 electio
1479 1732 1529 1767 illa
1562 1733 1609 1768 vel
1636 1734 1793 1769 ordinatio

1047 1782 1229 1815 auctoritate
1244 1789 1370 1815 sanctae
1391 1781 1552 1817 Romanae
1574 1791 1603 1817 et
1624 1783 1795 1829 Apostoli-

1047 1836 1101 1864 cae
1122 1829 1215 1864 Sedis
1248 1831 1431 1865 omnimodo
1458 1831 1610 1866 habeatur
1636 1833 1738 1873 irrita3
1765 1841 1796 1867 et

1047 1887 1189 1913 auctores
1210 1879 1279 1914 eius
1307 1880 1352 1913 vel
1385 1879 1593 1919 mediatores,
1632 1881 1691 1915 nisi
1716 1882 1796 1916 resi-

1048 1928 1193 1974 puerint,
1222 1937 1372 1975 perpetuo
1405 1929 1542 1963 damnati
1570 1930 1633 1964 sint
1663 1930 1795 1965 anathe-

1047 1986 1128 2011 mate
1144 1986 1312 2012 maranata.
1325 1977 1408 2012 Hinc
1424 1978 1518 2013 huius
1530 1979 1683 2025 privilegii
1699 1988 1798 2015 trans-

1046 2038 1182 2072 gressor,
1209 2027 1401 2074 quicumque
1428 2036 1544 2062 temere
1567 2036 1685 2063 tentare
1712 2041 1800 2074 prae·

1046 2076 1228 2121 sumpserit,
1262 2075 1405 2111 districto
1437 2076 1633 2111 anathemate
1655 2089 1689 2111 se
1717 2089 1797 2112 con-

1046 2124 1228 2159 demnatum
1252 2126 1391 2165 noverit,
1413 2125 1472 2159 nisi
1493 2125 1572 2160 forte
1590 2125 1794 2172 resipiscens,

1047 2173 1142 2219 digne
1163 2174 1358 2208 satisfecerit.
1381 2174 1441 2215 Qui
1466 2186 1538 2209 vero
1560 2174 1694 2209 devotus
1716 2187 1795 2209 con-

1046 2230 1184 2256 servator
1209 2223 1361 2263 extiterit,
1384 2223 1499 2257 divinis
1522 2224 1679 2270 repleatur
1694 2223 1794 2259 bene-

1046 2271 1251 2315 dictionibus,
1272 2280 1303 2306 et
1325 2272 1476 2319 principis
1502 2273 1716 2319 apostolorum
1739 2285 1793 2307 au-

1046 2321 1186 2354 ctoritate
1213 2320 1251 2354 ab
1273 2321 1421 2355 omnibus
1454 2320 1640 2356 delictorum
1664 2333 1794 2357 suorum

1046 2369 1224 2403 absolvatur
1248 2369 1390 2404 nexibus.
1420 2370 1532 2404 Amen.

1094 2418 1209 2452 Datum
1234 2418 1337 2452 Lucae
1359 2426 1470 2465 quarto
1507 2419 1578 2454 idus
1607 2419 1708 2454 martii
1741 2432 1797 2466 per

1046 2480 1158 2501 manus
1184 2468 1268 2501 Petri
1295 2476 1421 2502 sanctae
1442 2467 1603 2502 Romanae
1637 2468 1796 2503 Ecclesiae

1047 2517 1149 2563 presb.
1172 2516 1290 2551 cardin.
1319 2525 1349 2550 et
1377 2516 1627 2556 bibliothecarii;
1655 2529 1736 2552 auno
1763 2530 1793 2552 xi

1047 2566 1247 2612 pontificatus
1273 2565 1393 2601 domini
1422 2565 1593 2601 Alexandri
1620 2565 1647 2600 ll
1675 2578 1794 2614 papae3

1830 227 1877 253 An.
1898 227 1926 254 C.
1945 229 2012 256 (072

1852 900 1940 923 lrritun.
1950 907 1991 926 μιιι
1982 901 2009 944 ιιΙΣΙ

1826 927 1878 956 quid
1887 930 1959 947 contra
1969 928 1996 946 Ιιυ

1826 953 1958 979 privilegium
1988 960 2010 973 a·

1826 982 1881 1000 ctum
1895 980 1965 1003 suerit
1974 980 2009 1000 ‹le-

1826 1007 1924 1028 cernitur.

1852 1143 1881 1163 Dc
1905 1144 2008 1164 electi-ne

1825 1169 1909 1190 abbatis
1928 1170 2008 1196 alisque

1825 1201 1836 1214 ν
1844 1197 1972 1217 ιῃ3Ιιῑ3ῑῡ,(·ῑ
1981 1197 2009 1217 sa·

1824 1228 1874 1243 vare
1903 1223 2006 1243 facienda.

1860 1851 2007 1871 Exconimuni-

1821 1878 1876 1897 ratio
1905 1877 2006 1897 adversus

1821 1904 1934 1924 violatam-s
1944 1904 2005 1924 huius

1822 1930 1934 1956 privilegii.
