2180 3205
167 240 215 266 An.
235 239 263 266 C.
286 239 351 265 ¹153

169 1179 192 1201 Ei
203 1180 303 1201 allodium
314 1186 353 1207 pet·

188 1212 335 1232 investituram

193 1243 331 1263 conceditur:

185 1585 226 1607 Sub
243 1591 309 1606 censu
319 1591 356 1605 an-

187 1623 228 1638 nuo
244 1617 282 1637 100
299 1617 346 1637 libr.

221 1648 316 1673 argenti:

187 1735 326 1755 Devolutione
336 1736 357 1755 in

195 1767 298 1787 intem-um
315 1766 339 1785 :id

174 1797 249 1817 Sortem
265 1797 359 1822 Aposto-

175 1828 235 1848 lieani
246 1831 291 1854 post
303 1828 359 1847 eius—

175 1859 221 1879 dem
237 1859 330 1883 obitum3

189 1926 345 1954 Hospitalitate,

192 2123 216 2144 Et
231 2124 360 2148 conditione,

180 2159 201 2175 ut
217 2156 262 2176 eius
283 2156 361 2175 arcium

180 2187 279 2207 custodes
295 2186 364 2206 tuteli-

181 2220 245 2237 t.·teni
262 2216 282 2236 S.
299 2217 323 2236 A.
335 2217 365 2236 iu-

182 2253 228 2268 rare
244 2248 348 2272 debeam3

196 2325 270 2346 Eadem
287 2326 349 2346 inve-

183 2359 257 2378 stitura
274 2356 364 2377 Henrico

192 2387 291 2408 Barariae
306 2389 352 2408 duci

183 2420 308 2440 court-uitur
319 2425 364 2439 eum

197 2450 276 2470 eisdem
293 2449 354 2469 clau-

245 2480 305 2500 sutis.

416 229 485 261 468

365 293 498 327 iustitiae
526 290 665 324 extitisse
699 288 910 333 cognosceris.
939 289 968 322 et
1004 287 1112 321 novis-

364 343 441 375 sime
463 340 575 374 diebus
595 341 673 382 istis⁷
700 351 757 372 nec
781 350 931 385 personae
953 344 1036 375 tuae,
1054 348 1111 370 nee

365 391 506 436 propr²ae
545 388 701 435 parcendo
741 387 902 432 pecuniae,
939 398 994 433 pro
1031 385 1108 419 beati

363 440 447 474 Petri
472 439 597 472 servitio
625 438 739 471 multos
762 437 884 470 labores
907 443 936 470 et
959 436 1109 469 immensa

365 488 501 534 pericula
537 487 700 533 pertulisti.
735 486 815 519 Cum
851 497 944 530 ergo,
978 492 1110 519 testante

365 550 452 571 szirro
479 536 625 591 eloquio
662 536 753 569 etiam
792 534 862 568 mali
894 543 996 580 patres
1030 533 1108 567 bona

365 587 433 620 data
458 586 529 620 siliis
556 598 622 619 suis
648 585 782 621 debeant
805 583 964 630 impartire
989 586 1041 626 (a).
1069 582 1113 616 di-

364 648 460 679 gnum
478 634 616 681 proferto
638 642 695 673 est,
719 641 750 667 ut
767 645 835 668 nos.
858 633 909 680 qni
926 633 1112 677 disponente

364 685 501 720 Domino
539 683 693 718 universis
738 682 908 717 catholicae
953 681 1112 716 Ecclesiae

366 735 437 768 titiis
461 733 614 767 debemus
646 732 846 766 solicitudine
873 740 1001 778 paterna
1033 743 1113 764 con—

366 783 479 823 sulere,
504 794 667 828 personam
690 789 773 816 tuam
796 781 912 815 arelius
934 780 1113 825 diligamus.

366 840 397 867 et
423 840 580 879 tamquam
615 830 842 878 specialissimo
868 829 1030 864 Ecclesiae
1057 829 1114 863 (le-

366 881 481 916 seosori
510 882 539 915 in
575 881 642 924 liis,
669 892 748 927 quae
776 879 814 914 ad
849 888 963 914 statum
992 878 1113 922 imperii

366 930 397 965 in
424 943 482 966 suo
510 930 621 964 robore
649 928 913 968 conservandum,
941 936 970 962 et
995 927 1114 961 utilita-

366 988 428 1015 tem
452 992 486 1014 ae
508 979 724 1013 liberationem
753 978 925 1020 catholicae
954 977 1115 1011 Ecclesiae

366 1038 507 1076 spectare
533 1037 716 1072 noscuntur,
739 1035 799 1061 tam
823 1026 998 1062 seeundum
1021 1026 1115 1060 eecle-

366 1080 526 1113 siasticum
561 1078 717 1121 ollicium7
750 1089 843 1124 qnam
879 1075 1115 1122 temporaliter,

366 1128 599 1175 imperatoriam
629 1127 797 1172 potentiam
833 1137 1013 1171 augeamus.
1048 1124 1116 1159 Hoc

368 1178 516 1212 nimirum
550 1177 664 1210 intuitu
691 1175 840 1210 allodium
870 1175 970 1209 bonae
993 1186 1117 1208 memo—

368 1228 430 1262 riae
458 1226 636 1260 comitissae
658 1224 819 1268 Matliilde,
841 1224 926 1271 quod
947 1224 1052 1270 utique
1079 1223 1117 1257 ab

368 1289 401 1310 ea
424 1276 516 1310 beato
538 1275 632 1310 Petro
654 1282 776 1309 constat
794 1286 862 1308 esse
885 1273 1044 1312 collatum.
1069 1285 1119 1305 vo-

367 1325 417 1360 bis
439 1325 678 1365 committimus,
705 1332 735 1357 et
750 1336 787 1358 ex
803 1322 1003 1370 Apostolicae
1025 1321 1118 1356 Sedis

368 1374 602 1421 dispensatione
621 1373 837 1415 concedimus,
865 1380 957 1419 atque
981 1372 1009 1405 in
1035 1383 1119 1418 prae-

368 1425 468 1459 sentia
496 1424 625 1458 fratrum
658 1431 834 1457 nostrorum
863 1421 1118 1468 archiepiscopo-

369 1486 460 1513 rum,
499 1474 742 1520 episcoporum,
786 1471 955 1514 abbatum,
996 1482 1117 1504 necnon

369 1523 549 1570 principum
573 1530 603 1556 et
631 1522 795 1561 baronum,
825 1533 880 1567 per
900 1519 1052 1554 annulum
1077 1519 1120 1553 in-

371 1573 538 1606 vestimus:
564 1572 602 1605 ita
632 1571 796 1614 videlieet,
820 1579 852 1604 ut
876 1577 1002 1604 eentum
1028 1568 1120 1602 libras

371 1622 489 1665 argenti
517 1620 651 1665 singulis
678 1620 768 1654 annis
791 1619 880 1654 nobis
902 1628 931 1653 et
954 1630 1119 1652 successo-

373 1672 458 1705 ribus
487 1671 600 1704 nostris
622 1670 763 1707 exolvas,
791 1676 821 1702 et
847 1676 916 1715 post
938 1676 1025 1702 tuum
1049 1667 1120 1701 obi-

372 1728 436 1754 tum
465 1720 638 1766 proprietas
660 1719 695 1752 ad
721 1719 768 1753 ius
796 1727 825 1752 et
852 1717 1028 1752 dominium
1045 1729 1121 1751 san—

373 1779 438 1803 ctae.
461 1769 621 1803 Romanae
651 1768 811 1802 Ecclesiae
845 1779 915 1800 eum
944 1766 1121 1811 integritate

372 1819 491 1865 absque
506 1818 717 1852 diminutione
733 1825 763 1851 et
779 1813 919 1851 molestia
937 1824 1120 1850 revertatur.

372 1868 464 1910 Quod
488 1869 512 1902 si
542 1880 600 1902 nos
629 1866 678 1901 vel
713 1878 913 1900 successores
939 1873 1064 1900 nostros
1091 1865 1120 1898 in

373 1917 514 1952 eamdem
539 1925 650 1951 terram
680 1916 802 1955 venire,
826 1927 963 1955 manere,
990 1914 1123 1948 transire

374 1966 559 2013 oportuerit,
586 1975 647 2000 tam
676 1966 705 1998 iu
735 1964 947 2011 susceptione,
976 1976 1068 2010 quam
1093 1964 1122 1997 in

376 2016 596 2063 procuratione
612 2023 704 2061 atque
718 2026 830 2049 securo
844 2013 1014 2052 conductu,
1031 2022 1123 2059 prout

375 2066 554 2110 Apostolica
577 2064 677 2099 Sedes
704 2064 894 2106 det-reverit7
920 2063 1123 2097 honoremur.

377 2115 438 2156 Qui
464 2127 534 2148 vero
557 2126 643 2148 arces
671 2113 816 2152 tenuerit,
840 2113 885 2147 vel
903 2120 1004 2147 rector
1027 2120 1125 2146 terrae

380 2165 487 2203 luerit,
524 2164 612 2197 beato
647 2163 739 2196 Petro
766 2170 796 2196 et
823 2162 914 2196 nobis
948 2161 1125 2207 nostrisque

378 2213 615 2247 successoribus
644 2212 822 2246 fidelitatem
852 2211 977 2245 faciant.
1012 2210 1126 2245 Caete-

379 2276 446 2296 rum
477 2275 530 2306 pro
553 2263 680 2295 caritate
704 2268 814 2299 restra,
839 2260 933 2294 nobili
957 2261 1022 2294 viro
1038 2259 1126 2293 Hen-

380 2312 444 2345 rico
466 2311 614 2345 Barariae
638 2311 708 2345 duci
729 2322 844 2356 genero
860 2319 974 2349 vestro,
997 2318 1026 2343 et
1046 2309 1126 2343 filiae

380 2369 498 2394 vestrae
522 2361 608 2394 oxori
636 2360 720 2403 eius,
747 2360 889 2393 eumdem
913 2367 1025 2393 terram
1054 2371 1125 2392 cuin

383 2410 517 2453 piael'ato
550 2422 644 2443 censu
668 2418 698 2443 et
726 2409 915 2455 supradictis
937 2408 1129 2442 conditioni-

382 2458 439 2492 bus
471 2459 639 2503 apostoli‹·.a
682 2458 872 2503 benignitate
906 2457 1127 2491 concedimus:

382 2507 421 2541 ita
451 2515 564 2545 tamen,
588 2515 620 2540 ut
643 2507 725 2541 idem
749 2507 811 2540 (lux
837 2507 1009 2540 liomininm
1028 2507 1129 2550 saciat,

382 2565 413 2591 ct
441 2555 618 2590 fidelitatem
645 2556 732 2590 beato
768 2556 861 2590 Petro
888 2568 923 2590 at:
950 2555 1042 2590 nobis
1071 2568 1131 2590 110-

420 2615 458 2651 (α)
475 2616 537 2642 Luc.
556 2623 595 2647 xi,
616 2616 656 2642 15.
730 2618 766 2650 (n.
785 2616 824 2650 T.)

959 232 1095 256 BULLAni
1102 232 1147 254 ΟΜ
1169 231 1330 253 ROMANUM

1153 285 1288 332 strisque
1308 283 1541 319 suecessoribus
1561 282 1651 317 iuret.
1674 282 1749 317 Post
1764 293 1899 330 quorum
1948 324 1953 329 .

1152 338 1285 378 obitum,
1313 337 1506 385 praedictum
1530 336 1706 371 comitissae
1728 335 1900 371 Matliildae

1152 393 1301 427 allodium
1347 392 1374 425 in
1411 391 1459 425 ius
1493 398 1524 425 et
1560 390 1734 424 dominium
1775 398 1902 424 sanctae

1153 447 1314 481 Romanae.
1337 444 1514 487 Ecclesiae,
1548 444 1631 479 sicut
1657 456 1750 490 supra
1782 443 1901 478 dietum

1152 509 1209 538 est.
1234 501 1389 543 integrum
1417 507 1447 534 et
1468 497 1821 545 absque'diminutione
1847 505 1902 532 at-

1153 567 1214 601 que
1249 554 1432 588 ‹fitticuttaie
1466 553 1567 599 aliqua
1607 552 1789 586 reducatur:
1818 551 1902 585 salvo

1155 617 1257 643 tamen
1281 620 1406 655 semper
1427 607 1457 641 in
1486 606 1635 641 omnibns
1657 604 1844 640 eiusdemS.
1859 604 1900 639 R.

1156 663 1191 697 E.
1218 663 1285 697 iure
1311 675 1347 697 ae
1371 662 1567 709 proprietate.

1204 717 1273 751 Dat.
1302 716 1370 751 Lat.
1399 728 1429 749 v1
1444 715 1515 749 idus
1537 713 1615 749 iunii
1637 716 1695 758 (t).

1431 771 1493 802 Dat.
1510 772 1526 802 8
1545 771 1631 801 iunii.

1357 924 1642 974 COELESTINUS
1678 924 1704 972 ll

1425 1016 1519 1046 PAPA
1540 1015 1628 1046 CLXV

1208 1086 1300 1118 Anno
1314 1095 1404 1118 aerae
1423 1083 1536 1117 Christi
1545 1095 1651 1116 comm.
1669 1084 1705 1116 M
1708 1084 1808 1117 CXL!
1812 1084 1857 1117 ll.

1163 1167 1296 1248 Gaulo,
1324 1209 1450 1243 natione
1481 1207 1620 1248 Tuscus,
1654 1206 1814 1254 presbyter
1836 1219 1908 1242 car-

1159 1264 1272 1298 dinalis
1293 1263 1400 1298 Sancti
1423 1262 1538 1302 Marci,
1566 1261 1684 1296 electus
1717 1269 1764 1295 est
1785 1261 1908 1296 Roma-

1161 1331 1220 1352 nus
1250 1317 1394 1352 Pontifex
1431 1317 1482 1351 die
1509 1318 1556 1351 ⁰26
1589 1315 1778 1363 septembris
1804 1318 1908 1358 1143,

1161 1373 1273 1418 dieque
1296 1371 1419 1414 eadem,
1446 1383 1526 1417 quae
1550 1371 1579 1404 in
1607 1369 1763 1404 dominica
1788 1370 1909 1414 incidit,

1160 1426 1323 1460 ordinatus
1349 1432 1378 1459 et
1401 1424 1639 1468 inthronizatus,
1666 1436 1701 1458 ac
1720 1423 1911 1459 dictusCoe·

1161 1479 1292 1514 lestinus
1320 1479 1414 1513 liuius
1447 1477 1583 1512 nominis
1616 1478 1785 1512 secundus.
1821 1477 1911 1512 Sedit.

1161 1534 1191 1567 in
1216 1532 1395 1578 pontificatu
1424 1544 1547 1566 meuses
1575 1544 1602 1572 v,
1628 1531 1694 1566 dies
1710 1544 1780 1576 xiii,
1806 1532 1911 1578 impe-

1163 1586 1303 1621 rantibus
1330 1586 1359 1619 in
1393 1584 1524 1619 Oriente
1550 1585 1696 1619 Mannele
1723 1584 1910 1627 comneno,

1163 1641 1192 1674 in
1223 1639 1394 1674 Occidente
1416 1639 1563 1674 Conrado
1585 1639 1626 1673 ΙΙΙ
1655 1639 1910 1685 imperatoribus.

1162 1694 1250 1728 Obiit
1276 1692 1433 1739 siquidem
1471 1692 1522 1727 die
1555 1696 1576 1727 9
1612 1693 1714 1727 martii
1749 1693 1912 1739 sequentis

1163 1748 1245 1782 anni.
1270 1755 1299 1780 et
1322 1747 1464 1794 sepultus
1485 1754 1532 1781 est
1555 1746 1584 1780 in
1612 1746 1754 1781 Ecclesia
1776 1746 1913 1782 Latera-

1164 1802 1263 1836 nensi.
1291 1800 1420 1835 Vae-avit
1446 1800 1537 1835 sedes
1564 1800 1632 1835 dies
1653 1812 1704 1835 ιιι.

1531 1923 1555 1958 Ι.

1168 1998 1368 2042 Confirmatio
1401 1998 1549 2031 bonorum
1571 1997 1725 2034 onmium,
1757 1999 1800 2031 ad
1820 2008 1916 2031 cano-

1216 2053 1297 2085 nicos
1327 2052 1437 2086 Sancti
1458 2052 1602 2085 Mariani
1624 2051 1808 2095 Euqubi'nae
1839 2051 1915 2084 clvi-

1216 2106 1285 2139 tati's
1310 2106 1539 2150 pertinentium,
1571 2096 1619 2139 eui
1646 2105 1813 2150 privilegia
1842 2117 1916 2139 non-

1216 2161 1303 2194 nulla
1330 2161 1536 2193 conceduntur
1563 2161 1620 2202 (2).

1434 2232 1649 2263 SUMMARIUM

1168 2295 1334 2325 Exordium.
1352 2311 1392 2317 -—
1411 2294 1488 2324 Bona
1507 2295 1542 2325 ad
1566 2295 1724 2325 canonicos
1743 2294 1916 2334 pertinentia

1209 2340 1434 2376 contii-mantum
1454 2356 1494 2361 —
1510 2339 1549 2369 Ex
1568 2339 1604 2368 iis
1627 2339 1768 2369 nonnulla
1792 2348 1916 2368 enume-

1209 2388 1330 2420 rantur3
1366 2401 1406 2406 —
1438 2383 1584 2413 Nonnulla
1619 2383 1730 2412 eisdem
1766 2382 1918 2421 privilegia

1210 2428 1421 2457 conceduntur.
1437 2444 1477 2449 —
1493 2426 1652 2457 Coelestini
1670 2427 1723 2456 PP.
1743 2431 1771 2456 et
1794 2426 1822 2456 S.
1839 2426 1870 2456 R.
1887 2425 1918 2456 E.

1211 2471 1404 2501 cardinalium
1428 2471 1668 2510 subscriptiones.

1207 2536 1245 2571 (Ι)
1263 2536 1365 2563 Scilicet
1380 2544 1449 2563 anno
1468 2536 1544 2567 ¹155,
1561 2544 1614 2571 quo
1629 2544 1751 2563 concessa
1769 2535 1919 2564 huiusmodi

1172 2581 1211 2603 est
1229 2577 1396 2603 investitura.
1435 2577 1473 2611 (⁹2)
1492 2577 1529 2603 Ex
1549 2576 1708 2603 membranis
1726 2576 1836 2603 archivii
1860 2577 1919 2604 Eu-

1174 2616 1264 2651 gubiui
1283 2616 1363 2643 edidit
1379 2616 1492 2652 Ughett„
1509 2616 1567 2643 ltal.
1584 2616 1655 2650 Sac„
1673 2620 1737 2644 tom.
1754 2624 1774 2644 ι.

1915 226 1964 255 Au.
1984 226 2012 253 C.
2031 225 2099 261 Ηξβ
