2180 3205
428 258 492 291 874
980 264 1163 288 archinimi
1184 263 1338 287 nouantur

383 329 614 364 Steinl'cldense
636 327 868 360 monasterium
890 326 995 359 ordini
1018 327 1248 360 canonicorum
1278 326 1484 369 Regularium
1508 326 1612 359 Sancti
1635 326 1802 367 Augustini
1824 327 1936 363 datur.

472 374 536 406 litii
558 374 585 405 [ι.
611 373 751 414 Regulae
773 371 804 404 in
827 382 865 404 co
887 371 1119 408 observandae,
1142 371 1206 403 417
1227 382 1258 404 a.

384 429 497 462 Stokes
518 427 584 468 (dcl
605 426 746 458 Ecclesia
775 432 804 458 et
836 425 1032 458 monasticus
1061 425 1141 458 ordo
1165 425 1195 457 in
1217 426 1332 457 eodem
1363 426 1434 458 loco
1462 425 1637 466 institutus,
1661 426 1720 458 sub
1741 425 1941 469 protectione

472 477 581 515 Apost.
606 470 697 504 Sedis
718 470 930 513 recipiuntur,
954 470 1104 513 bonaque
1125 469 1234 502 onmia
1256 469 1503 508 confirmantur,
1525 469 1588 503 769
1610 471 1638 502 b.

383 525 516 560 sturmii
538 526 601 567 (B.)
621 524 747 556 abbatis
768 523 936 556 Fuldensis
956 523 1170 558 canonizatio.
1196 523 1328 567 eiusque
1349 523 1523 567 adscriptio
1550 523 1580 556 in
1608 534 1780 557 numerum
1809 530 1938 556 sancto-

475 580 545 602 rum
565 570 797 605 consessorum,
822 567 885 600 437
908 568 935 600 Ιι.

384 623 580 657 Subdiaconi
603 622 758 655 uxoribus
779 628 927 654 vacantes
948 633 965 654 a
986 633 1077 655 sacro
1098 622 1217 655 Ordine
1239 628 1264 654 ct
1291 622 1449 655 beneficio
1467 628 1537 655 sunt
1562 622 1760 659 removendi,
1787 621 1845 654 198
1865 632 1894 654 a.

384 677 570 710 Sublacensi
593 676 792 709 monasterio
814 676 1047 709 monasterium
1068 678 1098 709 S.
1120 676 1242 709 Erasmi
1265 676 1385 708 Romae
1408 676 1437 708 in
1460 676 1564 708 Monte
1582 676 1690 708 Coelio
1704 675 1735 708 in
1750 681 1942 719 perpetuum

473 721 673 757 conceditur,
698 720 757 753 ι191
782 731 801 752 α
822 726 852 753 et
873 721 901 752 Ι).
927 720 1086 754 Statutum
1109 721 1136 753 ei
1156 721 1271 756 datur,
1293 731 1332 753 ne
1363 720 1492 753 cuilibet
1524 720 1631 753 abbati
1664 720 1749 760 illius
1779 720 1864 753 bona
1890 720 1939 752 di-

474 767 618 810 lapidare.
643 765 756 800 liceat:
781 766 867 809 quod
890 765 914 797 si
936 765 1113 808 contingat,
1137 766 1176 797 ad
1198 766 1314 799 Sedem
1336 765 1555 809 Apostolicam
1587 776 1656 798 esse
1685 765 1941 804 reclamandum,

475 811 538 844 742
559 822 588 843 a.

386 866 574 902 Succcntor‚
603 864 681 908 quid
701 864 752 904 sit,
776 863 840 896 ν280
862 865 889 896 b.
920 864 953 896 V.
979 870 1044 897 not.
1071 864 1110 897 ad
1131 865 1252 897 calcem
1276 865 1394 905 colum.
1416 864 1518 897 ciusd.

386 918 562 952 Suffocatio
583 918 683 961 prolis
704 917 857 950 delictum
880 917 971 950 cuius
992 917 1143 950 atrocitas
1164 917 1329 961 Scriptura
1350 924 1378 950 ct
1402 917 1548 950 Patribus
1569 917 1764 955 declaratum·
1789 916 1852 950 734
1871 928 1901 949 α.

385 972 490 1006 Svetia
511 971 649 1005 simonia
669 977 696 1004 et
728 971 964 1004 ecclesiasticae
985 971 1173 1014 disciplinae
1204 971 1444 1003 inobservantia
1464 971 1666 1007 labefactata,
1684 970 1746 1003 736
1758 982 1789 1003 α.
1814 970 1939 1004 Exhor—

478 1022 584 1050 tantur
604 1015 728 1049 Svetiae
754 1015 897 1059 episcopi
919 1015 959 1048 ad
981 1016 1064 1048 mala
1086 1016 1164 1048 haec
1187 1015 1393 1059 impedienda
1415 1021 1445 1048 et
1466 1015 1673 1055 eradicanda,
1698 1015 1777 1048 ibid.
1803 1016 1847 1057 b„

386 1071 492 1104 Swina
513 1071 580 1113 (de)
607 1076 637 1103 et
668 1070 707 1102 de
736 1070 849 1103 Cotum
880 1070 1038 1103 moniales
1071 1077 1237 1112 exemptae
1267 1069 1475 1102 declarantur
1500 1080 1517 1101 a
1538 1068 1699 1101 solutione
1720 1069 1942 1108 decimarum,

476 1114 539 1148 802
557 1126 587 1147 a.

1149 1239 1190 1279 T

389 1403 555 1436 Taliacozo
575 1402 642 1445 (de)
662 1401 928 1478 Bartholomaeus
949 1406 1073 1433 recusat
1096 1400 1347 1433 consuetudines
1368 1399 1450 1432 male
1478 1405 1604 1432 exactas
1619 1426 1626 1434 ,
1651 1406 1682 1432 et
1702 1400 1860 1433 recusatio
1881 1400 1949 1433 eius

480 1453 547 1480 rata
568 1447 717 1486 habetur,
746 1445 808 1478 747
839 1458 857 1478 ι.

390 1500 642 1534 Tarentasiensis
662 1500 803 1533 Ecclesia
828 1499 1002 1532 Viennensi
1023 1499 1205 1535 subiicitur,
1229 1498 1271 1531 86
1292 1510 1323 1535 (1,
1348 1497 1411 1531 208
1431 1510 1461 1531 (t.

389 1557 570 1588 Tarracona
591 1554 675 1587 inter
694 1553 872 1586 nobiliores
892 1552 1064 1596 Hispaniae
1085 1553 1182 1585 urbes
1203 1563 1221 1585 a
1242 1553 1436 1595 Berengario
1456 1553 1620 1586 Romanae
1650 1553 1809 1586 Ecclesiae
1840 1553 1944 1586 dona-

480 1606 542 1639 tur,
566 1599 630 1631 ΔΙῖᾶὕ
650 1609 680 1631 α.
705 1599 957 1630 Instrumentum
980 1597 1075 1629 huius
1097 1597 1290 1629 donationis.
1322 1597 1354 1629 V.
1380 1602 1445 1629 not.
1470 1598 1510 1630 ad
1531 1598 1652 1630 calcem
1679 1598 1797 1631 colum.
1822 1598 1924 1630 eiusd.

389 1653 639 1688 Tarraconensis
663 1652 804 1685 Ecclesia
824 1651 1016 1694 reparanda,
1040 1650 1104 1683 r1124
1126 1651 1142 1682 b
1164 1656 1192 1683 et
1214 1661 1278 1694 seq.
1306 1651 1351 1683 Ab
1374 1653 1594 1693 Agarenorum
1617 1651 1766 1684 manibus
1787 1651 1947 1684 vindicata

479 1697 659 1732 Ausonensi
680 1696 833 1740 episcopo
855 1695 1078 1733 committitur,
1095 1696 1277 1738 usquedum
1299 1695 1434 1738 pristino
1455 1696 1549 1728 statui
1571 1707 1608 1729 ac
1636 1696 1799 1739 splendori
1826 1696 1945 1729 redda-

480 1750 542 1784 tur,
572 1742 629 1774 1:36
650 1753 668 1774 a
688 1747 717 1774 et
737 1751 801 1784 seq.
822 1740 999 1784 Episcopus
1019 1739 1117 1783 pallio
1136 1745 1320 1777 exornatur,
1350 1739 1406 1772 1:37
1429 1741 1457 1772 la.
1483 1740 1557 1773 Eius
1579 1741 1730 1783 dignitas,
1755 1739 1819 1773 -283
1839 1751 1869 1773 α.

389 1797 551 1831 Tarvisina
582 1795 723 1829 Ecclesia
754 1795 812 1827 sub
846 1794 945 1826 tutela
976 1793 1067 1827 Sedis
1098 1793 1300 1836 Apostolicac
1332 1793 1527 1837 suscipitur,
1553 1793 1616 1826 7-25
1637 1795 1673 1831 b,
1698 1793 1762 1827 825
1793 1794 1810 1826 h
1832 1800 1862 1827 et
1883 1805 1946 1844 seq.

481 1841 709 1875 Concessiones
727 1845 757 1872 et
778 1839 863 1871 bona
885 1838 995 1871 omnia
1015 1838 1043 1871 ei
1062 1837 1307 1883 confirmantur,
1333 1838 1410 1870 ibid.
1436 1838 1588 1882 Novaque
1606 1839 1806 1882 approbatur
1827 1844 1948 1872 consti-

483 1886 562 1919 tutio
583 1896 642 1930 pro
663 1884 895 1917 canonicorum
917 1883 985 1916 eius
1007 1882 1231 1920 indemnitate,
1256 1882 1319 1915 8-26
1340 1893 1369 1915 (ι.

391 1940 551 1974 Tassionis
571 1945 600 1972 et
622 1938 753 1971 Roberti
781 1937 908 1970 comitis
930 1937 968 1970 de
988 1936 1148 1970 Loretello
1175 1936 1308 1969 fratrum
1332 1937 1523 1970 donationes
1549 1937 1648 1970 sactae
1679 1937 1840 1971 Ecclesiae
1868 1937 1948 1970 Tea-

482 1985 568 2018 tinae
589 1983 837 2021 confirmantur,
861 1981 924 2014 277
948 1982 964 2013 b
986 1986 1014 2014 et
1035 1992 1099 2025 seq.

377 2038 597 2078 ,Taurinensis
618 2037 799 2080 episcopus.
828 2035 862 2068 V.
886 2035 1086 2068 Cumhertus.

392 2091 606 2126 Tauronensis
626 2090 786 2123 Ecclesiae
806 2089 954 2122 Militensi
976 2088 1158 2126 subiicitur,
1182 2088 1246 2121 :3-29
1271 2100 1301 2121 α.

392 2145 542 2178 Teatinae
562 2143 723 2177 Ecclesiae
745 2142 980 2175 confirmantur
1001 2141 1193 2174 donationes
1213 2141 1313 2174 sactae
1335 2152 1352 2174 a
1373 2142 1514 2175 Roberto
1533 2143 1651 2175 comite
1677 2143 1715 2175 de
1741 2142 1901 2175 Loretello
1922 2148 1952 2175 et

480 2189 632 2222 Tassione
655 2187 818 2223 fratribus,
843 2186 906 2218 ν277
929 2187 946 2219 b
968 2192 997 2219 et
1017 2197 1080 2229 seq.
1103 2186 1168 2219 Sub
1189 2186 1390 2229 protectione
1424 2187 1625 2229 Apostolicae
1658 2187 1749 2220 Sedis
1780 2186 1864 2220 susci
1890 2187 1954 2219 itur

483 2245 556 2267 cum
579 2232 826 2266 confirmatione
848 2231 1022 2269 bonorum,
1047 2231 1264 2273 assignatione
1287 2230 1413 2268 finium,
1438 2232 1569 2264 decreto
1590 2231 1812 2271 immunitatis,
1837 2230 1854 2263 7
1881 2230 1900 2264 Ξ
1921 2232 1948 2264 h.

393 2288 552 2321 Tedaldus
572 2287 611 2319 ab
633 2285 773 2319 llenrico
794 2295 869 2327 rege
891 2284 922 2317 in
942 2284 1216 2317 Mediolanensem
1239 2284 1412 2317 Ecclesiam
1436 2284 1621 2324 intruditur,
1647 2284 1688 2317 75
1710 2285 1737 2317 b.
1766 2285 1813 2317 Ad
1842 2284 1952 2317 limina

483 2332 704 2376 apostolorum
726 2335 859 2363 vocatur
878 2329 919 2362 ad
939 2329 1142 2372 probandam
1163 2328 1339 2370 legitimam
1362 2329 1409 2361 sui
1436 2329 1688 2372 promotionem,
1713 2329 1793 2361 ibid.

393 2386 648 2426 Tegerneseense
664 2383 896 2417 monasterium
911 2381 1191 2416 confirmationem
1213 2382 1374 2415 bonorum
1393 2382 1550 2419 omnium,
1568 2382 1779 2416 donationum
1800 2388 1829 2415 et
1847 2393 1953 2415 exem-

445 2426 450 2428 ’
483 2430 630 2473 ptionum
653 2428 787 2463 obtinet,
813 2427 957 2471 illudque
978 2426 1144 2460 ordinario
1165 2426 1318 2470 episcopo
1340 2426 1520 2459 subiectum
1546 2427 1579 2459 in
1604 2427 1827 2470 spiritualibus
1849 2426 1952 2460 decla-

484 2480 584 2510 ratur,
609 2472 673 2505 560
693 2484 714 2505 α
733 2479 760 2505 et
782 2483 846 2516 seq.

394 2528 581 2563 Teloneum,
603 2526 680 2570 quid
701 2526 751 2564 sit,
777 2525 839 2557 '167
861 2536 890 2558 α.
924 2524 955 2557 l'.
980 2531 1035 2558 not
1055 2525 1096 2557 ad
1117 2524 1194 2557 calc.
1225 2525 1343 2558 colum.
1369 2525 1470 2558 eiusd.

394 2580 579 2622 Tergestina
599 2579 885 2623 Iustinopolitanae
907 2578 1066 2612 Ecclesiae
1088 2577 1199 2611 unitur
1220 2579 1259 2611 ad
1282 2584 1418 2622 tempus,
1448 2577 1512 2610 804
1532 2579 1560 2611 b.

394 2634 510 2666 Terrae
531 2633 657 2665 Maioris
678 2633 845 2665 monachis
865 2638 1058 2676 perpetuum
1079 2631 1424 2669 indi‹·³.u11·sitentium,
1442 2637 1471 2664 et
1492 2632 1653 2665 Ecclesiae
1675 2632 1714 2665 de
1733 2631 1834 2665 Casati
1854 2631 1952 2663 Plano

485 2688 514 2719 S.
540 2686 656 2718 Mariae
676 2685 917 2719 Cassinensibus
937 2685 1107 2717 abbatibus
1128 2685 1343 2722 adiudicatur„
1368 2684 1430 2718 267
1454 2686 1471 2717 b
1497 2691 1527 2717 et
1547 2696 1610 2728 seq.
