2180 3205
128 255 177 283 An.
198 255 226 282 C.
244 254 312 283 ttoo

151 1101 291 1122 Prooemium.

384 234 456 266 212

377 296 412 326 ab
426 296 504 325 omni
514 295 610 324 laicali
624 303 722 323 onere.
732 310 771 315 -—
781 292 1089 331 Εο101111·01·ορ1051))’-

380 341 612 371 teriauimarum
626 347 725 367 curam
746 337 781 366 ab
801 338 940 375 episcopo
959 336 1014 365 loci
1043 345 1090 365 ac-

376 386 475 424 cipere
507 383 640 413 dcbcant.
666 381 859 411 —Facultas
892 381 977 410 datur
1008 380 1087 409 reci-

375 429 474 468 piendi
490 428 702 466 eleemosynas,
715 435 790 465 quae
807 426 896 463 gratis
916 426 1088 455 offeruntur.

374 489 414 495 -—
436 472 578 501 Abbatiae
598 471 756 500 nonnullae
779 469 967 500 Cluniacensi
991 469 1088 499 abbati

378 516 588 545 subiiciuntur.
608 531 647 536 —
662 515 746 544 Salvo
765 515 829 544 iure
851 514 881 544 S.
911 514 945 544 Ii.
969 513 1001 544 F..
1031 514 1090 543 fra-

377 565 434 590 tres
453 558 664 588 Cluuiacenses
681 568 695 588 a
713 559 806 588 sacris
823 558 928 588 officiis
947 558 1088 596 suspendi

377 614 435 633 nou
459 612 545 642 posse
575 602 756 640 declaratum
779 619 819 624 —-
840 601 898 631 Nec
923 602 1088 641 prohiberi,

376 647 536 686 quominus
556 647 586 676 in
605 646 792 676 monasteriis
812 646 912 675 clerici
943 649 993 675 aut
1021 645 1088 675 laici

376 692 583 730 delinquentes
606 691 802 730 recipiantur,
818 707 857 712 -
877 689 936 719 Nec
959 689 1034 719 bona
1053 689 1087 719 ad

376 736 476 765 endem
496 736 656 774 spectantia
688 734 895 774 quoquomodo
925 734 1088 763 molestari:

374 798 413 803 —
431 779 492 810 Sub
511 789 602 819 poena
620 780 791 818 privationis
810 780 918 817 gradus
937 783 965 807 et
983 787 1089 808 censu-

374 834 486 854 rarum.
510 840 550 846 ·—-
580 823 732 853 Paschalis
760 823 813 852 PP.
840 823 1026 861 subscriptio.
1050 839 1090 843 —

372 868 615 907 Subscriptiones
638 868 666 896 S.
693 867 724 896 tt.
748 866 779 896 E.
804 866 1009 896 cardinalium.

333 934 453 964 Pasrlialis
479 934 600 972 episcopus
632 942 709 962 servus
733 941 849 962 serrorum
878 931 930 969 Dei,
962 930 1112 960 venerabilii

376 978 438 1008 fratri
460 978 556 1016 llugoni
577 977 722 1007 cluniacensi
744 975 831 1013 abbati,
856 978 950 1013 eiusque
973 983 1088 1004 successo-

374 1022 437 1052 rihus
455 1022 596 1061 regulariter
611 1020 778 1051 substituendis
794 1021 953 1058 imposterum.

382 1088 479 1123 Zelus
508 1086 635 1122 Domini
663 1088 718 1130 (1),
752 1093 782 1120 et
810 1085 970 1130 religionis
999 1097 1090 1131 prae-

333 1138 483 1184 rogativa,
518 1148 580 1183 qua
610 1147 664 1183 per
691 1135 871 1169 universum
903 1134 966 1169 sere
993 1134 1090 1169 Occi-

334 1187 461 1222 dentem
491 1185 608 1220 nostris
636 1183 830 1231 temporibus
858 1195 913 1230 per
938 1183 996 1218 Dei
1025 1196 1089 1230 gra-

912 239 981 262 Bru
995 241 1010 261 ,t
1019 240 1035 260 tt
1042 239 1047 259 1
1055 238 1098 261 ΓΜ
1123 238 1211 259 110118
1218 238 1282 259 Nili!

1132 312 1224 347 quam
1247 299 1483 335 successoribus
1516 300 1577 334 tuis
1599 300 1629 335 in
1652 312 1728 347 pace
1753 313 1880 348 semper

1131 357 1161 384 et
1182 349 1286 396 quiete
1308 356 1480 392 serventur,
1508 349 1538 383 iu
1566 350 1681 396 quibus
1707 350 1784 385 haec
1812 363 1881 397 pro·

1132 399 1206 444 priis
1243 399 1306 432 visa
1348 407 1420 433 sunt
1458 399 1635 433 annotanda
1673 399 1877 434 nominibus:

1131 448 1163 482 S.
1187 448 1282 482 Maria
1305 447 1343 482 de
1369 447 1530 482 Charitate
1551 448 1590 482 de
1611 448 1803 494 Mar-tignaco
1821 452 1878 493 (t),
1928 469 1987 491 ΒΜ
2002 475 2087 497 quoq„

1129 497 1163 532 S.
1191 497 1305 532 Petrus
1327 497 1365 531 de
1386 497 1548 531 Munsiaco
1571 498 1625 541 (2),
1647 497 1681 532 S.
1709 497 1822 532 Petrus
1841 498 1880 533 de
1902 499 1964 522 ΨΜ
1982 496 2017 517 ¹¹³⁰
2036 503 2087 519 ⁶¹¹⁰·

1902 529 1943 544 met
1948 526 2015 544 antur,

1129 546 1266 581 Leuiciis
1304 549 1371 590 (5),
1410 546 1443 581 S.
1482 546 1600 581 Paulus
1631 546 1670 581 de
1702 547 1879 593 Pergamo,

1129 595 1163 630 S.
1196 595 1335 630 Isidorus
1362 595 1399 630 de
1433 593 1597 642 Hispania,
1630 595 1664 630 S.
1693 594 1812 643 Odylus
1837 599 1880 641 (4)

1130 644 1168 678 tle
1190 645 1365 684 Scarrione,
1387 644 1524 679 Sanctus
1545 644 1712 679 Marcellus
1730 646 1769 679 de
1787 645 1882 680 Salsi-

1130 695 1288 733 moniaco,
1310 694 1343 728 S.
1367 693 1533 729 Marcellus
1547 694 1586 728 do
1601 693 1762 735 Cabilone‚
1778 695 1880 730 Carus

1130 742 1243 787 Locus,
1271 743 1421 783 Paredos,
1449 743 1628 777 Romanum
1644 744 1881 785 monasterium,

1130 791 1163 826 S.
1187 791 1344 827 Victorde
1358 792 1522 833 Gebcnua,
1546 792 1758 835 paterniacus,
1772 792 1806 827 S.
1821 792 1882 827 Sa-

1131 841 1277 875 turninus
1316 841 1355 876 de
1390 840 1575 879 Provincia,
1610 840 1644 875 S.
1688 841 1881 888 Eutropius,

1130 889 1163 924 S.
1197 890 1350 925 Martinus
1380 890 1418 924 de
1448 890 1567 929 Anxia,
1591 891 1815 925 monasterium
1842 891 1883 926 de

1131 938 1285 978 Caeerris,
1307 939 1340 973 S.
1366 939 1461 973 Maria
1488 939 1527 974 de
1554 939 1679 981 Tolosa,
1703 939 1799 974 Boort
1825 942 1881 984 (5),

1130 987 1276 1028 Tiernus,
1299 988 1332 1022 S.
1361 988 1514 1023 Martinus
1540 988 1578 1022 de
1606 987 1702 1034 Capis
1724 990 1779 1032 (6),
1807 988 1883 1036 Syt-

1131 1037 1285 1077 viniacus,
1317 1037 1487 1082 Virgenus⁷
1513 1036 1703 1077 Giuniacus‚
1739 1037 1882 1072 Nantua-

1130 1098 1198 1129 cus,
1213 1086 1247 1120 S.
1263 1086 1447 1121 pancratius
1469 1086 1507 1120 de
1524 1086 1668 1132 Anglica,
1684 1086 1716 1120 S.
1732 1086 1883 1122 Lecerius

1130 1135 1168 1169 de
1195 1135 1340 1181 Bigorro,
1371 1135 1404 1169 S.
1434 1136 1596 1170 Arieutius
1618 1138 1661 1179 (7)
1693 1134 1882 1178 Auxicnsis,

1130 1184 1164 1218 S.
1180 1184 1276 1218 Maria
1298 1184 1336 1219 de
1348 1184 1478 1225 Nazara,
1494 1184 1527 1219 S.
1551 1184 1684 1219 lacobus
1699 1184 1737 1218 de
1755 1184 1882 1225 Potino,

1902 250 1952 277 An.
1972 249 2000 279 C.
2018 250 2085 280 1¹00

333 1237 406 1270 tiam
448 1234 654 1281 congregatio
697 1241 797 1268 vestra
836 1232 1017 1279 percelluit,
1060 1233 1162 1286 eth.
1192 1233 1319 1268 Gabriel
1352 1233 1391 1268 de
1419 1233 1588 1274 Cremona,
1622 1233 1656 1268 S.
1684 1233 1827 1269 Salvator
1853 1242 1885 1269 et

333 1286 525 1320 inconcussa
560 1283 682 1323 unitas,
717 1295 777 1329 qua
818 1282 898 1316 intcr
938 1282 1162 1328 procellasgS.
1197 1283 1380 1329 Stephanus
1413 1282 1452 1317 de
1479 1283 1628 1318 Niverno.
1664 1282 1884 1330 Praecipimus

334 1347 446 1368 omnes
467 1333 544 1368 Sedi
564 1332 765 1379 Apostolicae
788 1331 986 1374 adhaesistis,
1006 1343 1091 1365 man-
1109 1328 1113 1376 1
1131 1332 1236 1376 etiam,
1271 1341 1302 1366 ut
1335 1344 1445 1366 omnes
1472 1332 1624 1367 ecclesiae
1657 1344 1712 1366 seu
1744 1332 1884 1379 capellae

335 1381 538 1417 suetudinem
568 1390 706 1416 nostram
732 1381 946 1415 vehementius
974 1380 1089 1414 exhor·
1109 1378 1112 1395 ¹
1132 1389 1250 1415 vestrae
1277 1389 1307 1415 ct
1329 1381 1478 1415 cimiteria
1507 1381 1602 1416 libera
1628 1381 1690 1415 sint
1721 1389 1751 1416 et
1777 1382 1883 1416 omnis

335 1441 451 1473 tantur,
474 1432 538 1465 imo
563 1439 677 1476 urgent
702 1439 797 1477 atque
819 1429 1028 1476 compellunt,
1056 1437 1090 1463 ut
1130 1431 1301 1464 exactionis
1342 1431 1493 1464 immunia
1535 1438 1656 1476 praeter
1697 1439 1881 1466 consuetam

334 1481 445 1516 vestris
467 1480 677 1528 petitionibus
693 1491 856 1514 assensum
872 1478 1089 1519 accomodare,
1131 1479 1269 1526 episcopi
1292 1487 1428 1526 paratam
1448 1479 1596 1514 iustitiam
1619 1480 1648 1513 in
1673 1480 1883 1526 presbyteros,

335 1539 365 1564 et
392 1530 492 1576 quieti
532 1538 655 1564 vestrae
683 1529 888 1576 imposterum
923 1527 1090 1574 providere
1131 1530 1154 1562 si
1170 1528 1318 1563 adversus
1332 1529 1451 1563 ordinis
1472 1529 1518 1562 sui
1534 1528 1718 1572 dignitatem
1741 1528 1885 1564 offende-

335 1579 491 1613 solicitius
513 1578 694 1612 debeamus.
711 1578 913 1624 Quapropter
934 1576 1089 1624 quidquid
1109 1557 1112 1596 l
1132 1578 1206 1611 rint:
1223 1578 1364 1624 exeeptis
1388 1578 1532 1612 nimirum
1553 1578 1789 1617 Ecclesiisillis,
1803 1590 1885 1625 quae

335 1628 486 1662 libertatis
502 1654 511 1670 ,
539 1627 693 1674 quidquid
729 1628 872 1661 tuitionis
887 1653 896 1669 ,
936 1626 1089 1672 quidquid
1109 1643 1112 1681 Ι
1130 1626 1249 1673 absque
1272 1627 1453 1661 huiusmodi
1483 1626 1678 1661 subiectione
1710 1628 1740 1661 in
1763 1627 1884 1661 abbatis

335 1677 533 1712 authoritatis
548 1677 805 1723 praedecessores
819 1675 914 1710 nostri
929 1675 1090 1710 Ecclesiae
1133 1684 1285 1722 potestate
1307 1676 1494 1710 subsistunt.
1520 1676 1628 1710 Liceat
1650 1688 1778 1723 quoque
1798 1676 1886 1711 vobis

1947 1309 2006 1333 Quae
2034 1309 2092 1330 bona

1907 1336 1977 1356 omnia
1996 1341 2044 1356 cum
2059 1341 2093 1356 ec-

1907 1362 1978 1382 elesiis
1987 1364 2009 1382 et
2021 1362 2092 1388 capel·

1907 1388 1932 1409 lis
1958 1388 2093 1409 declarantur

1907 1415 2007 1435 immunia
2014 1414 2041 1436 ab
2050 1421 2092 1436 cm·

1906 1442 1929 1462 ni
1938 1441 2008 1462 laicali
2020 1447 2090 1463 onere.

162 1600 316 1621 Coum-mantnt

129 1627 239 1653 privilegia
246 1632 316 1647 omn-a

136 1653 309 1674 cluniacensibus

130 1685 230 1699 roncessa
241 1686 253 1699 a
264 1680 316 1700 Gre-

131 1706 188 1729 gni-iu
201 1706 235 1726 th
246 1708 265 1726 et
278 1707 315 1727 ur·
1941 1699 2018 1720 Earum
2042 1704 2092 1720 vero

130 1733 184 1753 ΜΟ
199 1732 230 1757 ΙΙ;
348 1727 497 1760 'tomanae
527 1726 715 1769 Pontifices,
746 1725 928 1772 pracsertim
961 1733 1090 1770 aposto·
1132 1737 1202 1759 cuni
1220 1725 1338 1759 iuribus
1353 1725 1463 1759 vestris
1477 1727 1520 1768 (S)
1537 1726 1735 1772 presbyteros
1756 1726 1884 1771 eligere,
1908 1725 2094 1773 ffiffffiwssg'ss}

336 1776 413 1810 licae
427 1774 596 1809 memoriae
611 1774 784 1820 Gregorius
798 1773 1091 1808 VlietUrbanuslI
1132 1774 1171 1808 ita
1200 1782 1315 1814 tamen,
1344 1782 1376 1808 ut
1402 1774 1441 1809 ab
1467 1775 1640 1821 episcopis,
1676 1775 1722 1809 vel
1757 1775 1884 1820 episco-
1909 1778 2094 1826 aabcgpizggrogggi

336 1834 438 1859 vestro
461 1824 663 1864 monasterio,
686 1831 717 1858 et
744 1823 831 1863 locis,
855 1822 894 1857 ad
918 1822 1000 1856 idem
1021 1835 1091 1869 per-
1110 1842 1113 1862 ÷
1132 1835 1244 1869 porum
1272 1823 1396 1858 vicariis
1427 1824 1603 1863 animarum
1626 1835 1734 1858 curam
1762 1824 1882 1871 absque
1908 1811 1978 1853 beani-

337 1873 521 1914 tinentibus,
543 1872 755 1911 contulerunt,
779 1884 835 1906 nos
857 1884 983 1918 quoque
1006 1884 1092 1918 piae·
1110 1865 1113 1899 l
1132 1872 1297 1907 venalitate
1311 1872 1502 1919 suscipiant,
1524 1884 1618 1919 quam
1641 1872 1667 1906 si
1685 1873 1883 1908 committere

159 2235 184 2255 Et
200 2240 254 2261 quae
269 2240 317 2255 con-

132 2267 194 2281 cessa
222 2263 269 2281 sunt
297 2261 317 2281 in

133 2287 227 2308 Concilio
242 2289 318 2308 Arver-

133 2314 200 2334 riensi.

337 1923 416 1957 senti
444 1922 570 1956 decreto
597 1923 728 1957 authore
755 1921 897 1956 Domino*
921 1921 1091 1955 confirma-

337 1984 418 2006 mus.
446 1971 495 2005 Ad
524 1971 601 2006 haec
622 1971 800 2010 adiicimus,
829 1978 861 2004 ut
884 1970 914 2004 in
942 1970 1091 2004 omnibus

339 2020 529 2067 prioratibus
572 2027 603 2054 et
642 2019 753 2063 cellis,
788 2031 869 2065 quae
904 2031 988 2053 nunc
1023 2019 1091 2053 sine

338 2070 465 2116 proprio
496 2069 608 2104 abbate
631 2076 734 2103 vestro
761 2068 906 2114 regimini
933 2068 1091 2102 subiectae

338 2126 423 2159 sunt,
451 2118 558 2153 nullus
586 2130 725 2165 unquam
754 2117 869 2151 suturis
896 2116 1092 2163 temporibus

338 2168 483 2202 abbatem
520 2167 666 2202 ordinare
702 2174 896 2213 praesumat3
935 2166 990 2200 sed
1030 2174 1090 2200 tam

340 2218 494 2263 prioratus
527 2216 585 2262 ipsi
607 2223 638 2251 et
663 2217 771 2254 cellae,
799 2227 892 2262 quam
920 2223 950 2250 et
971 2224 1092 2250 caetera

340 2266 580 2312 inquibuslibet
602 2266 679 2300 locis
697 2265 814 2307 omnia,
837 2265 954 2311 quibus
977 2264 1092 2299 frater-

341 2315 420 2349 nitas
446 2322 497 2349 tua
528 2314 735 2349 Arverncnsis
761 2314 906 2356 concilii,
933 2314 1017 2360 quod
1039 2325 1094 2360 pter

340 2363 555 2410 supradictum
574 2363 736 2398 Urbanum
748 2363 812 2397 PP.
829 2363 1020 2397 celebratum
1035 2370 1093 2402 cst,

341 2421 484 2459 tempore
510 2412 654 2447 investita
692 2420 777 2452 erat,
811 2412 849 2447 de
876 2412 993 2458 quibus
1020 2420 1095 2445 tunc

341 2461 424 2495 nulla
447 2462 590 2508 quaestio
611 2472 694 2496 mota
709 2470 766 2501 est,
786 2462 834 2496 cui
859 2461 1006 2495 nimirum
1023 2472 1096 2494 con-

340 2510 413 2545 cilio
437 2522 490 2555 por
513 2512 712 2555 temetipsum
738 2510 934 2553 interfueras,
956 2518 1016 2543 tani
1042 2509 1093 2542 tibi

359 2574 416 2640 d(l)
433 2574 502 2601 llaec
518 2574 702 2601 desiderantur
725 2575 751 2600 in
776 2575 920 2609 exemplari
945 2582 959 2601 a
985 2574 1096 2600 Marrier

342 2622 355 2640 e
381 2618 427 2641 tto.

1132 1921 1187 1961 illi,
1210 1921 1294 1968 quod
1329 1922 1428 1962 absit,
1462 1934 1499 1956 ex
1532 1922 1682 1968 pravitate
1710 1922 1884 1966 noluerint,

1132 1978 1207 2005 tunc
1252 1970 1425 2018 presbyteri
1470 1982 1507 2005 ex
1546 1970 1750 2017 Apostolicae
1791 1970 1886 2005 Sedis

1134 2019 1328 2065 benignitate
1368 2019 1467 2054 officia
1509 2019 1690 2054 celebrandi
1727 2020 1884 2054 licentiam

1132 2077 1381 2115 consequantur3
1410 2081 1512 2115 neque
1539 2069 1667 2103 cuilibet
1683 2068 1812 2103 facultas
1833 2069 1885 2110 sit,

1133 2126 1185 2151 aut
1200 2118 1327 2152 claustri
1341 2129 1478 2164 unquam
1494 2125 1546 2152 aut
1560 2118 1699 2152 locorum
1712 2126 1884 2152 vestrorunt

1135 2167 1212 2201 lines
1240 2179 1296 2213 pro
1313 2167 1451 2201 rivorum
1475 2168 1539 2201 sive
1561 2166 1781 2201 defunctorum
1800 2167 1885 2201 eleo-

1134 2217 1274 2262 rnosynis
1296 2216 1336 2250 ob
1358 2215 1489 2250 salutem
1515 2215 1596 2250 datis
1618 2216 1808 2263 inquietare,
1830 2216 1885 2250 sed

1134 2273 1197 2299 tam
1221 2265 1357 2299 virorum
1382 2277 1475 2311 quam
1510 2265 1677 2299 mulierum
1699 2264 1886 2306 oblationes,

1135 2326 1214 2359 quae
1237 2314 1303 2349 Dco
1331 2314 1523 2357 offeruntur,
1547 2314 1577 2348 10
1609 2327 1698 2348 usum
1724 2326 1885 2348 serrorum

1135 2362 1204 2404 Dei,
1223 2375 1460 2410 pauperumque
1474 2362 1590 2398 Christi
1608 2363 1768 2410 percipere
1783 2363 1886 2397 liceat.

1172 2437 1211 2472 (l)
1229 2437 1308 2462 Marr.
1326 2439 1356 2462 tle
1375 2438 1547 2463 Μανσῖηίαεο.
1586 2437 1625 2472 (Q)
1652 2437 1731 2463 Marr.
1755 2439 1784 2462 (Ic
1809 2438 1887 2464 Cusi-

1137 2483 1222 2506 niuco.
1262 2482 1301 2515 (5)
1318 2481 1397 2506 Mart:
1415 2483 1445 2506 dc
1457 2483 1583 2507 Leuntia's.
1622 2481 1661 2515 (lt)
1673 2481 1752 2506 Marr.
1765 2481 1885 2512 Orylius.

1137 2525 1175 2559 (5)
1190 2525 1269 2550 Marr.
1282 2526 1308 2550 S.
1321 2526 1410 2550 Marta
1420 2527 1449 2550 tle
1464 2526 1562 2550 Tobosa
1573 2526 1700 2550 Bourum.
1728 2525 1767 2559 (6)
1780 2525 1888 2550 Marriet·

1137 2571 1166 2594 (Ie
1183 2570 1297 2600 Campis.
1337 2569 1375 2603 (7)
1394 2570 1501 2595 Marrier
1518 2571 1543 2595 S.
1566 2570 1723 2596 Omnium.
1762 2570 1801 2604 (ὃ)
1818 2569 1889 2595 Mar-

1139 2613 1189 2639 ricr
1206 2622 1248 2639 scu
1270 2613 1401 2647 frutribus
1422 2615 1522 2640 vestris.

2166 1993 2172 2002 r
2166 1953 2171 1966 „V
2152 679 2174 1946 s-WWWWWQ

1935 2104 2037 2126 Facultas
2058 2104 2095 2125 da·

1916 2133 1949 2152 tur
1971 2130 2087 2157 recipiendi

1923 2159 2081 2184 eleemosynas,

1909 2189 1964 2210 quae
1982 2184 2047 2210 gratis
2064 2183 2094 2204 os-

1909 2211 2010 2232 seruntur.
