2180 3205
198 258 247 283 λη.
261 258 288 283 C.
313 257 376 283 ΗΠ

447 247 467 277 :;
482 249 487 278 ἱ
504 248 512 278 ἰ

395 314 476 346 Sane
506 311 645 344 laborum
671 316 860 347 vestroruin,
895 320 974 353 qnos
1009 307 1144 354 propriis

396 361 538 395 manilius
570 367 622 392 aut
654 358 834 404 sumptibus
869 358 988 395 colitis,
1016 357 1080 391 sive
1106 358 1144 390 de

396 409 597 447 nutrimentis
624 417 797 442 vestrorum
821 406 1015 449 animalium,
1039 405 1144 440 nullus

395 474 409 496 a
429 460 517 495 vobis
539 459 676 492 decimas
703 457 827 502 exigere
857 463 1044 503 praesumat.
1073 455 1145 489 De-

312 518 379 560 “J'Jn‘
395 511 555 545 cernimus
577 520 662 553 ergo,
685 515 718 541 ut
741 506 816 540 nulli
835 505 965 539 omnino
980 505 1142 539 hominnm

375 556 378 560 ⁴
396 561 486 594 liceat
508 558 681 605 praefatum
706 555 929 589 monasterinm
946 562 1062 589 temere
1079 566 1145 601 per-

230 954 311 974 (ilansnl
322 959 339 973 ie

396 609 531 652 turbare,
553 615 605 641 aut
627 607 693 641 eius
710 605 923 652 possessiones
942 604 1074 643 anferre,
1098 603 1143 637 vel

394 658 513 693 ablatas
537 656 680 695 retinere,
715 655 868 693 minuere,
896 653 942 688 vel
972 653 1144 687 temerariis

395 706 612 741 vexationibus
647 705 790 750 fatigar&
818 703 872 738 sed
897 704 1003 737 onmia
1027 703 1143 747 integra

395 764 632 795 conserventur,
659 766 788 793 eorum,
821 765 876 800 pro
907 764 1039 799 quorum
1068 751 1145 785 sub-

395 806 582 840 stentatione
599 813 628 838 et
650 802 877 849 gubernatione
894 814 1041 836 concessa
1061 808 1144 839 sunt,

395 856 507 890 usibus
533 853 725 889 omnimodis
743 852 920 898 profutura:
950 851 1032 885 salva
1054 850 1145 884 Sedis

395 904 596 951 Apostolieae
618 902 813 944 auctoritate7
833 908 863 935 et
884 900 1061 934 dioecesani
1077 900 1146 946 epi-

396 955 481 1001 scopi
509 952 659 988 canonica
693 951 820 985 iustitIa.
856 949 889 983 Si
926 962 984 996 qua
1013 960 1086 994 ergo
1114 949 1144 982 in

397 1005 535 1038 l'utnrnm
551 1001 758 1036 ecclesiastica
773 999 981 1034 saecularisve
1002 1010 1145 1045 persona,

396 1054 477 1088 hanc
488 1060 612 1087 nostrae
625 1049 856 1085 constitutionis
873 1048 1015 1095 paginam
1031 1048 1145 1084 sciens,

396 1110 505 1137 contra
532 1114 600 1136 eam
623 1108 741 1134 temere
765 1099 870 1132 venire
893 1098 1073 1140 tentaverit,
1096 1110 1146 1131 se-

396 1152 501 1186 cundo
529 1150 656 1185 tertiove
683 1148 884 1186 commonita,
908 1147 933 1180 si
964 1159 1024 1180 non
1049 1147 1147 1180 satis—

396 1201 531 1236 factione
566 1210 704 1245 congrua
732 1196 957 1235 emendaverit,
987 1196 1147 1243 potestatis

396 1251 589 1296 honorisque
611 1249 657 1283 sui
681 1247 832 1293 (lignitate
852 1253 971 1289 careat,
999 1257 1147 1291 reamque

398 1313 430 1334 se
453 1300 561 1333 divino
589 1297 706 1332 indicio
739 1297 872 1330 existere
905 1294 943 1329 de
971 1302 1146 1341 perpetrata

398 1349 561 1396 iniquitate
599 1357 780 1393 cognoscat,
820 1353 850 1379 ct
885 1357 901 1378 a
935 1345 1147 1378 sacratissimo

397 1399 538 1445 Corpore
562 1406 592 1431 et
613 1396 774 1441 Sanguine
803 1394 858 1428 Dei
882 1402 913 1428 et
934 1393 972 1427 D.
997 1394 1034 1428 N.
1061 1394 1083 1428 I.
1110 1394 1146 1428 C.

397 1448 497 1482 aliena
521 1448 584 1490 fiat⁷
607 1454 699 1492 atquc
723 1445 751 1478 in
780 1452 920 1478 extremo
937 1444 1081 1478 examine
1100 1443 1149 1477 ‹li-

398 1498 521 1531 strictae
545 1496 655 1530 ultioni
682 1494 853 1529 subiaceat.
889 1492 1021 1527 Cunctis
1043 1500 1147 1527 autem

398 1546 502 1581 cidem
528 1546 594 1580 loco
617 1545 699 1578 iusta
722 1542 918 1577 servantibus
941 1542 980 1576 sit
1003 1554 1059 1589 pax
1083 1542 1149 1576 Do-

398 1597 474 1630 mini
504 1594 600 1629 nostri
624 1594 693 1628 Iesu
717 1592 847 1636 Christi,
869 1599 1025 1639 quatenus
1047 1600 1076 1626 et
1101 1593 1149 1626 hic

399 1645 535 1679 fructum
579 1644 680 1678 bonae
718 1642 850 1677 actionis
890 1641 1078 1688 percipiantq
1119 1650 1149 1675 et

399 1695 481 1740 apud
511 1693 686 1728 districtum
720 1691 857 1726 Iudicem
887 1691 1023 1736 praemia
1047 1698 1150 1725 aeter-

400 1756 457 1778 nae
486 1743 571 1790 pacis
598 1742 768 1776 inveniant.
797 1741 912 1774 Amen.

448 1793 524 1827 Data
549 1791 732 1826 Altisiodori
757 1802 810 1836 per
837 1802 964 1824 manum
994 1789 1150 1824 Gnidonis

399 1851 525 1876 sanctae
552 1841 715 1876 Romanae
743 1839 902 1874 Ecclesiae
929 1839 1050 1874 diaconi
1082 1852 1150 1874 ear—

399 1891 512 1926 dinalis
537 1890 727 1934 cancellarii⁷
752 1889 793 1923 id.
817 1889 954 1934 augusti,
988 1888 1095 1923 indict.
1120 1902 1150 1929 x,

401 1941 552 1975 incarnat.
585 1940 703 1975 domin.
739 1951 823 1973 anno
850 1951 997 1979 iucxwm
1026 1939 1151 1984 pontili-

401 1999 490 2024 catus
517 1990 624 2024 domni
648 1988 781 2034 Eugenii
804 1988 847 2022 III
869 1988 973 2035 Papae
995 2001 1077 2022 anno
1100 2001 1149 2022 111.

441 2047 500 2077 Dat.
520 2047 566 2077 die
590 2047 626 2076 =13
648 2047 766 2084 angusti
789 2055 865 2075 anno
888 2045 1003 2076 Domini
1030 2046 1112 2083 1147,

644 2090 745 2130 pontif.
768 2099 844 2120 anno
869 2099 909 2119 111.

716 2207 833 2242 XXIII.

405 2272 606 2318 Confirmatio
639 2270 853 2305 transactionis
885 2281 974 2314 super
1011 2269 1153 2303 Cameria

451 2325 486 2354 (Ie
522 2323 639 2355 Ledonc
673 2321 752 2353 inter
794 2320 982 2353 IVilIelntum
1017 2321 1153 2352 conzi'lem

452 2372 704 2404 illalisconensem
725 2378 749 2403 el
774 2370 899 2402 Petrum
925 2369 1064 2402 abbatem
1081 2369 1154 2402 Clu-

451 2422 619 2453 niacenscm
643 2421 697 2463 (l).

684 2478 897 2510 StltntARIUM

404 2538 570 2567 Exordium.
585 2555 623 2560 —
642 2537 769 2567 villelmi
794 2537 910 2566 comitis
928 2535 1153 2566 Matisconensis

445 2578 601 2607 transactio
628 2587 693 2606 cum
723 2577 806 2607 Petro
833 2576 936 2606 abbate
967 2575 1153 2605 Cluniacensi

439 2635 528 2670 (1)Ex
541 2632 1051 2666 Bibti0111.‹]11m.MartiniMar1·ie1·‚cot.
1066 2633 1141 2659 ¹1109.

977 252 1162 275 nt'ttattttttu
1193 253 1352 275 nmmum

1226 306 1260 335 «le
1280 305 1411 335 thilderia
1432 305 1467 334 (Ie
1492 305 1617 335 Ledone.
1632 322 1672 327 -
1689 305 1853 336 Accedente
1869 315 1937 336 con-

1226 360 1318 379 sensu
1334 359 1445 381 eorum,
1464 359 1478 378 a
1493 350 1499 378 Ι
1517 359 1590 388 qnos
1608 351 1652 379 ins
1669 351 1786 390 aliquod
1803 356 1936 391 spectare

1226 395 1380 433 potuisset,
1403 394 1438 424 ab
1458 394 1588 432 Eugenio
1607 394 1659 424 III).
1682 396 1882 426 confirmatur.
1899 413 1939 418 —

1226 439 1334 468 Solitae
1358 439 1577 468 conclusiones,
1601 455 1640 460 ——
1671 439 1793 476 Eugenii
1824 439 1878 468 [¹1³.
1910 445 1937 469 ct

1225 483 1252 511 S.
1277 483 1309 512 R.
1332 483 1409 512 Eccl.
1432 483 1627 513 cardinalium
1649 483 1895 522 subscriptiones.

1184 550 1315 585 Eugenius
1343 550 1482 586 episcopus
1518 557 1612 578 servus
1637 556 1775 578 servorum
1793 550 1848 583 Dei,
1870 549 1935 578 dile-

1229 596 1282 624 ctis
1306 595 1380 628 filiis,
1405 595 1482 623 Petro
1503 595 1596 623 abbati
1614 594 1792 628 mamanensi,
1825 595 1937 631 eiusque

1228 639 1363 668 fratribus
1401 641 1458 668 tam
1488 639 1687 674 praesentibus.
1720 647 1799 675 quam
1823 639 1936 672 futuris,

1229 685 1382 720 regularem
1398 685 1483 713 vitam
1507 684 1648 719 professis.
1672 684 1700 712 in
1723 685 1892 720 perpetuum.

1235 747 1324 789 Quae
1354 747 1393 781 ab
1428 747 1589 782 Ecclesiae
1625 746 1682 781 Dei
1712 747 1858 782 fidelibus
1882 760 1937 794 pro

1186 797 1360 831 animarum
1384 809 1512 831 suarum
1532 796 1632 830 salute
1654 796 1691 830 ad
1715 796 1936 842 religiosorum

1186 846 1470 880 substentationem
1522 845 1696 880 rationabili
1744 846 1935 891 providentia

1186 903 1376 936 statuuntur,
1399 896 1429 929 in
1452 907 1506 929 sua
1523 895 1666 929 volumus
1688 895 1855 930 stabilitate
1872 908 1939 942 per-

1187 945 1313 985 sistere;
1336 952 1419 979 etue
1442 956 1607 991 pravorum
1629 944 1792 979 hominum
1816 945 1938 980 valeant

1188 994 1217 1027 in
1235 1002 1393 1040 posterum
1419 993 1626 1039 refragatione
1649 993 1778 1038 turbari,
1801 1006 1936 1040 congrua

1188 1056 1245 1077 nos
1267 1044 1413 1077 convenit
1428 1042 1627 1077 solicitudine
1647 1043 1820 1089 providere.
1849 1043 1938 1078 Sicut

1189 1105 1243 1139 per
1264 1093 1416 1139 scriptum
1446 1091 1559 1126 nobilis
1577 1092 1631 1125 viri
1655 1092 1807 1126 Willelmi
1829 1093 1938 1127 Matis-

1188 1142 1334 1175 eonensis
1355 1141 1490 1181 comitis,
1513 1141 1596 1188 quod
1621 1149 1727 1175 nostro
1754 1144 1936 1189 conspectui

1188 1191 1327 1225 obtulisti
1347 1190 1488 1225 eiusdem
1503 1191 1604 1236 sigillo
1622 1191 1823 1237 impressum,
1846 1204 1937 1238 agno-

1190 1241 1300 1280 vimus,
1330 1240 1410 1274 idem
1434 1240 1487 1273 W.
1511 1252 1618 1274 comes
1646 1240 1755 1286 partim
1778 1240 1860 1275 dono
1882 1253 1937 1288 pro

1188 1290 1311 1323 animae
1330 1302 1403 1323 suae
1426 1297 1456 1323 et
1479 1298 1641 1336 parentum
1669 1302 1798 1324 suorum
1822 1290 1936 1335 salute,

1190 1340 1301 1385 partim
1320 1339 1510 1376 venditione,
1535 1338 1764 1384 possessionem
1780 1339 1937 1385 quandam

1189 1401 1260 1422 cum
1288 1388 1352 1422 suis
1375 1387 1571 1435 appendiciis
1600 1388 1629 1421 in
1654 1387 1752 1434 burgo
1778 1388 1938 1433 Ledonis‚

1190 1450 1268 1484 quae
1308 1437 1402 1484 vulgo
1437 1437 1557 1471 Caerna
1600 1436 1751 1472 Monteria
1792 1446 1938 1479 vocatur,

1190 1499 1269 1533 quae
1296 1495 1359 1521 erat
1388 1486 1552 1520 Haimonis
1579 1486 1777 1521 Ledonensis
1807 1500 1940 1534 praepo-

1190 1537 1260 1575 siti,
1293 1544 1324 1570 et
1356 1535 1550 1582 Rurgensem
1587 1536 1762 1582 quendam,
1796 1537 1939 1572 ciusdem

1191 1585 1399 1632 possessionis
1422 1585 1598 1629 custodem,
1625 1584 1696 1619 data
1723 1585 1750 1619 ei
1773 1587 1942 1621 concordi-

1192 1643 1236 1669 ter
1259 1635 1289 1668 in
1322 1634 1507 1669 concambio
1534 1634 1590 1668 alia
1617 1633 1738 1668 Caerna
1768 1635 1939 1676 Monteria,

1191 1684 1279 1717 vobis
1307 1684 1479 1730 vestrisque
1506 1683 1745 1718 successoribus
1768 1685 1797 1718 in
1828 1697 1941 1731 perpe-

1192 1742 1280 1767 tuum
1298 1733 1393 1767 libere
1410 1733 1587 1767 habendam
1603 1734 1769 1768 concessit.
1788 1733 1852 1768 Vos
1868 1747 1940 1769 vero

1193 1795 1248 1829 pro
1275 1790 1360 1817 tanto
1389 1782 1543 1817 beneficio
1571 1782 1727 1817 sexdecim
1756 1783 1840 1818 milia
1862 1783 1941 1819 soli-

1192 1833 1304 1866 dorum
1339 1831 1558 1866 Cluniacensis
1584 1839 1730 1867 monetae
1752 1841 1782 1867 et
1808 1841 1942 1880 quatuor

1192 1881 1223 1915 ei
1236 1881 1377 1916 dedistis.
1401 1880 1460 1916 Cui
1477 1881 1624 1916 nimirum
1648 1881 1807 1916 donationi
1827 1891 1857 1916 et
1873 1895 1941 1917 ven-

1193 1930 1303 1965 ditioni
1333 1930 1443 1965 I‘ontia
1465 1931 1623 1965 eomitissa
1656 1943 1734 1965 uxor
1762 1931 1861 1977 ipsius
1888 1944 1944 1967 co-

1195 1981 1289 2021 mitis,
1311 1979 1493 2027 Stephanus
1514 1988 1543 2014 et
1572 1978 1725 2014 Girardns
1749 1980 1801 2014 filii
1821 1993 1942 2025 eorum,

1195 2030 1350 2076 praefatus
1377 2030 1476 2076 Aymo
1505 2030 1716 2076 praepositus⁷
1745 2038 1842 2064 mater
1864 2031 1943 2075 eins,

1193 2087 1223 2113 et
1250 2079 1380 2123 fratres,
1415 2078 1596 2113 Gualterius
1628 2079 1803 2114 vicecomes
1829 2079 1945 2114 Eroto-

1194 2128 1275 2168 naci,
1299 2136 1329 2163 et
1350 2140 1461 2163 omnes
1475 2128 1540 2171 alii,
1563 2128 1617 2175 qui
1641 2128 1671 2162 in
1694 2140 1729 2162 ea
1746 2130 1944 2176 possessione

1193 2177 1309 2224 aliquid
1334 2177 1411 2212 iuris
1433 2177 1618 2212 videbantur
1632 2177 1758 2222 habere⁷
1779 2190 1942 2213 assensum

1194 2227 1403 2261 communiter
1437 2227 1657 2273 praebuerunt.
1697 2227 1788 2268 Quod
1828 2236 1860 2262 ut
1891 2228 1944 2262 lir-

1194 2277 1285 2310 miori
1317 2276 1485 2311 stabilitate
1525 2276 1697 2311 subnixum
1733 2277 1943 2317 consisteret,

1196 2327 1260 2371 ipse
1282 2338 1410 2373 quoque
1437 2325 1620 2360 Willelmus
1654 2337 1778 2367 comes,
1801 2335 1830 2360 et
1854 2339 1945 2372 prae-

1195 2375 1254 2409 fata
1278 2387 1354 2410 uxor
1375 2375 1453 2419 eius,
1481 2383 1510 2409 et
1535 2375 1599 2414 lilii,
1627 2383 1656 2409 et
1683 2387 1793 2410 omnes
1815 2376 1865 2410 alii
1888 2389 1945 2410 su-

1196 2424 1339 2471 pradicti,
1363 2424 1537 2459 iuramento
1565 2424 1741 2468 firmarunt,
1767 2437 1805 2459 eo
1833 2424 1944 2460 videti·

1195 2481 1243 2508 cet
1266 2481 1390 2514 tenore,
1427 2473 1512 2520 quod
1545 2473 1640 2508 huius
1672 2475 1886 2508 concessionis
1914 2475 1943 2508 in

1197 2530 1383 2570 perpetuum
1407 2523 1488 2558 bona
1517 2523 1579 2558 fide
1605 2530 1750 2558 auctores
1777 2531 1806 2557 et
1833 2522 1945 2558 defen-

1195 2572 1282 2607 sores
1312 2572 1491 2607 existerent.
1526 2571 1559 2606 Si
1589 2573 1659 2619 quis
1685 2582 1789 2606 autem
1817 2572 1945 2607 calum·—

1196 2621 1278 2656 niam
1302 2621 1414 2663 facere,
1448 2628 1501 2656 aut
1527 2621 1677 2656 damnum
1709 2620 1822 2657 inferre
1845 2629 1946 2657 tenta-

1954 253 2003 279 An.
2019 253 2047 279 C.
2066 252 2132 280 tt⁷i7

1985 763 2010 784 Ex
2016 764 2102 784 ordiam.

1966 1106 2057 1127 Villclmi
2073 1107 2138 1128 comi-

1953 1138 1979 1164 tis
1992 1135 2138 1157 Maiis-mumi-
2179 1146 2180 1164 3

1961 1168 1989 1188 sis
2011 1168 2127 1187 transm-tin

1952 1204 1997 1218 cnm
2014 1197 2076 1218 Petro
2099 1199 2138 1218 ab-

1952 1229 1999 1249 bate
2014 1227 2138 1249 cami-..ceu-

1953 1260 1968 1279 si
1992 1260 2016 1279 de
2042 1258 2138 1280 Canterta

1952 1291 1977 1310 dt·
1995 1290 2090 1316 heitom-3

1989 1739 2110 1761 Act-caenia

1956 1776 2062 1792 consensu
2101 1775 2142 1790 eo·

1956 1808 2014 1824 rum.
2034 1802 2059 1821 ad
2088 1805 2140 1827 quoa

1957 1835 1988 1854 ius
1997 1833 2081 1859 aliquod
2091 1836 2140 1857 spe-

1957 1867 2014 1884 ctare
2024 1863 2140 1890 potuisset,-
