2180 3205
169 283 217 309 An.
235 282 262 308 (Ι.
286 280 353 308 1078

178 742 217 762 Rau
224 745 307 763 eonati·
316 743 353 763 Ec-

169 769 247 789 clasiae
272 776 292 789 111
312 770 353 790 fi«.-

169 800 251 815 manam
277 796 353 817 Sedent

169 825 271 847 perpetua
304 823 353 843 obe-

169 848 249 869 dientia
290 852 353 875 atque

170 875 312 896 observantia.

183 1048 281 1078 Eiusdem
293 1054 354 1074 prae-

169 1078 234 1104 senti}
259 1076 354 1101 episcopi

169 1108 229 1127 pravi
245 1108 328 1126 mores;

184 1509 275 1530 Quorum
291 1512 357 1528 causa

169 1533 279 1558 depositus
288 1533 357 1559 digni—

170 1562 212 1579 tate
242 1562 261 1580 ot
286 1560 356 1581 officio

170 1587 304 1611 declaratum

207 1939 275 1965 Eique
309 1939 358 1960 oho-

172 1965 273 1986 dientiam
281 1966 358 1986 nullam

187 1993 336 2018 praestandam
346 1999 349 2016 ;

172 2019 215 2039 tato
224 2019 358 2039 anathemate

173 2047 246 2065 contra
260 2045 309 2065 huic
323 2046 358 2066 de-

172 2073 230 2091 creto
237 2071 359 2093 inobedien-

172 2100 210 2118 tes.

434 255 501 286 102

419 316 555 346 Eiusdem
581 315 743 354 praesentis
767 314 896 352 episcopi
922 314 1000 352 pravi
1026 323 1130 347 tuot·cs;

419 373 458 378 —-
479 356 607 391 (luorum
638 363 725 383 causa
745 354 898 392 depositus
928 354 1068 389 [tinnitate
1104 359 1129 382 01

420 384 514 425 officio
546 395 721 430 declaratum
747 410 786 415 —
813 393 904 432 Eique
937 376 1130 423 obedientiam

419 435 531 464 nullam
549 434 769 473 praaestmdam,
788 433 845 462 lato
861 434 1045 463 anathemate
1064 442 1132 462 cou-

420 479 460 503 tta
482 474 550 503 ltuic
569 474 684 503 decreto
703 472 917 502 inobedientes.

379 535 504 573 (negor-ius
522 535 643 573 episcopus
657 543 735 564 setvus
756 543 872 564 sertorum
895 534 946 570 tta,
963 533 1070 563 omnibus
1086 533 1130 562 tta-

419 577 554 608 10111131111115
572 577 697 608 maioribus
719 581 741 606 et
763 577 899 615 minoribus,
916 579 954 616 qui
976 577 1068 607 beatum
1089 577 1130 606 re-

418 627 488 659 trtuu,
508 623 603 660 eiusque
619 622 703 659 fitium,
726 626 829 651 sanctuni
845 622 951 651 videlieet
975 622 1131 660 Apollinarem

417 667 535 705 diligunt,
558 667 656 696 salutent
679 671 702 696 et
722 667 873 705 apostolicam
896 665 1091 695 benedictionem.

427 729 530 770 Quam
572 729 728 774 fideliter,
768 740 928 775 quamque
969 728 1131 762 humiliter

380 777 410 812 b.
438 778 550 822 Petro,
585 790 700 823 nempe
730 777 943 825 apostolorum
975 777 1128 823 principi,

379 827 549 862 Ravennas
589 827 727 862 Ecclesia
768 839 894 873 semper
930 826 1107 860 adhaeserit
1123 852 1130 865 ,

379 884 594 923 quantamque
620 876 709 911 Matri
734 888 820 919 suae,
843 884 966 910 sanctae
990 875 1133 909 videlicet

378 925 540 960 Romanae
563 925 739 965 Ecclesiae,
756 925 964 959 obedientiam
983 925 1012 958 in
1029 924 1132 958 omni-

379 975 437 1008 bus
458 974 649 1013 exhibuerit,
676 983 773 1009 vestra
804 974 981 1008 fraternitas
1011 973 1131 1019 optime

380 1024 475 1057 novit.
498 1023 552 1058 Ille
574 1031 691 1063 autem,
713 1023 765 1070 qui
786 1036 869 1057 1111110
891 1022 1052 1057 Ecclesiae
1071 1022 1131 1056 Ra-

379 1073 521 1107 vennatis
539 1073 708 1119 episcopus
730 1084 799 1107 esse
821 1072 949 1115 dicitur,
971 1071 1132 1118 quomodo

379 1133 446 1155 eam
475 1122 549 1155 olim
577 1129 638 1155 tam
668 1121 880 1164 ditissimam,
914 1132 1006 1166 quam
1037 1120 1130 1153 etiam

379 1170 671 1216 religiosissimam,
694 1170 855 1218 tyrannica
890 1169 1133 1215 depraedatione

379 1223 595 1265 devastaverit,
618 1231 647 1258 et
669 1223 869 1269 inreligiosae
887 1223 968 1256 vitae
983 1222 1132 1269 exemplo

378 1277 564 1324 corruperit,
597 1285 627 1312 et
661 1289 715 1311 vos
749 1276 898 1324 patiendo
934 1275 1133 1322 videndoque

378 1331 533 1374 sensistis,
556 1339 585 1365 et
615 1343 671 1365 nos
697 1339 782 1365 certo
809 1331 1025 1378 experimento
1049 1330 1133 1363 didi-

379 1384 491 1418 cimus.
508 1384 571 1419 Sed
588 1385 660 1432 qnia
683 1385 733 1419 his
751 1384 854 1429 malis,
875 1385 1007 1432 aliisque
1023 1397 1134 1431 quam-

380 1438 525 1484 pluribus
547 1438 673 1484 flagitiis
706 1438 844 1473 irretitus
867 1447 960 1486 3111110
984 1439 1132 1485 pollutus,

381 1503 419 1525 ne
442 1491 528 1537 argui
554 1492 652 1538 possit
675 1500 768 1539 atque
790 1493 946 1532 convinci,
966 1492 1134 1539 superbiae

380 1543 461 1578 fastu
484 1545 603 1585 0131115,
631 1553 736 1579 0011113
771 1546 986 1592 apostolorum
1017 1545 1134 1591 priuci-

380 1610 451 1644 pem
475 1597 656 1632 calcaneum
675 1598 785 1642 erexit,
808 1600 882 1634 etin
908 1599 1132 1642 inobedientia,

379 1663 460 1697 quae
486 1651 594 1686 sceleri
618 1661 818 1698 comparatur
840 1652 1012 1697 idolatriae,
1034 1664 1135 1698 perse-

379 1713 478 1744 verat;
497 1717 569 1739 eum
592 1706 661 1740 sine
683 1718 739 1752 spe
763 1707 1020 1753 recuperationis,
1035 1706 1133 1752 Spiri-

381 1766 429 1792 tus
453 1758 560 1792 Sancti
585 1759 714 1803 iudicio,
737 1759 938 1805 Apostolicae
960 1760 1133 1794 301115111-

379 1812 522 1846 ctoritate
546 1812 575 1846 in
609 1821 716 1846 sancta
743 1812 885 1848 hemana
908 1814 1029 1860 51110110
1061 1825 1130 1847 0550

379 1865 582 1911 depositum,
619 1866 844 1912 praesentium
858 1867 985 1902 indiciis
1007 1867 1134 1901 indubi-

382 1926 484 1952 tanter
510 1919 700 1964 cognoscite.
729 1918 942 1967 Quapropter,
966 1928 998 1955 ut
1017 1920 1132 1954 nullam

379 1972 406 2006 ei
430 1971 592 2018 deinceps,
614 1984 695 2018 quae
722 1974 872 2020 episcopo
895 1974 1039 2017 debetur,
1061 1973 1134 2007 obe-

380 2024 528 2059 dientiam
552 2025 739 2069 exhibeatis,
762 2027 909 2062 omnibus
936 2027 1022 2062 vobis
1051 2026 1131 2060 beati

380 2078 465 2113 Petri
499 2078 713 2124 apostolorum
757 2081 909 2128 principis
950 2081 1134 2116 auctoritate

383 2131 603 2178 praecipimus.
626 2131 659 2165 Si
683 2132 737 2179 qui
774 2146 845 2168 vero
877 2133 1135 2168 excommunica-

381 2185 476 2219 1101115
497 2185 685 2231 contagione
709 2186 872 2227 vulnerati,
895 2187 943 2222 his
965 2187 1135 2222 salutiferis

381 2238 448 2273 ausi
485 2238 600 2273 suerint
635 2252 810 2286 repugnare
844 2242 1040 2288 praeceptis,
1080 2255 1135 2278 eos

383 2291 467 2326 velut
506 2293 629 2339 putrida
672 2294 813 2328 membra
848 2307 864 2329 a
902 2303 967 2330 toto
1001 2308 1134 2343 corpore

381 2345 513 2390 Christi,
534 2346 619 2393 quod
640 2354 686 2381 est
705 2347 845 2382 Ecclesia
868 2349 1031 2388 catholica,
1058 2362 1134 2384 ana-

382 2399 528 2434 thematis
549 2400 653 2445 gladio
676 2413 863 2445 105003111115,
887 2410 980 2448 atque
1004 2403 1133 2449 proiici-

383 2465 465 2487 mus.
489 2453 586 2487 Vobis
608 2462 712 2488 autem
734 2454 835 2489 Deum
860 2454 1076 2500 diligentibus,
1104 2464 1134 2490 et

385 2506 475 2540 beato
497 2506 590 2541 Petro
621 2508 859 2543 obedientibus.
883 2521 918 2542 ex
949 2510 1133 2543 auctoritate

385 2559 527 2593 01115110111
562 2561 773 2606 apostolorum
811 2562 962 2608 principis
989 2563 1131 2596 omnium

384 2620 584 2659 peccatorum
604 2614 823 2649 remissionem
848 2615 1009 2661 largimur.

964 261 1148 283 oneratutm
1174 260 1242 281 lton
1249 261 1309 281 AM
1316 260 1337 281 M

1224 314 1294 347 Da
1319 271 1970 371 11011130,1’111131.1100011111115,111111-Α

1174 363 1278 397 (tione
1301 361 1450 396 secunda.

1199 420 1250 449 1)11
1273 419 1319 448 1110
1338 419 1376 448 25
1396 418 1564 447 novembris
1588 428 1663 447 anuo
1687 419 1800 449 Domini
1823 420 1906 457 1078,

1424 458 1526 497 pontif.
1545 467 1620 487 auno
1638 467 1677 488 vt.

1501 580 1601 614 XLV.

1174 652 1354 697 Laudulplto
1389 653 1526 697 episcopo
1566 652 1716 686 Pisanum
1758 654 1925 687 Ecclesiam

1220 714 1287 735 cum
1314 703 1453 735 omnibns
1479 702 1531 734 illi
1550 703 1695 735 concessis
1716 709 1742 735 et
1760 704 1927 735 conceden-

1221 752 1267 784 dis
1288 752 1463 796 coufirmat:
1486 752 1578 784 vicem
1601 763 1689 784 suam
1717 752 1745 784 ei
1764 759 1789 784 et
1812 763 1928 784 succes-

1221 801 1340 833 soi-ibus
1362 801 1522 833 committit
1546 801 1697 834 ininsula
1722 800 1859 837 Corsica,
1884 802 1927 834 acl

1222 850 1373 882 Ecclesiae
1397 850 1554 883 Romanae
1581 850 1753 883 (lontt'ut'wn
1779 861 1834 894 per
1860 861 1928 883 cum

1222 899 1393 932 reducendo
1415 900 1471 941 (1).

1443 971 1656 1001 SUMMARIUM

1177 1032 1341 1061 Exordium.
1354 1049 1393 1054 —
1408 1033 1538 1062 Ecclesia
1556 1033 1661 1062 Pisana
1676 1042 1743 1062 cum
1763 1033 1850 1063 bonis
1866 1043 1928 1063 om-

1214 1072 1301 1101 uibus
1323 1073 1493 1111 Landulpho
1509 1073 1648 1111 episcopo
1666 1073 1869 1103 confirmatur.
1888 1090 1928 1096 —-

1215 1111 1313 1141 Eidem
1346 1112 1520 1141 donationes
1541 1121 1644 1141 omncs
1664 1113 1877 1142 confirmantur
1895 1122 1928 1143 ac

1216 1151 1372 1189 praecipue
1400 1151 1548 1181 nantildis
1578 1151 1708 1189 reginae.
1743 1169 1782 1174 —
1809 1152 1927 1182 Pisanis

1215 1191 1361 1228 episcopis
1381 1190 1510 1228 legitime
1523 1191 1625 1220 electis
1638 1190 1824 1229 Apostolicae
1842 1191 1928 1221 Sedis

1214 1231 1291 1259 vices
1321 1231 1348 1259 iu
1373 1230 1468 1259 insula
1501 1230 1618 1259 Corsica
1643 1230 1855 1260 conceduntur.
1889 1247 1929 1253 —-

1214 1269 1387 1308 Laudulplto
1417 1279 1449 1298 ex
1472 1270 1605 1299 eiusdem
1626 1270 1739 1299 insulae
1762 1270 1929 1300 redditibus

1215 1309 1358 1338 medietas
1377 1309 1558 1339 conceditur.
1577 1326 1616 1331 —
1634 1308 1754 1338 Duobus
1775 1318 1842 1339 vero
1862 1310 1927 1339 cius

1214 1348 1439 1378 suecessoribus
1459 1353 1560 1388 quarta
1592 1358 1658 1387 pars
1678 1349 1860 1378 conceditur.
1889 1365 1930 1371 —

1213 1388 1302 1417 Arces
1323 1397 1389 1417 vero
1409 1388 1462 1417 sub
1481 1389 1591 1418 ditione
1607 1388 1690 1417 Rom.
1710 1388 1861 1418 Ecclesiae
1881 1397 1929 1418 re-

1214 1433 1376 1457 servantur.
1396 1444 1435 1449 —
1462 1428 1591 1464 Quarum
1621 1428 1760 1457 custodes
1794 1428 1872 1465 illis,
1902 1427 1928 1457 si

1214 1468 1375 1497 necessitas
1394 1468 1531 1505 exegerit,
1548 1472 1702 1497 teneantur
1725 1467 1857 1497 obedire.

1175 1534 1298 1569 Gregorius
1328 1534 1448 1572 episcopus
1469 1542 1545 1562 5011115
1571 1541 1688 1562 sciant-tun
1709 1532 1770 1570 Dei,
1798 1532 1927 1562 venerabili

1213 1577 1276 1607 tratri
1299 1577 1410 1607 Landull'o
1433 1578 1540 1616 episeopo
1558 1577 1650 1615 Pisano,
1669 1577 1764 1614 eiusque
1786 1577 1924 1607 successori·

1214 1622 1265 1659 bus,
1287 1622 1384 1650 salutent
1403 1625 1425 1650 et
1443 1621 1591 1659 apostolicam
1608 1620 1804 1650 benedictionem.

1223 1683 1385 1730 Snpernae
1408 1682 1619 1717 miserationis
1644 1691 1788 1729 respectu
1811 1682 1850 1717 ad
1867 1682 1927 1718 hoc

1176 1733 1359 1767 universalis
1374 1733 1533 1767 Ecclesiae
1549 1743 1655 1766 curam
1672 1731 1883 1779 suscepimus,
1897 1739 1928 1777 et

1174 1782 1334 1828 apostolici
1364 1781 1587 1816 moderaminis
1608 1780 1842 1815 solicitudinem
1871 1793 1928 1827 ge·

1176 1832 1284 1871 rimus,
1307 1838 1340 1865 ut
1364 1831 1452 1864 iustis
1481 1830 1676 1876 precantium
1708 1830 1787 1865 votis
1809 1837 1926 1864 attenta

1175 1879 1368 1925 benignitate
1386 1880 1554 1922 faveamus,
1570 1887 1599 1913 et
1611 1879 1775 1914 libramine
1790 1879 1928 1925 aequita-

1177 1929 1214 1962 tis
1227 1929 1374 1963 omnibus
1391 1929 1419 1962 in
1438 1928 1622 1962 necessitate
1635 1928 1757 1974 positis,
1773 1936 1926 1975 quantum

1175 1977 1243 2011 Deo
1259 1978 1395 2012 donante
1421 1989 1600 2024 possumus,
1622 1977 1789 2011 subvenire
1810 1976 1927 2011 debea-

1178 2039 1258 2060 mus.
1285 2026 1377 2061 Unde
1400 2026 1578 2072 postulante
1601 2034 1642 2069 te,
1664 2025 1757 2060 frater
1779 2025 1928 2060 Landul-

1176 2075 1248 2122 phe,
1272 2084 1304 2110 ut
1326 2075 1513 2119 Ecclesiam,
1536 2075 1585 2109 cui
1611 2074 1676 2109 Deo
1700 2074 1823 2109 volente
1846 2087 1927 2121 prte-

1176 2136 1244 2157 esse
1267 2124 1473 2170 dignosceris,
1496 2124 1628 2170 eiusque
1652 2123 1732 2158 bona
1756 2123 1795 2158 ab
1821 2124 1930 2158 adver-

1175 2173 1328 2207 sariorum
1359 2174 1475 2219 impetu
1515 2181 1546 2207 ct
1582 2172 1779 2207 infestatione
1803 2180 1927 2207 nostrae

1175 2222 1364 2268 apostolicae
1392 2222 1585 2256 auctoritatis
1615 2222 1789 2257 munimine
1819 2229 1926 2257 tuere-

1176 2283 1257 2313 111111,
1278 2271 1414 2305 inclinati
1439 2271 1527 2305 iustis
1551 2271 1698 2318 precibus
1714 2271 1786 2309 tuis,
1801 2283 1926 2306 conces-

1175 2320 1263 2354 sione
1302 2321 1473 2366 plaesentis
1513 2320 1667 2366 privilrgii
1703 2320 1927 2354 confirmamus

1176 2368 1229 2402 tibi
1252 2370 1467 2416 0111500111111111
1499 2369 1674 2423 praedictae
1703 2368 1834 2403 Pisanae
1861 2368 1926 2403 Ec-

1175 2417 1287 2452 clesiae
1314 2430 1385 2452 cum
1408 2419 1493 2452 omni
1520 2418 1599 2459 iure,
1615 2418 1745 2464 suisque
1767 2417 1926 2472 pertinen-

1176 2466 1236 2499 tiis.
1266 2466 1303 2500 Et
1335 2467 1407 2513 quia
1443 2467 1555 2501 Pisana
1588 2467 1748 2507 Ecclesia,
1781 2478 1860 2512 quae
1894 2466 1925 2500 in

1175 2514 1392 2560 praeficiendis
1410 2516 1470 2549 sibi
1495 2515 1671 2563 pastoribus
1689 2527 1704 2549 3
1723 2515 1927 2549 constitutio-

1175 2563 1268 2597 nibus
1290 2572 1468 2599 sanctoruni
1494 2565 1620 2598 Patrum
1644 2564 1832 2608 deviaverat,
1855 2573 1924 2598 1311-

1209 2629 1248 2664 (1)
1266 2629 1303 2655 Ex
1324 2629 1469 2665 exemplari
1495 2630 1630 2657 Vaticano.

1973 280 2000 299 n.
2020 271 2048 299 C.
2068 271 2134 299 1078

1978 1708 2096 1729 Exordium.

1987 2055 2082 2077 Ecclesia
2104 2055 2137 2076 Pt-

1951 2089 2004 2104 sana
2019 2089 2065 2103 cum
2076 2082 2137 2102 honis

1952 2109 2049 2130 omnibus
2083 2108 2137 2129 Lan⁴

1952 2136 2137 2162 dutphoepisc01o

1952 2162 2094 2184 continuatur.
