2180 3205
999 258 1094 281 lxm-:x
1124 258 1234 281 nuncu
1759 247 1828 279 859

350 312 536 358 Anagninus
557 313 724 360 episcopus
745 312 893 348 ccclesias
914 313 1033 360 aliquas
1059 314 1203 348 coneedit
1224 313 1415 348 monasterio
1436 312 1628 352 Cassinensi,
1654 314 1717 347 621
1746 326 1775 347 α.

351 362 521 397 Ananiensi
546 363 734 397 monasterio
752 362 950 397 adiudicatur
979 363 1055 397 cella
1082 364 1116 397 S.
1145 363 1258 397 Mariae
1280 363 1319 397 dc
1350 362 1510 398 Gordiano
1534 363 1684 398 adversus
1711 361 1879 397 Arelaten-

447 424 512 446 sem
540 412 812 459 archiepiscopum
834 420 863 447 ct
888 412 1058 447 monachos
1079 412 1177 447 Casae
1200 412 1271 451 Dei,
1301 415 1371 447 296
1394 415 1422 447 b.

349 460 534 495 Anastasius
556 460 597 495 lV
619 461 697 501 ΡΡ.,
721 464 791 496 596
819 463 846 496 b.

350 509 575 556 Andaginense
602 512 824 546 monasterium
858 510 1047 545 S.'llnl›erti
1080 511 1108 544 in
1135 511 1305 546 Arduenna
1343 511 1372 545 in
1407 511 1532 545 tutelam
1557 510 1758 558 Apostolicae
1784 510 1877 544 Sedis

447 559 630 605 suscipitur,
653 560 744 607 eique
771 561 848 594 bona
877 561 980 595 omnia
1007 559 1232 595 confirmantur
1255 573 1271 595 a
1294 561 1447 605 Gregorio
1469 560 1523 594 Vll
1549 560 1624 604 ΡΡ.,
1652 562 1697 594 58
1719 562 1737 594 b
1765 568 1794 595 ct
1816 573 1875 605 seq.

349 607 493 643 Andreae
519 608 579 652 (Β.)
601 609 808 645 foeminarum
828 609 961 651 abbatia,
984 618 1013 645 et
1038 609 1135 644 altera
1162 611 1297 645 virorum
1327 610 1496 644 Viennensi
1531 609 1689 645 Ecclesiae
1710 609 1877 644 subiiciun-

447 667 507 698 tut·,
531 662 575 693 86
598 660 625 693 b.

348 705 492 742 Andreas
517 708 688 754 episcopus
718 708 908 755 Spoletanus
934 708 1116 743 canonicam
1140 708 1170 743 in
1201 708 1370 744 cathedrali
1415 708 1555 744 Ecclesia
1591 709 1684 756 erigit
1717 717 1748 744 et
1780 708 1877 747 dotat,

447 759 491 791 54
515 759 533 791 h
555 766 586 791 et
606 770 666 802 seq.

348 804 456 840 Anfosi
490 807 614 841 comitis
644 806 789 841 Tolosani
826 807 991 842 transactio
1019 807 1093 842 inita
1124 819 1195 842 cum
1225 807 1404 842 Raimundo
1434 807 1608 842 Arelatensi
1639 807 1876 855 archiepiscopo

445 868 541 903 super
556 857 717 892 nonnullis
732 857 823 891 bonis
841 857 1055 895 confirmatur,
1086 859 1158 891 605
1180 870 1209 891 α.

347 904 480 951 Angliae
501 906 656 952 episcopis
678 906 876 941 investiturae
899 905 1121 940 beneficiorum
1155 906 1436 942 ecclesiasticorum
1463 918 1479 940 a
1509 906 1594 941 laicis
1626 915 1805 954 usurpatae,
1828 907 1877 942 ir—

446 955 533 1000 ritae,
555 956 719 1002 nullaeque
745 956 955 999 declarantur,
979 957 1048 989 710
1070 957 1087 989 b
1109 964 1138 989 et
1159 969 1217 1001 seq.

346 1003 478 1050 Angliae
511 1017 618 1051 regum
648 1005 786 1040 inunctio
816 1014 845 1041 ct
873 1005 1032 1040 coronatio
1062 1005 1099 1039 ad
1127 1005 1386 1040 Cantuariensem
1413 1005 1686 1052 archiepiscopum
1721 1005 1875 1053 pertinere

444 1053 629 1092 declaratur,
656 1057 723 1090 7⁶28
750 1068 779 1089 α.

344 1102 523 1138 Aniciensis
545 1104 683 1138 Ecclesia
705 1117 721 1139 a
744 1104 878 1151 quodam
906 1103 1069 1151 Stephano
1087 1103 1262 1139 simoniaco
1284 1103 1453 1153 invaditur,
1471 1107 1514 1137 79
1537 1105 1564 1138 b.
1588 1103 1716 1139 lnvasor
1746 1116 1875 1139 excom-

444 1154 632 1192 municatur,
654 1155 727 1188 ibid.

344 1201 461 1237 Anima
482 1215 538 1249 pro
557 1202 704 1238 fratribus
726 1203 883 1250 ponenda,
907 1204 951 1236 62
974 1216 1004 1237 a.

344 1252 429 1286 Ausa
458 1253 576 1298 regina,
600 1255 671 1287 555
692 1266 722 1287 α.

344 1301 495 1336 Anselmo
509 1303 660 1350 episcopo
673 1302 797 1336 Astensi
814 1301 1038 1336 monasterium
1054 1301 1093 1336 de
1107 1301 1300 1347 Caramagna
1324 1301 1545 1346 committitur,
1559 1303 1630 1336 628
1644 1303 1671 1336 b.

343 1350 494 1385 Antonini
510 1352 566 1396 (S.)
582 1352 741 1387 canonicis
762 1351 962 1385 Placentinae
985 1351 1116 1385 civitatis
1139 1351 1218 1385 bona
1241 1351 1343 1385 omnia
1365 1363 1401 1385 ac
1421 1352 1485 1385 iura
1507 1352 1745 1392 confirmantur,
1769 1353 1838 1386 586
1856 1353 1873 1386 b

441 1409 471 1435 et
492 1414 550 1446 seq.
567 1401 779 1437 Confirmatur
799 1413 924 1448 quoque
946 1401 1063 1435 eisdem
1083 1401 1213 1434 ecclesia
1237 1400 1266 1434 in
1284 1400 1353 1434 villa
1366 1400 1540 1434 Rom-tiana
1558 1401 1596 1435 ab
1618 1402 1767 1448 episcopo
1801 1414 1874 1434 eon-

441 1459 556 1485 structa
583 1459 613 1486 et
634 1453 679 1486 eis
691 1451 820 1493 donata,
843 1453 912 1485 599
929 1452 946 1484 b
963 1459 992 1484 et
1006 1463 1065 1495 seq.
1082 1450 1267 1484 Restituitur
1280 1450 1325 1484 eis
1341 1458 1419 1483 terra
1436 1450 1474 1483 de
1493 1450 1641 1495 Brnneto,
1655 1453 1724 1484 697
1740 1452 1868 1495 betseq.

331 1498 479 1534 ’Ansalda
500 1500 656 1536 comitissa
675 1513 745 1535 cum
774 1500 845 1534 filiis
871 1501 937 1534 suis
958 1499 1144 1543 Lanl'ranco,
1167 1499 1312 1533 Arduino
1333 1507 1363 1533 et
1389 1499 1581 1545 Magnisredo
1604 1499 1711 1534 fundat
1740 1508 1768 1534 et
1795 1499 1872 1534 ditat

440 1552 662 1585 monasterium
685 1550 720 1585 S.
741 1550 893 1596 Stephani
923 1548 1062 1583 Lauden.
1091 1549 1260 1592 dioecesis,
1287 1550 1358 1582 245
1380 1561 1409 1582 α.

341 1596 483 1633 Anthimi
505 1600 562 1644 (S.)
576 1600 692 1634 Montis
715 1599 799 1634 llcini
820 1599 1009 1633 monasterio
1025 1598 1221 1645 privilegium
1246 1598 1464 1637 immunitatis,
1487 1598 1748 1645 omnimodaeque
1765 1611 1872 1632 exem-

440 1649 556 1696 ptionis
581 1649 684 1694 datur,
711 1649 937 1684 confirmantur
958 1660 1083 1695 quoque
1101 1649 1128 1682 ei
1152 1648 1231 1682 bona
1259 1648 1362 1681 omnia
1385 1660 1420 1682 ac
1449 1647 1619 1694 privilegia,
1647 1651 1716 1682 600
1740 1650 1766 1681 b.

341 1697 516 1746 Aprutinae
529 1699 689 1734 Ecclesiae
711 1698 777 1733 iura
803 1698 907 1732 omnia
923 1698 1160 1741 confirmantur,
1173 1698 1304 1744 eiusque
1321 1698 1398 1731 lines
1419 1697 1634 1742 designantur,
1650 1700 1719 1732 610
1735 1699 1752 1730 b
1767 1705 1795 1730 et
1809 1711 1868 1743 seq.

341 1748 474 1796 Aptensi
497 1749 658 1784 Ecclesiae
680 1749 760 1784 bona
782 1747 887 1782 omnia
914 1748 1151 1785 confirmantur,
1174 1747 1303 1793 eiusque
1325 1747 1485 1781 canonicis
1507 1746 1658 1781 nonnulla
1685 1747 1869 1781 concedun-

441 1806 491 1832 tur
512 1798 683 1844 privilegia,
706 1800 777 1832 275
803 1799 821 1831 b
843 1805 870 1830 et
892 1809 950 1841 seq.

343 1848 500 1894 Aquensis
521 1847 659 1882 Ecclesia
688 1847 883 1882 Narbonensi
907 1855 1001 1892 prout
1024 1845 1145 1892 primati
1168 1845 1325 1888 subiecta,
1350 1847 1421 1879 255
1447 1847 1476 1879 1).

342 1897 456 1944 Apulia
479 1897 554 1931 urbs
575 1897 744 1941 Lucaniae,
771 1898 836 1931 159
864 1908 893 1929 α.
930 1897 961 1929 Γ.
991 1903 1054 1929 not.
1077 1895 1114 1929 ad
1143 1895 1219 1928 calc.
1248 1894 1308 1928 col.
1331 1894 1432 1928 einsd.

341 1946 536 1994 Aquileiensi
559 1946 718 1981 Ecclesiae
742 1947 821 1981 bona
848 1946 954 1979 omnia
980 1945 1215 1980 confirmantur.
1247 1944 1377 1989 eiusque
1405 1944 1590 1990 patriarchis
1613 1943 1695 1990 pallii
1729 1956 1807 1978 usus
1839 1953 1870 1978 et

438 1998 540 2031 crucis
559 1996 708 2043 praelatio
729 1998 943 2035 confirmatur,
968 1997 1037 2028 572
1061 1996 1090 2037 b,
1113 1995 1182 2028 804
1205 1995 1233 2027 b.
1256 1993 1324 2027 Sub
1341 1994 1533 2040 protectione
1555 1994 1753 2040 Apostolicae
1776 1993 1870 2028 Sedis

438 2046 619 2093 suscipitur,
642 2055 671 2080 et
698 2045 885 2080 donationes
907 2056 1017 2078 omnes
1045 2044 1141 2077 [actae
1163 2042 1266 2076 favore
1287 2043 1355 2077 eius
1381 2042 1516 2088 Capituli
1545 2043 1771 2077 confirmantur
1797 2056 1867 2077 cuni

439 2095 564 2131 decreto
592 2096 810 2139 immunitatis,
835 2095 903 2128 796
921 2106 940 2127 α
963 2102 991 2127 et
1017 2106 1075 2138 seq.
1100 2092 1238 2126 Ecclesia
1261 2104 1299 2126 ex
1321 2091 1527 2126 nobilioribus
1553 2091 1736 2126 Occidentis
1763 2092 1869 2126 decla-

438 2153 535 2189 ratur,
552 2147 621 2179 804
643 2146 672 2178 b.
698 2144 749 2179 lus
770 2156 865 2191 super
883 2143 1041 2177 sexdecim
1067 2143 1267 2189 episcopatus
1288 2149 1319 2176 et
1340 2142 1528 2176 monasteria
1550 2142 1656 2176 omnia
1679 2153 1751 2176 cum
1779 2142 1869 2175 bonis

438 2195 466 2229 ei
494 2194 733 2238 confirmantur,
755 2195 831 2228 ibid.

340 2244 516 2290 Aragoniae
538 2256 646 2289 regum
674 2243 824 2279 beneficia
852 2250 881 2275 et
903 2241 1089 2276 donationes
1113 2240 1208 2274 sactae
1230 2239 1400 2275 Oscitanae
1423 2239 1550 2284 civitati,
1575 2243 1642 2274 187
1666 2253 1695 2274 α.

340 2294 531 2329 Arausicana
554 2293 696 2329 Ecclesia
729 2291 922 2328 Tricastinae
950 2290 1110 2338 pontificio
1133 2290 1257 2324 decreto
1280 2290 1399 2329 unitur,
1424 2291 1492 2324 159
1514 2302 1534 2323 a
1555 2298 1584 2324 et
1605 2302 1665 2335 seq.
1693 2289 1780 2324 Bona
1799 2302 1869 2324 on]-

438 2344 489 2378 nia
515 2344 542 2378 ei
569 2343 806 2382 confirmantur,
835 2344 904 2375 422
931 2353 960 2375 α.
984 2340 1083 2375 Sedes
1109 2339 1297 2386 episcopalis
1320 2340 1349 2373 in
1369 2351 1403 2374 ea
1426 2338 1630 2374 confirmatur
1651 2347 1680 2373 et
1702 2340 1868 2385 assignan-

438 2401 489 2427 tur
509 2393 650 2428 confines
671 2393 751 2436 eius,
778 2393 854 2426 ibid.

340 2441 529 2489 Archangeli
552 2442 608 2487 (S.)
635 2442 672 2477 ad
695 2441 853 2476 Mortisam
876 2440 905 2473 in
929 2439 1050 2473 civitate
1072 2437 1202 2485 Neapoli
1229 2438 1454 2473 monasterium
1476 2438 1536 2473 sub
1558 2437 1758 2485 Apostolicae
1776 2438 1868 2473 Sedis

439 2493 632 2539 protectione
658 2500 689 2526 et
710 2491 804 2525 tutela
831 2489 1014 2535 suscipitur,
1042 2490 1105 2522 ⁶281
1135 2490 1151 2521 b
1173 2495 1203 2522 et
1227 2500 1286 2532 seq.

339 2540 498 2577 Arducius
533 2542 700 2589 episcopus
726 2539 955 2578 Gebennensis,
989 2538 1080 2584 eique
1108 2537 1275 2572 commissa
1300 2536 1452 2578 Ecclesia,
1485 2537 1545 2572 sub
1566 2536 1603 2571 B.
1637 2537 1718 2572 Petri
1746 2546 1776 2571 et
1798 2537 1868 2571 Ha—

438 2590 538 2626 driani
560 2591 602 2625 lv
627 2590 690 2625 ΡΡ.
719 2589 912 2637 protectione
933 2587 1159 2634 suscipiuntur,
1182 2588 1252 2621 642
1274 2599 1294 2621 a
1314 2595 1344 2622 et
1369 2599 1429 2632 seq.
1452 2587 1531 2622 Eius
1552 2587 1762 2622 controversia
1796 2600 1867 2621 cuin

437 2639 579 2676 Amedeo
601 2640 715 2675 comite
737 2639 884 2673 definitur
906 2649 940 2672 ac
962 2636 1172 2684 componitur,
1194 2638 1268 2670 ibid.
