2180 3205
215 272 264 298 An.
279 272 307 297 C.
330 272 396 298 ¹16¹)

232 372 335 392 ltin-rrum

215 405 324 423 munitati-
335 380 401 430 aqliii-

216 434 266 453 litu-t

216 465 314 484 mulestia

217 504 224 515 ι
231 499 257 515 tc.

468 263 537 294 71&

417 325 530 369 Deum,
559 335 587 360 ct
615 325 649 358 B
687 324 847 359 Ιῖι·ιιι“ι1ῐιιῐ
884 336 936 369 teg
929 324 1022 358 mlum
1057 324 1161 370 proii-

379 375 517 409 ¹‘·‹lt·iint
544 374 733 420 eligendam.
767 372 976 408 Decernimus
1011 385 1105 419 er,g0
1133 381 1164 406 ut

311 418 490 458 eueni-tntilli
515 424 644 458 omnino
668 423 830 458 hominnm
854 423 961 465 liceat,
991 422 1162 477 prat-satum

372 471 391 484 ‘¹
414 473 640 508 monasterium
669 481 785 507 temere
804 471 1002 519 perturbare
1024 480 1076 507 aut
1096 484 1165 506 tius

414 523 630 577 possessiones
654 522 791 562 auferre,
815 522 860 557 iel
879 521 997 556 ablatas
1019 521 1165 564 retinere,

414 584 568 613 minuere,
593 584 646 607 seu
675 571 867 627 quibuslibet
890 571 1104 606 texationibus
1127 570 1166 604 fa-

415 622 529 668 tigare3
555 621 608 656 sed
635 622 740 656 omnia
767 622 887 668 integra
909 630 939 656 et
960 620 1076 656 illibata
1104 632 1167 655 ser-

414 679 542 712 ventur,
564 683 684 711 earum,
708 683 763 718 pro
783 683 916 718 quarum
939 670 1166 717 gubernatione

414 733 450 756 ac
484 721 734 755 substentatione
762 733 913 756 concessa
939 728 1024 763 sunt,
1059 719 1167 754 usibus

415 770 606 806 omnimodis
636 769 813 825 profutura:
852 770 935 805 salva
966 769 1060 804 Sedis
1087 770 1168 816 Apo—

374 820 543 889 listolieae
561 820 759 875 auctoritate,
782 828 812 855 et
826 819 1006 855 dioecesani
1025 819 1165 866 episcopi

353 907 387 922 ou
392 870 568 905 ⁵canonlea
591 870 719 905 luStlllss.
747 869 780 905 Sl
807 882 869 917 qua
900 870 996 916 igitur
1018 869 1049 902 in
1081 868 1167 902 futu-

415 932 485 954 rum
524 919 735 954 ecelesiastica
772 905 978 954 saecularisie
1015 930 1166 973 persona,

415 970 496 1004 hanc
509 977 633 1004 nostrae
647 969 880 1003 constitutionis
893 969 1037 1016 paginam
1051 968 1166 1011 sciens,

414 1027 523 1054 contra
548 1031 616 1054 eam
640 1027 756 1053 temere
778 1031 886 1053 ventre
908 1025 1087 1058 tentaverit,
1110 1029 1166 1051 se-

415 1069 521 1103 cundo
553 1068 680 1103 tertiove
713 1069 924 1109 commonita,
956 1067 1015 1102 nisi
1049 1076 1166 1101 reatum

415 1131 508 1153 suum
547 1130 686 1164 congrua
728 1118 941 1153 satisfactione
977 1117 1166 1155 correxerit,

417 1168 579 1215 potestatis
598 1167 790 1214 honorisque
808 1167 855 1202 sui
884 1165 1033 1222 dignitate
1052 1175 1167 1204 careat,

416 1230 571 1272 reamque
582 1229 615 1251 se
638 1217 744 1252 divino
761 1217 877 1252 iudicio
901 1218 1033 1251 existere
1050 1216 1088 1250 de
1105 1228 1167 1262 pet

418 1275 535 1314 pettata
565 1267 727 1313 iniquitate
749 1275 939 1313 cognoscat
967 1275 995 1301 et
1025 1279 1040 1300 a
1063 1277 1169 1300 saera-

418 1317 539 1352 tissimo
566 1315 707 1364 Corpore
732 1295 807 1351 Dei0
819 1325 849 1351 et
879 1315 1006 1350 Domini
1027 1315 1169 1350 Redem-

419 1367 515 1413 ptoiis
533 1366 629 1401 nostri
646 1367 714 1401 lesu
729 1365 846 1401 Christi
867 1365 967 1400 aliena
986 1365 1054 1405 liat,
1075 1374 1169 1411 atque

419 1418 449 1451 in
485 1424 624 1451 extremo
670 1417 813 1451 examine
859 1415 1019 1450 districtae
1057 1414 1169 1449 ultioni

418 1466 588 1501 subiaceat.
611 1465 743 1501 Cunctis
763 1474 866 1501 autern
891 1464 993 1500 eidem
1013 1465 1082 1499 loco
1113 1476 1168 1498 sua

418 1516 486 1551 iura
520 1515 720 1551 servantibus
754 1516 792 1549 sit
827 1528 885 1562 pax
906 1514 1034 1549 Domini
1072 1513 1168 1548 nostri

418 1566 489 1600 Iesu
512 1565 628 1600 Christi
658 1574 820 1612 perpetua,
843 1574 873 1600 et
890 1564 940 1599 hic
956 1564 1090 1599 fructum
1118 1563 1172 1598 bo-

419 1628 478 1650 nae
511 1615 643 1650 actionis
671 1615 861 1669 percipiant,
903 1622 934 1649 et
965 1613 1048 1661 apud
1071 1613 1170 1648 distr-i

420 1673 505 1700 ctum
548 1664 687 1699 Iudicem
734 1676 870 1711 praemia
903 1673 1047 1699 aeternae
1086 1663 1172 1710 pacis

420 1714 592 1749 inveniant.
620 1716 733 1749 Amen.

469 1765 585 1799 Datum
606 1764 728 1799 Romae
749 1776 832 1799 anno
854 1763 1079 1799 incarnationis
1108 1761 1172 1796 do-

423 1814 557 1849 minicae
575 1826 716 1856 netxrx,
733 1814 843 1861 pontif.
861 1826 932 1848 vero
947 1813 1054 1847 domni
1073 1811 1171 1847 nostri

422 1864 597 1899 Alexandri
619 1864 661 1898 Ill
684 1863 798 1911 Papae,
820 1877 850 1898 x.

534 1921 596 1952 Dat.
619 1931 697 1952 anno
719 1921 802 1959 1169,
825 1921 926 1961 pontif.
948 1929 1023 1950 aimo
1038 1929 1064 1950 x.

724 2097 871 2133 xxxvl.

427 2177 598 2211 Destinaeio
625 2178 792 2221 Ieyalorum
830 2177 862 2209 in
886 2176 1034 2218 Anytiam
1061 2175 1102 2208 ad
1130 2186 1176 2208 co-

474 2228 676 2271 ynnsccndum
715 2227 752 2259 (Ie
782 2227 882 2259 causis
911 2226 990 2257 inter
1016 2237 1113 2268 rryem
1149 2231 1175 2257 el

480 2277 631 2309 Thomam
672 2276 931 2321 archiepiscopum
969 2275 1176 2308 Cantaurian—

475 2338 536 2360 sem
562 2328 619 2368 (l).

693 2401 906 2432 SUMMARIUM

429 2469 516 2507 Regis
543 2468 665 2507 Angliae
697 2468 815 2497 nuntios
842 2473 871 2497 et
900 2468 1002 2498 literas
1030 2468 1176 2507 recepisse

468 2518 577 2543 narrat.
603 2530 642 2535 -—
671 2512 800 2542 Num-ios
832 2524 846 2542 a
877 2522 946 2551 rege
973 2513 1078 2551 petitos
1108 2522 1174 2541 cnm

470 2562 612 2596 potestate
644 2559 841 2595 cognoscendi
874 2562 902 2587 et
925 2557 1077 2587 iudicandi
1107 2567 1176 2586 cau—

466 2623 505 2658 (t)
517 2624 554 2649 Ex
566 2624 689 2656 Wnkins,
701 2623 799 2651 Concil.
813 2622 974 2651 Brittanniae
984 2626 1010 2650 et
1020 2623 1160 2650 Hiberniae
1169 2645 1175 2655 ,

430 2668 482 2696 vol.
502 2676 520 2701 1,
542 2676 599 2704 pag.
622 2669 670 2695 11ιὸ

994 270 1045 291 ΙΣΙῚ
1057 269 1181 291 utura!
1210 268 1370 290 ttmtrtxml

1245 331 1306 351 sani
1327 320 1523 350 interdictum
1543 329 1640 358 regem
1654 324 1680 350 et
1695 321 1951 360 archiepiscopum

1245 365 1484 395 Cantuariensem
1504 365 1594 402 misit;
1623 381 1662 387 -—
1680 364 1779 395 Eidem
1801 365 1951 404 archiepi-

1245 419 1333 448 scopo
1356 408 1507 448 prohibet,
1537 413 1568 438 ut
1591 409 1734 448 pendente
1755 409 1806 439 lite
1829 419 1950 447 regnum

1245 463 1299 483 nec
1322 463 1422 491 regem
1445 453 1596 492 inquietet.
1621 470 1661 476 ·—
1689 453 1799 483 lrritam
1824 454 1954 484 declarat

1246 507 1463 538 quamcumque
1486 497 1702 537 archiepiscopi
1731 498 1760 526 in
1779 507 1876 536 regem
1904 503 1955 528 aut

1245 552 1368 581 regnum
1391 543 1575 573 sententiam.
1608 560 1648 565 —
1680 543 1852 572 Familiares
1876 544 1953 581 regis

1246 588 1282 618 ab
1301 587 1522 627 archiepiscopo
1545 587 1830 625 excomniunicatOS,
1859 587 1955 618 absol-

1246 633 1331 663 vendi
1355 637 1526 672 potestatem
1550 632 1659 662 tribuit.

1205 700 1355 729 Alexander
1374 701 1514 737 episcopus
1524 707 1618 729 servus
1631 707 1768 729 servorum
1784 700 1838 734 Dei,
1851 700 1956 729 illustri

1250 750 1395 786 auglorum
1409 750 1470 786 regi
1479 750 1599 783 llenrico,
1613 750 1728 779 salutem
1739 751 1767 779 et
1782 750 1957 787 apostolicam

1251 799 1472 828 benedictionem.

1256 866 1508 913 Magnificentiae
1547 875 1616 902 tuae
1655 868 1803 910 nuntios,
1837 868 1957 903 scilicet

1207 921 1340 956 dilectos
1363 921 1442 956 filios
1464 930 1589 957 nostros
1615 921 1750 956 loannes
1771 922 1901 962 Cumin,
1927 932 1957 958 et

1210 975 1410 1022 Radulphum
1433 976 1472 1011 de
1496 975 1698 1016 Vamewrtlc,
1722 977 1814 1011 nobis
1835 986 1864 1011 ct
1895 977 1959 1012 Ec-

1208 1029 1321 1064 clesiae
1342 1029 1401 1065 Dei
1424 1030 1565 1073 devotos,
1583 1040 1613 1064 et
1633 1031 1736 1077 regiae
1759 1030 1959 1071 sublimitati,

1208 1085 1289 1119 sicut
1317 1084 1497 1126 credimus,
1535 1097 1589 1132 per
1615 1085 1720 1119 omnia
1748 1084 1959 1126 fidelissimos,

1209 1147 1237 1172 et
1261 1137 1377 1176 literas,
1404 1150 1482 1185 quas
1503 1138 1687 1174 excellentia
1709 1147 1761 1173 tua
1785 1139 1877 1174 nobis
1905 1152 1960 1186 per

1209 1191 1335 1226 eosdem
1361 1193 1544 1233 transmisit,
1563 1202 1649 1228 tanto
1666 1193 1841 1239 benigniori
1854 1202 1959 1228 mente

1209 1246 1430 1292 suscepimus,
1465 1255 1495 1280 et
1525 1256 1611 1282 tanto
1642 1259 1697 1282 eos
1732 1248 1840 1282 maiori
1862 1248 1959 1294 gratia

1211 1301 1431 1347 praevenimus
1453 1309 1484 1336 et
1508 1301 1647 1343 honore,
1682 1311 1801 1348 quanto
1837 1302 1962 1349 plenius

1209 1355 1372 1398 scivimus,
1400 1355 1487 1402 ipsos
1521 1368 1537 1390 a
1572 1357 1738 1402 magnifico
1761 1357 1904 1404 principe
1930 1366 1961 1392 et

1211 1420 1283 1454 rege
1316 1408 1580 1444 christianissimo
1614 1410 1710 1444 fuisse
1745 1411 1960 1456 transmissos3

1211 1463 1261 1496 cui
1285 1463 1390 1510 itaque
1417 1476 1560 1504 omnem,
1587 1475 1680 1512 quam
1704 1476 1776 1498 cum
1799 1463 1866 1499 Deo
1889 1477 1962 1511 pos-

1211 1529 1337 1558 sumus,
1359 1518 1489 1563 gloriam
1517 1519 1666 1565 cupimus
1693 1527 1724 1553 et
1739 1518 1906 1560 honorem,
1932 1528 1962 1555 et

1211 1572 1248 1606 ad
1271 1572 1363 1607 cuius
1390 1572 1620 1608 incrementum
1656 1572 1760 1607 modis
1792 1573 1962 1614 omnibus,

1211 1626 1327 1673 quibus
1350 1626 1482 1661 honeste
1505 1627 1691 1673 poterimus.
1715 1639 1772 1662 nos
1794 1636 1823 1662 et
1852 1627 1963 1663 fratres

1213 1680 1322 1721 nostri,
1357 1692 1394 1715 ac
1414 1689 1478 1715 tota
1499 1680 1659 1721 Ecclesia,
1682 1691 1800 1728 quanto
1823 1680 1963 1716 devotis-

1212 1734 1309 1769 simae
1332 1735 1522 1770 sinceritatis
1545 1745 1615 1770 tuae
1630 1735 1778 1770 affectum
1796 1735 1829 1769 in
1852 1736 1962 1771 maiori

1213 1790 1314 1823 simus
1338 1789 1523 1824 necessitate
1545 1790 1678 1836 experti,
1696 1799 1783 1824 tanto
1801 1789 1963 1825 ardentius

1213 1843 1409 1878 intendimus
1426 1843 1575 1890 aspirare.
1598 1843 1666 1878 Non
1687 1844 1769 1878 enim
1786 1843 1964 1880 devotionis

1213 1907 1286 1932 tuae
1321 1897 1474 1944 insignia,
1508 1897 1601 1932 nobis
1633 1907 1775 1944 tempore
1806 1906 1867 1932 tam
1903 1910 1963 1946 op-

1216 1959 1353 1999 portuno
1375 1951 1527 1995 exhibita,
1563 1964 1578 1986 a
1614 1961 1719 1987 nostra
1754 1953 1962 1999 imposterum

1215 2006 1367 2041 memoria
1390 2005 1475 2040 nulla
1498 2005 1613 2053 poterit
1632 2006 1752 2041 ratione
1774 2005 1892 2048 divelli,
1915 2006 1962 2042 vel

1215 2060 1246 2094 in
1261 2068 1434 2106 conspectu
1453 2058 1615 2093 Ecclesiae
1632 2059 1736 2107 aliqua
1754 2059 1964 2095 desuetudine

1216 2113 1401 2148 inumbrari
1425 2113 1598 2148 petitiones
1619 2126 1746 2161 quoque
1774 2123 1856 2160 tuas,
1884 2126 1962 2162 quas

1215 2168 1307 2202 nobis
1330 2179 1385 2227 per
1412 2167 1470 2201 iam
1504 2167 1606 2202 dictos
1640 2168 1772 2203 nuncios
1804 2177 1876 2203 tuos
1908 2180 1961 2202 ιιιι-

1215 2223 1296 2266 sisti,
1334 2222 1364 2255 in
1387 2221 1504 2269 quibus
1530 2222 1635 2265 omni,
1668 2234 1761 2270 quain
1784 2234 1857 2257 cum
1894 2222 1996 2256 Deo

1215 2285 1245 2312 et
1267 2277 1429 2311 honestate
1447 2284 1550 2310 nostra
1573 2277 1746 2336 potuimus,
1767 2277 1848 2311 sicut
1866 2276 1960 2311 iidem

1217 2331 1469 2376 magnificentiae
1490 2339 1561 2365 tuae
1576 2331 1684 2365 nuncii
1711 2331 1779 2366 vita
1800 2343 1877 2366 voce
1895 2332 1962 2378 ple-

1217 2385 1288 2420 nius
1320 2383 1531 2424 enarrabunt,
1570 2385 1749 2419 curavimus
1784 2388 1960 2420 executioni

1217 2438 1377 2474 mandare.
1415 2439 1572 2474 Personas
1605 2438 1764 2485 siquidem
1796 2439 1835 2474 de
1867 2441 1963 2474 latere

1217 2501 1335 2537 nostro,
1357 2493 1442 2528 iuxta
1464 2493 1547 2540 quod
1570 2493 1696 2539 rogasti,
1723 2492 1796 2528 licet
1815 2494 1964 2539 gravissi—

1217 2559 1303 2582 mum
1330 2559 1366 2582 ac
1406 2546 1624 2581 difficillimum
1648 2547 1708 2582 hoc
1731 2556 1872 2593 tempore
1893 2559 1962 2581 ma-

1217 2605 1299 2636 xime
1331 2601 1472 2636 videatur
1496 2601 1620 2648 aliquos
1645 2612 1660 2634 a
1688 2599 1778 2635 nobis
1798 2601 1960 2642 emittere,

1215 2667 1286 2691 cum
1310 2655 1438 2691 fratrum
1475 2664 1654 2691 nostrorum
1677 2664 1707 2689 et
1734 2667 1843 2690 eorum
1876 2667 1962 2704 prae-

1968 267 2017 293 Λιι.
2035 266 2064 292 C.
2081 265 2146 292 ¹169

1986 876 2047 901 lingis
2067 877 2082 896 A
2093 876 2154 901 »gli-re

1972 909 2064 931 nuntius,
2084 911 2104 927 ct
2127 907 2155 927 Ιι-

1972 942 2029 959 ιιτιι5
2046 939 2154 965 recepisse

1973 973 2057 995 ιιιιῐιιιις

1989 2126 2099 2148 Num-insa
2109 2133 2145 2153 reg
2148 2133 2160 2148 e

1942 2168 1949 2174 ·
1977 2159 2043 2185 petito
2046 2165 2056 2179 5
2065 2165 2111 2179 cum
2121 2166 2160 2186 po—

1977 2193 2009 2209 tes
2012 2192 2054 2210 tate
2079 2195 2117 2215 cog
2120 2196 2161 2210 uo-

1976 2226 1998 2241 ςι-
2002 2221 2050 2241 endi
2065 2224 2086 2241 ct
2105 2222 2160 2241 iunli-

1977 2252 2038 2272 candi
2075 2257 2160 2272 eausam

1977 2259 2032 2303 inter
2042 2283 2119 2303 dictum
2128 2288 2161 2303 re-

1976 2319 2022 2339 gem
2045 2317 2066 2334 ct
2088 2313 2160 2334 aretii-

1977 2346 2042 2371 episc
2043 2351 2098 2371 pum
2093 2344 2161 2364 :Can-

1953 2385 1959 2390 ·
1977 2379 2005 2396 ΙὲΙΙ
2005 2377 2105 2397 triensem
2119 2376 2162 2396 mi·

1977 2406 2016 2432 sit·
