2180 3205
168 298 217 325 An.
235 298 263 324 C.
286 297 353 325 4108

169 611 288 632 Parocniao
304 612 354 631 Nar-

170 639 352 662 h=·n.a1chi·-1usc.

169 668 291 686 subn-stae:
302 669 353 684 item

169 696 190 712 et
206 693 260 712 bona
269 694 294 711 :id
306 697 354 711 eam

170 725 203 744 pei
211 723 310 742 tinentia:

184 1555 245 1582 Quae
271 1554 344 1576 eidem

171 1588 222 1603 curn
243 1582 357 1607 omnibus,

171 1609 259 1629 iuribus
277 1609 358 1629 consu·-

173 1639 263 1656 133111111-
288 1639 331 1656 etc.

199 1741 307 1762 Ecclesiae
323 1740 358 1761 ei-

172 1769 222 1788 dem
250 1768 360 1793 suflraga-

173 1800 234 1815 neae.

175 2050 282 2075 Aquensis
313 2052 360 2077 epi-

174 2082 256 2101 scopus
271 2078 312 2099 sub
328 2079 360 2098 iu-

175 2105 302 2125 risd¹c1:one
312 2105 360 2126 Pri.

176 2134 242 2150 mans
278 2132 360 2152 Narbo.

176 2157 256 2179 nensis.

430 272 500 305 ‘2532

379 336 519 378 Idcirco,
552 332 738 368 venerabilis
774 331 866 365 l'rater
892 329 1028 364 Bit-arde
1050 329 1129 362 Nar-

380 385 530 420 bonensis
549 384 797 428 archiepiscope,
818 380 991 427 praesentis
1013 378 1127 412 decreti

380 435 490 481 pagina
521 432 572 466 tibi
597 432 721 478 tuisque
742 428 996 467 successoribus,
1028 427 1128 474 quid—

378 484 451 530 quid
482 481 698 528 parochiarum
722 480 758 513 ad
791 479 907 525 primae
935 477 1018 512 sedis
1048 476 1128 510 Nar-

379 532 528 566 bonensis
551 530 722 564 Ecclesiam
746 529 875 574 antiquo
898 528 963 561 iure
986 526 1128 560 noscitur

380 582 546 627 pertinere,
574 578 810 612 confirmamus.
845 577 942 611 Porro
970 575 1046 609 infra
1071 587 1128 621 pa-

380 631 501 664 rochias
534 630 617 675 ipsas
644 628 709 662 iure
738 626 941 674 proprietario
977 633 1037 658 tam
1072 624 1124 657 tibi

378 692 470 726 qnam
496 678 556 712 tuis
578 676 815 712 successoribus
842 674 1048 721 possidenda,
1071 685 1127 707 re-

377 728 490 774 genda,
513 735 543 762 et
561 725 757 773 disponenda
773 725 943 764 sancimus,
962 722 1127 757 ecclesiam

378 778 484 812 Sancti
515 777 603 810 Pauli
639 788 711 810 cum
745 774 895 809 omnibus
933 771 1128 818 pertiuentiis

378 827 455 869 suis,
478 826 630 873 oppidum
654 823 905 871 Caput-Stagiii,
936 821 1025 855 Salas
1047 820 1129 854 Acu-

379 876 498 919 scadas,
522 875 658 920 Argens,
681 874 796 907 fontem
820 872 975 913 iocosum,
997 869 1128 915 Auriag,

379 925 483 960 villam
515 924 681 967 Rubeam,
720 922 910 967 Segionum,
943 927 973 953 et
1007 925 1128 953 caetera

380 975 520 1022 praedia,
542 973 648 1011 cellas,
667 984 722 1006 seu
740 970 966 1018 possessiones,
986 979 1066 1014 quae
1083 967 1128 1001 vel

379 1036 395 1058 a
420 1024 546 1070 regibus
567 1022 615 1056 vel
638 1021 676 1055 ab
703 1021 772 1055 aliis
803 1018 947 1053 fidelibus
969 1017 1045 1050 viris
1077 1028 1130 1050 ec-

380 1073 493 1108 clesiae
526 1079 706 1106 sanctorum
735 1077 905 1115 martyrum
927 1066 1003 1100 Iusti
1028 1072 1057 1100 et
1077 1065 1131 1098 Pa-

379 1123 472 1157 storis
506 1121 607 1156 oblata
638 1126 728 1157 sunt,
767 1126 829 1152 tam
865 1117 896 1150 in
931 1113 1128 1149 Narbonensi

379 1172 539 1215 comitatu,
561 1181 655 1216 quam
670 1168 700 1202 in
720 1166 887 1201 Bitterensi
925 1173 956 1199 et
977 1163 1129 1207 Redensi,

379 1218 632 1255 Sustantionensi
660 1225 690 1252 et
711 1214 936 1254 Nemausensi;
959 1213 1037 1247 infra
1057 1224 1129 1246 vero

380 1270 490 1304 urbem
524 1267 762 1302 Narbonensem
798 1264 998 1299 medietatem
1032 1262 1130 1308 ipsius

380 1319 559 1357 comitatus,
587 1316 786 1351 medietatem
815 1313 944 1353 telonei,
975 1311 1130 1358 portatici,

382 1368 491 1402 salicae
511 1371 567 1411 (1),
590 1365 774 1404 salinarum,
796 1371 826 1398 et
848 1370 1043 1397 caeterorum
1065 1360 1133 1394 red-

380 1417 517 1460 dituum,
533 1416 585 1463 qui
601 1427 617 1449 a
631 1414 766 1449 civitatis
781 1412 895 1447 comite
918 1420 978 1445 tam
1001 1410 1039 1444 de
1066 1421 1132 1442 ma-

381 1467 459 1501 rinis
485 1477 579 1512 quam
612 1464 650 1498 de
679 1463 810 1497 terrenis
837 1459 1032 1495 institoribus
1066 1458 1132 1491 exi-

381 1525 515 1562 guntur,
539 1515 567 1548 in
586 1512 782 1548 monasteriis
806 1522 894 1550 vero,
923 1521 978 1543 seu
1001 1508 1132 1542 caeteris

383 1577 437 1612 per
475 1563 712 1598 Narbonensem
756 1560 926 1594 Ecclesiam
975 1556 1131 1601 ecclesiis,

380 1614 463 1648 salva
487 1613 579 1648 Sedis
597 1610 797 1658 Apostolicae
816 1608 1012 1647 auctoritate,
1035 1618 1132 1640 cano-

381 1664 486 1697 nicum
527 1662 613 1696 vohis
648 1661 696 1694 ius
737 1659 879 1693 obtinere
913 1655 1130 1691 concedimus.

380 1712 464 1746 Sane
491 1711 527 1745 ad
553 1718 684 1744 vestram
713 1706 911 1754 metropolim
942 1706 1133 1752 pertinentes

381 1760 576 1807 episcopales
595 1758 770 1797 cathedras,
807 1756 951 1790 videlicet
983 1753 1131 1792 Biterris,

381 1810 613 1849 Carcassonae,
642 1807 794 1849 Tolosae,
829 1805 946 1844 Elnae,
974 1803 1131 1848 Aghates,

381 1859 532 1897 Lutevae,
562 1857 755 1903 Magalonae,
787 1854 948 1893 Nemausi,
974 1852 1131 1895 Uzeticae,

382 1908 436 1943 tibi
461 1909 585 1954 tuisque
619 1904 857 1940 successoribus
885 1904 914 1936 in
945 1909 1130 1948 perpetuum

382 1958 559 2000 subiectas,
597 1955 807 1990 obedientiam
838 1952 972 1987 debitam
1010 1962 1132 1984 servare

383 2019 561 2042 censemus.
588 2005 763 2039 Primatum
797 2002 889 2037 etiam
917 2000 1004 2035 vobis
1037 2011 1132 2046 super

383 2057 552 2091 secundam
585 2053 842 2095 Narbonensem,
864 2050 944 2084 idest
975 2049 1132 2095 Aquensis

384 2105 579 2152 metropolis,
601 2104 682 2138 sicut
704 2114 718 2136 a
743 2102 857 2135 nostris
880 2098 1133 2146 praedecessori-

385 2155 444 2189 bus
466 2162 617 2189 statutum
641 2160 699 2191 est,
722 2151 965 2187 confirmamus,
993 2156 1021 2181 et
1044 2146 1134 2193 quid-

384 2204 458 2251 quid
482 2216 519 2238 ex
541 2203 671 2249 antiquo
695 2200 761 2234 iure
787 2211 880 2245 saepe
902 2198 1004 2231 dictae
1020 2196 1133 2230 Eccle—

385 2254 449 2288 siae
470 2250 667 2287 Narbonensi
684 2249 845 2296 competit,
866 2255 963 2280 13111111
981 2253 1133 2292 perpetuo

385 2312 415 2337 et
438 2301 660 2337 inconvulsum
684 2310 810 2333 manere
830 2297 1040 2331 decernimus.
1066 2294 1134 2333 Staf

387 2352 502 2386 luimus
545 2362 619 2396 ergo
655 2357 688 2383 ut
725 2347 800 2381 nulli
838 2346 1003 2380 hominum
1043 2344 1133 2377 liceat

385 2401 528 2436 eamdem
565 2398 738 2433 Ecclesiam
778 2404 893 2430 temere
929 2393 1133 2441 perturbare,

385 2458 438 2484 aut
464 2449 531 2483 eius
551 2448 766 2496 possessiones
782 2444 917 2488 auferre⁷
944 2443 991 2477 vel
1016 2442 1134 2476 ablatas

386 2499 534 2538 retinere,
556 2498 709 2540 minuere,
734 2495 780 2529 tel
801 2493 974 2528 temerariis
997 2491 1136 2525 vexatio-

385 2548 481 2582 nibus
508 2547 652 2593 fatigare3
685 2544 738 2579 sed
766 2543 871 2578 omnia
896 2542 1015 2587 integra
1052 2552 1136 2575 con-

420 2621 459 2655 (l)
480 2621 593 2653 Ruficcw,
611 2619 676 2645 iuris
698 2620 722 2645 in
747 2617 860 2644 navibus
884 2615 915 2642 ad
937 2616 998 2641 litus
1017 2622 1030 2640 a
1059 2616 1137 2640 vento

385 2662 460 2694 actis,
476 2660 548 2695 quod
566 2659 727 2686 Normannis
744 2658 841 2684 ll'arec
857 2656 963 2683 dicitur.
1004 2655 1041 2689 (n⁴
1063 2653 1102 2688 T.)

974 274 1162 298 nsLLARtmr
1188 274 1351 297 nonnam!

1171 336 1346 371 serventur,
1374 339 1501 367 eorum,
1530 339 1585 373 pro
1612 338 1745 374 quorum
1773 326 1922 362 substen-

1172 379 1286 412 tatione
1325 385 1354 411 et
1386 378 1614 422 gubernatione
1648 388 1796 411 concessa
1829 384 1920 421 sunt,

1172 427 1280 461 usibus
1303 426 1495 460 omnimodis
1510 425 1680 472 profutura.
1697 425 1730 460 Si
1747 438 1807 472 qua
1825 426 1921 472 igitur

1171 477 1201 510 in
1231 477 1368 510 futurum
1398 475 1610 509 ecclesiastica
1627 476 1836 510 saecularisve
1855 487 1922 521 per-
1945 480 2014 500 θυωθ-

1170 538 1257 566 sona,
1278 525 1359 559 hanc
1381 533 1504 559 nostrae
1520 524 1757 558 constitutionis
1773 524 1918 571 paginam

1169 587 1285 618 sciens,
1313 581 1419 608 contra
1443 585 1511 608 eam
1540 581 1657 608 temere
1685 573 1792 608 venire
1820 580 1920 608 tenta-

1171 625 1261 666 verit,
1282 623 1424 658 secundo
1444 623 1572 657 tertiove
1589 622 1792 666 commonita,
1814 622 1918 657 sinon

1170 673 1381 708 satisfactione
1407 683 1546 718 congrua
1573 672 1801 712 emendaverit,
1829 679 1922 718 pote-

1170 723 1257 757 statis
1296 722 1488 768 honorisque
1522 721 1569 755 sui
1606 720 1759 766 dignitate
1796 728 1918 764 careat,

1171 784 1319 818 reamque
1347 783 1379 806 se
1412 771 1519 805 divino
1557 769 1675 804 iudicio
1708 771 1841 804 existere
1877 769 1917 804 dc

1173 829 1346 868 perpetrata
1375 820 1539 867 iniquitate
1562 827 1745 866 cognoscat,
1780 826 1810 854 et
1831 831 1847 853 a
1870 831 1922 854 sa-

1171 871 1345 904 cratissimo
1380 869 1521 916 Corpore
1552 881 1587 903 ac
1614 868 1776 914 Sanguine
1807 868 1863 902 Dei
1891 875 1922 903 et

1172 919 1298 953 Domini
1326 919 1549 965 Redemptoris
1583 919 1680 952 nostri
1711 918 1779 953 lesu
1802 916 1921 952 Christi

1171 969 1271 1003 aliena
1308 969 1376 1009 fiat,
1411 977 1505 1015 atque
1538 968 1568 1002 iu
1601 976 1742 1007 extremo
1775 966 1921 1001 examine

1171 1018 1330 1052 districtae
1363 1017 1474 1051 ultioni
1509 1017 1679 1051 subiaceat.
1707 1016 1840 1052 Cunctis
1862 1028 1922 1051 au-

1148 1071 1153 1127 1
1173 1079 1233 1106 tem
1256 1071 1356 1106 eidem
1374 1070 1535 1105 Ecclesiae
1557 1070 1635 1104 iusta
1658 1070 1854 1105 servantibus
1881 1069 1922 1104 sit

1174 1138 1232 1172 pax
1248 1125 1376 1160 Domini
1397 1125 1495 1159 nostri
1518 1123 1588 1159 Iesu
1608 1123 1743 1165 Christi;
1765 1132 1922 1170 quatenus

1172 1189 1202 1214 et
1229 1180 1278 1215 hic
1298 1179 1433 1214 fructum
1457 1178 1557 1213 bonae
1578 1178 1712 1213 actionis
1735 1177 1921 1224 percipiant,

1173 1244 1202 1269 et
1227 1234 1309 1281 apud
1337 1233 1512 1268 districtum
1538 1232 1677 1267 Iudicem
1701 1231 1837 1278 praemia
1858 1242 1922 1265 ae-

1172 1296 1278 1322 ternae
1306 1287 1390 1334 pacis
1417 1286 1586 1321 inveniant.
1611 1286 1723 1319 Amen.

1222 1342 1294 1376 Eoo
1330 1340 1512 1374 PASCHALtS
1550 1339 1721 1374 catholicae
1762 1338 1923 1374 Ecclesiae

1173 1395 1341 1442 episcopus
1369 1393 1552 1438 subscripsi.

1222 1448 1336 1482 Datum
1369 1446 1452 1493 apud
1475 1446 1658 1489 Privatum,
1696 1458 1751 1493 per
1788 1457 1918 1480 manum

1174 1502 1322 1536 Iohannis
1350 1501 1383 1535 S.
1406 1500 1445 1534 R.
1473 1499 1508 1533 E.
1537 1499 1663 1534 diaconi
1691 1499 1860 1534 cardinalis
1886 1512 1923 1535 ac

1175 1554 1414 1595 bibliothecarii,
1442 1554 1532 1588 tertio
1569 1553 1640 1587 idus
1674 1553 1740 1587 iulii
1773 1553 1804 1588 in
1837 1566 1921 1589 anno

1173 1610 1350 1644 dominicae
1379 1607 1603 1642 incarnationis
1635 1619 1761 1648 arcvm,
1797 1609 1924 1655 pontifi-

1173 1672 1261 1699 catus
1283 1671 1386 1697 autem
1410 1662 1518 1696 domni
1535 1661 1696 1696 paschatis
1708 1661 1736 1696 ll
1748 1662 1864 1709 Papae,
1879 1676 1922 1698 ix.

1254 1720 1313 1750 Dat.
1333 1719 1379 1749 die
1402 1720 1435 1748 13
1453 1719 1516 1757 iulii
1534 1728 1609 1748 anno
1628 1718 1742 1748 Domini
1760 1719 1845 1756 «1108,

1373 1764 1473 1803 pontis.
1496 1763 1646 1793 paschalis
1669 1772 1745 1792 anno
1767 1772 1804 1793 rx.

1468 1907 1631 1942 xxxvtl.

1177 1986 1376 2028 Confirmatio
1390 1986 1536 2018 bonorum
1556 1984 1734 2017 incitaslerii
1752 1983 1786 2016 S.
1802 1983 1925 2016 Mariae

1223 2041 1392 2071 florentin.
1428 2039 1566 2071 dioecesis
1579 2065 1587 2075 ‚
1622 2038 1704 2082 quod
1737 2037 1924 2069 Florentinis

1222 2095 1366 2138 episcopis
1387 2094 1420 2126 in
1443 2092 1655 2137 spiritualibus
1675 2090 1836 2123 subiicitur
1858 2090 1920 2131 (A).

1442 2163 1655 2195 StautAmUM

1176 2234 1341 2263 Exordium.
1360 2249 1400 2255 —
1416 2232 1505 2268 Bona,
1521 2240 1595 2270 quae
1619 2229 1800 2259 monasterio
1819 2228 1926 2258 constr-

1216 2284 1340 2308 mantur.
1358 2278 1625 2307 —Contirmantnr
1640 2283 1757 2313 qnoque
1774 2272 1926 2312 privilegia

1214 2325 1310 2353 onmia
1344 2328 1403 2352 tum
1439 2322 1557 2360 regalia,
1582 2325 1640 2349 tum
1674 2317 1867 2357 pontificalia:
1888 2331 1928 2337 —

1215 2366 1285 2396 Cum
1302 2366 1469 2395 omnimoda
1492 2370 1588 2395 tamen
1604 2363 1787 2393 subiectione
1805 2361 1841 2390 ab
1860 2360 1925 2399 epi-

1216 2421 1305 2451 scopo
1323 2411 1500 2440 Florentino.
1516 2406 1838 2442 -111111111111135111115,
1850 2413 1926 2444 quae

1217 2456 1394 2484 monasterio
1413 2454 1528 2493 propria
1548 2457 1625 2483 sunt.
1652 2469 1692 2474 —
1721 2449 1928 2480 Excommuui-

1217 2505 1321 2529 cantur
1339 2499 1554 2529 constitutionis
1582 2497 1670 2527 huius
1701 2496 1867 2526 violatores.
1888 2509 1928 2516 —-

1218 2544 1368 2574 Paschalis
1391 2543 1443 2573 PP.
1462 2541 1649 2581 subscriptio.

1214 2610 1252 2644 (1)
1269 2610 1308 2636 Ex
1324 2608 1464 2635 Tabulario
1480 2606 1632 2634 monasterii
1641 2605 1721 2632 huius
1731 2601 1925 2638 ediditUghell.

1180 2650 1235 2677 1131.
1258 2650 1316 2677 Sao.
1335 2653 1398 2676 tom.
1420 2656 1460 2675 111.
1723 2657 1729 2662 ’

1945 290 1995 318 An.
2015 290 2044 318 c.
2060 290 2127 319 1108
2177 271 2180 324 J

1958 452 2038 472 Sattiae
2054 452 2115 472 clau-

1953 1367 2134 1394 PP.suhscripuo.
