2180 3205
140 206 191 235 An.
210 207 238 234 C.
259 208 324 234 ¹¹58

155 327 260 354 ‚adprobat
288 326 324 347 Ec-

149 358 230 379 clesiae
246 357 316 378 (tasta-

154 389 204 409 tion.
225 392 310 413 statuta,

140 420 233 446 illudque
250 420 325 440 confir-

142 454 181 470 [nul
193 456 232 477 quo
247 456 322 471 canon.

142 482 219 506 saei-ut,
242 481 324 501 obeun-

141 512 202 533 tibus.
215 512 324 537 regulares

141 543 300 563 substituantur.

165 1183 221 1205 Bona
237 1184 308 1204 omnia

158 1214 315 1235 confirmantur.

161 1593 280 1615 innocentii
291 1591 330 1613 Pr.

149 1708 169 1723 et
190 1703 210 1723 S.
230 1702 254 1723 R.
273 1702 332 1724 Eecl.

155 1735 329 1761 rubueriptiones.

392 199 460 231 45²2

340 262 511 297 Genitricis
527 260 664 295 Ecclesia
688 266 734 293 est
757 257 975 297 constitutum,
1001 257 1090 290 maliis

339 323 424 350 extat
456 323 638 360 aeceptt1m2
673 312 756 346 unde
785 311 877 345 ctiam
907 311 1087 345 charitatem

339 377 423 404 tuam
451 368 599 403 duximus
633 364 915 404 commonendam,
944 373 976 398 ut
1004 376 1089 398 more

339 422 411 457 honi
449 420 604 468 agricolae
634 419 836 455 commissam
871 418 925 453 tibi
967 419 1087 452 vineam

338 475 453 510 summi
477 474 710 522 patrisfamilias
737 472 907 519 diligenter
933 471 1091 510 excolere,

339 541 472 576 eamque
494 541 551 576 pro
575 528 692 563 viribus
715 527 880 562 meliorare
907 526 1088 561 contvndas.

338 583 421 625 Quia
443 595 515 618 vero
549 595 586 618 ex
620 582 796 617 hortatione
819 581 1009 616 confratrum
1034 592 1092 613 no-

338 646 474 672 strorum
508 636 659 672 Guilelmi
683 635 842 683 quondam
879 634 1091 679 Lingonensis

339 691 492 738 episcopi,
520 699 550 726 et
575 691 729 726 Bernardi
765 688 1008 725 Clarevollensis
1035 687 1092 722 ab·

339 743 431 784 batis,
458 744 558 779 estin
586 744 623 779 Β.
651 743 765 778 Mariae
799 742 931 778 ecclesia
968 742 1093 775 institu-

340 805 419 843 tum,
441 807 476 833 ut
497 798 687 838 obeuntibus
708 797 922 833 saecularibus
949 796 1090 830 eiusdem

340 851 401 886 loci
428 852 602 893 canonicis,
629 853 755 887 nonnisi
787 851 947 896 regulares
968 849 1101 884 sulisti-'

341 913 490 947 tuantur;
537 906 674 953 idipsum
721 905 928 940 nihilominus
969 911 1091 950 gratum

339 960 519 1005 habemus,
561 968 757 1000 statuentes,
792 968 825 994 ι11
867 957 1094 993 decedentibus

340 1014 555 1050 saecularibus
576 1015 746 1053 canonicis,
775 1013 827 1060 qui
856 1013 1094 1059 impraesentia-

342 1081 410 1104 rum
426 1068 508 1115 apud
535 1080 589 1102 vos
610 1081 679 1103 esse
703 1075 887 1111 noscuntur,
907 1066 1013 1102 nullus
1035 1067 1093 1107 cis.

342 1122 402 1157 nisi
421 1122 595 1168 regularem
613 1123 706 1156 vitam
729 1123 899 1168 professus,
922 1120 1095 1155 canonicus

342 1176 540 1222 subrogetur.
556 1175 724 1210 Sancimus
747 1176 852 1216 etiam,
877 1183 908 1209 ut
923 1187 1095 1222 quascum-

343 1242 404 1277 que
430 1230 645 1277 possessiones
672 1229 753 1264 idem
770 1230 857 1264 locus
882 1229 977 1264 hodie
1000 1241 1096 1264 cano-

343 1288 413 1323 nice
439 1288 597 1335 possidet,
636 1295 688 1322 aut
717 1288 921 1335 imposterum
957 1299 1095 1321 conces-

344 1347 432 1382 sione
464 1347 681 1391 Pontificum,
720 1346 885 1392 largitione
920 1357 1028 1391 regum
1064 1353 1093 1379 et

344 1405 549 1453 principum,
584 1405 698 1452 poterit
730 1404 883 1452 adipisci,
920 1405 1006 1438 lirmu
1040 1403 1094 1437 tibi

344 1464 472 1511 tuisque
496 1463 736 1499 successoribus
764 1471 979 1510 permaneant.
1010 1462 1094 1497 Nulli

345 1535 420 1568 ergo
443 1531 501 1557 etc.

394 1580 466 1615 Eoo
488 1580 701 1616 Innocssnrirs
731 1581 892 1616 Ecclesiae
923 1581 1095 1616 catholicae

347 1638 526 1686 episcopus.

396 1696 464 1742 Ego
488 1696 592 1743 Drogo
613 1696 770 1732 Ostiensis
784 1698 962 1745 episcopus.

396 1754 464 1802 Ego
486 1755 646 1791 Gerardus
667 1756 832 1791 cardinalis
865 1756 900 1791 S.
929 1755 1041 1791 Crucis
1065 1756 1095 1791 in

348 1813 556 1849 Hierusalem.

395 1872 464 1918 Ego
486 1872 657 1907 Anselmus
680 1872 842 1920 presbyter
868 1873 1046 1908 cardinatis,

396 1930 465 1977 Ego
479 1930 581 1965 Lucas
595 1930 758 1977 presbyter
772 1930 950 1966 cardinalis.

397 1987 464 2034 Ego
489 1988 642 2023 Martinus
663 1988 825 2036 presbyter
846 1989 1023 2025 cardinalis.
1067 2015 1071 2018 -

397 2046 465 2093 Ego
486 2046 592 2082 Guido
614 2047 766 2083 diaconus
784 2048 961 2084 cardinalis.

397 2104 466 2151 Ego
493 2105 720 2154 Chrysogonus
743 2107 896 2142 diaconus
921 2107 1098 2143 cardinalis.

397 2162 467 2209 Ego
494 2163 560 2199 Yvo
582 2164 733 2200 diaconus
755 2165 931 2201 cardinalis.

397 2222 514 2258 Datum
536 2224 619 2271 apud
641 2224 674 2259 S.
690 2224 885 2260 Germanum
903 2237 957 2272 per
972 2237 1099 2260 manum

350 2280 506 2327 Aymerici
527 2290 652 2318 sanctae
669 2282 829 2318 Romanae
851 2283 1009 2319 Ecclesiae
1033 2283 1102 2319 dia-

918 201 1106 226 armamini

1134 201 1202 223 11011
1214 201 1297 222 issu

1465 255 1546 290 Llll.

1134 333 1334 378 Confirmatio
1370 333 1519 365 bonorum
1553 333 1730 364 monasterii·
1769 332 1882 376 Brufe-

1182 383 1335 426 w'nyensis
1361 381 1589 414 leuatisbonensis
1611 381 1751 414 dioecesis
1775 381 1835 424 (l).

1413 461 1627 493 Stntttanltnt

1134 532 1300 563 Exordium.
1327 550 1366 556 —
1395 533 1471 563 Bona
1502 533 1538 562 ad
1564 537 1689 562 monast.
1721 533 1881 572 spectantia

1174 578 1401 615 confirmantur,
1418 594 1457 599 --
1472 577 1505 606 Et
1523 587 1537 606 a
1557 577 1688 616 quolibet
1707 577 1800 607 minui
1819 586 1884 616 pro-

1172 621 1305 659 hibetur,
1323 622 1365 651 vel
1385 631 1399 651 a
1423 621 1576 651 monachis
1591 621 1751 660 quidquam
1771 621 1829 651 ulla
1848 622 1883 651 de

1173 675 1262 695 causa
1281 666 1365 703 exigi.
1380 682 1420 687 —-
1435 665 1629 695 Monasticum
1646 665 1778 695 ordinem
1798 666 1827 695 in
1849 675 1883 695 eo

1173 710 1282 740 servari
1298 711 1436 740 statuitur
1453 709 1615 739 secundum
1639 711 1770 748 regulam
1788 710 1816 740 S.
1830 709 1885 739 Bc-

1173 755 1293 784 nedicti.
1315 771 1355 776 —-
1380 754 1489 783 Solitae
1512 754 1728 784 conclusiones.
1763 770 1803 776 —-
1832 752 1883 782 In-

1174 799 1302 829 nocentii
1319 798 1373 828 PP.
1397 802 1425 828 et
1447 797 1475 827 S.
1495 797 1527 827 R.
1547 798 1576 827 Ε.
1599 798 1792 828 cardinalium
1815 797 1885 827 sub-

1175 844 1360 882 scriptiones.

1134 912 1314 945 innocentius.
1339 919 1433 941 servus
1462 919 1600 941 servorum
1622 913 1678 945 nei,
1704 913 1802 941 dilecto
1829 912 1885 941 filio

1180 961 1276 990 Erboni
1295 961 1486 997 Brui'eningen.
1506 962 1666 990 monasterii
1685 962 1788 994 abbati,
1814 962 1884 990 eius·

1181 1017 1231 1046 que
1259 1010 1459 1038 successorihus
1483 1011 1649 1046 regulariter
1665 1011 1861 1040 substituendis
1876 1031 1884 1044 .

1180 1060 1208 1088 in
1224 1061 1392 1096 perpetuum.

1185 1122 1276 1157 Sicut
1311 1123 1425 1157 iniusta
1461 1122 1666 1168 poscentibus
1700 1122 1805 1157 nullus
1838 1131 1884 1157 est

1137 1172 1321 1207 tribuendus
1348 1172 1488 1210 effectus,
1517 1173 1556 1206 ita
1589 1172 1727 1218 legitima
1761 1172 1886 1207 deside-

1136 1222 1271 1256 rantium
1305 1234 1367 1256 uon
1396 1229 1443 1255 est
1472 1221 1644 1255 differenda
1667 1222 1787 1267 petitio.
1806 1221 1886 1256 Pro-

1137 1270 1221 1315 inde,
1243 1270 1354 1305 dilecte
1378 1271 1408 1304 in
1435 1270 1572 1305 Domino
1599 1269 1640 1304 fili
1668 1270 1753 1305 Erbo
1777 1270 1885 1310 abbas,

1137 1320 1198 1354 tuis
1222 1320 1427 1366 petitionibus
1450 1319 1621 1354 clementer
1652 1320 1834 1360 annuimus,
1856 1330 1885 1355 et

1137 1369 1362 1415 ltrufeningen.
1387 1369 1623 1408 monasterium,
1651 1369 1700 1403 cui
1731 1369 1799 1404 Deo
1825 1381 1885 1404 au-

1137 1426 1221 1454 ttore
1244 1430 1382 1466 >praeesse
1403 1418 1588 1463 dinosceris,
1605 1418 1663 1453 sub
1686 1418 1885 1465 Apostolicae

1137 1468 1230 1502 Sedis
1244 1468 1339 1503 tutela
1357 1467 1558 1514 suscipimus,
1577 1475 1605 1502 et
1619 1469 1793 1514 praesentis
1811 1469 1885 1503 scri-

1139 1518 1180 1564 pti
1215 1517 1328 1564 pagiua
1353 1517 1604 1557 communimus;
1636 1524 1818 1556 statuentes,
1853 1526 1884 1551 ut

1137 1578 1353 1613 quascumque
1392 1566 1626 1613 possessiones,
1665 1578 1884 1614 quaecumque

1138 1615 1218 1650 bona
1252 1616 1333 1650 idem
1367 1615 1456 1650 locus
1486 1615 1781 1662 impraesentiarum
1804 1616 1884 1650 iuste

1139 1673 1168 1700 et
1207 1665 1358 1700 canonice
1392 1664 1555 1712 possidet,
1588 1673 1641 1699 aut
1677 1665 1706 1698 in
1745 1665 1882 1700 futurum

1139 1715 1342 1749 concessione
1364 1714 1566 1757 Pontificum,
1587 1713 1751 1760 largitione
1773 1727 1883 1760 regum

1140 1764 1186 1798 vel
1221 1764 1424 1811 principum,
1451 1763 1611 1798 oblatione
1637 1763 1776 1798 fidelium
1793 1791 1802 1808 ,
1829 1776 1884 1799 scu

1140 1812 1210 1848 aliis
1237 1813 1324 1848 iustis
1349 1813 1462 1857 modis,
1497 1812 1564 1847 Deo
1592 1812 1740 1859 propitio,
1776 1814 1887 1859 poterit

1140 1862 1285 1909 adipisci,
1307 1863 1394 1897 firma
1428 1862 1482 1896 tibi
1507 1862 1631 1908 tuisque
1652 1862 1888 1897 successoribus

1140 1920 1171 1946 et
1206 1911 1321 1946 illibata
1356 1919 1577 1958 permaneant;
1604 1911 1635 1945 in
1668 1911 1783 1957 quibus
1810 1911 1887 1946 haec

1142 1961 1276 2008 propriis
1302 1960 1449 1995 duximus
1485 1959 1689 2006 exprimenda
1716 1960 1886 2000 vocabulis,

1142 2010 1299 2050 videlicet,
1337 2009 1424 2045 villas
1452 2022 1506 2044 seu
1542 2009 1774 2057 possessiones,
1810 2022 1888 2057 quas

1142 2059 1330 2095 venerabilis
1349 2059 1442 2094 frater
1463 2066 1569 2094 noster
1589 2058 1664 2094 Otto
1678 2058 1886 2105 Bambergeu.

1141 2109 1308 2156 episcopus
1330 2109 1430 2143 eidem
1454 2109 1644 2144 monasterio
1662 2108 1807 2152 contulit,
1821 2108 1889 2144 Ge-

1142 2158 1331 2202 bernebach,
1351 2158 1565 2199 Munnebach,
1587 2157 1760 2199 Malistorss',
1783 2157 1889 2193 Staiu—

1142 2207 1234 2245 loch,
1262 2207 1434 2248 Ahebach,
1462 2207 1647 2250 Oberdorff,
1681 2206 1888 2254 Grassolling,

1142 2257 1320 2298 Hemburc,
1341 2256 1583 2297 Neunkirehen,
1611 2255 1888 2304 Dietpurgerreut,

1142 2306 1337 2341 Wittenreut
1367 2319 1439 2341 cum
1467 2307 1534 2341 suis
1565 2306 1773 2353 pertinentiis.
1802 2306 1889 2340 Pro-

1899 199 1948 226 An.
1967 198 1995 226 C.
2017 200 2081 228 ¹158

1933 1140 2050 1162 Exordium.

1916 1593 1972 1615 Bona
1982 1593 2083 1614 :idmona-

1912 1625 1999 1645 sterium
2019 1629 2072 1650 spe—

1899 1656 1978 1677 ctantia
2005 1655 2084 1675 contir-

1899 1689 1993 1711 mantnt-3

351 2351 421 2374 ‘³⁰¹¹'
454 2340 624 2376 cardfflahs
656 2350 686 2377 θῑ
724 2343 920 2388 Cssflfflilflsll,
959 2346 1007 2378 ΚΠ
1040 2342 1099 2378 Ῑῑῧῖ·
1120 2337 1124 2397 1
1142 2355 1291 2391 hibernus
1308 2356 1448 2402 insuper,
1468 2367 1506 2390 ue
1533 2355 1686 2403 praefatas
1710 2367 1759 2391 res
1784 2355 1886 2390 eidem
1918 2374 1941 2395 fi,
1960 2381 1972 2395 a
1993 2375 2077 2402 mmm„

352 2398 468 2443 ⁰⁰¹0bw
490 2398 660 2434 indictione
682 2412 705 2441 Ι,
720 2413 802 2436 auno
817 2413 1011 2444 Mcxxxvllt,
1027 2414 1102 2449 pon·
1119 2400 1124 2447 5
1143 2407 1332 2440 monasterio
1353 2406 1413 2439 iam
1432 2404 1570 2445 collatas,
1585 2406 1631 2439 vel
1654 2407 1684 2439 in
1703 2412 1792 2439 antea
1811 2417 1888 2439 con-
1904 2407 1968 2457 {muni
1981 2407 2086 2456 ,1*‘⁰¹¹‘¹¹{²⁴

352 2456 489 2492 :ificatus
514 2457 688 2493 Innocemii
708 2458 735 2493 ΙΙ
762 2471 845 2494 anno
868 2473 914 2494 ιχ,
1120 2452 1308 2495 iferendas,
1342 2454 1502 2501 praedicto
1528 2457 1678 2501 episcopo
1715 2454 1762 2488 rel
1794 2453 1886 2488 alicui
1905 2442 2087 2495 ciii'swquii'riitiissi

372 2525 434 2557 Dm.
452 2527 499 2558 die
521 2527 560 2559 ΞΟ
575 2528 751 2568 septembris
770 2538 846 2559 anno
863 2528 980 2560 Domini
995 2529 1081 2566 1438,
1120 2494 1124 2539 i
1143 2516 1361 2539 successorum
1393 2515 1522 2539 suorum
1544 2503 1716 2538 distrahere
1744 2502 1789 2537 vel
1823 2504 1889 2537 mi-
1912 2498 1954 2519 “¹¹³
1969 2499 1994 2518 ‘³⁰
2015 2504 2078 2520 ”³¹⁸⁸

594 2577 696 2617 pontis.
714 2587 791 2608 anno
813 2586 851 2608 tx.
1119 2564 1124 2591 ¹

1958 2528 2021 2555 exigi.

1117 2597 1126 2650 1
1178 2582 1217 2619 (1)
1229 2583 1269 2610 Ex
1285 2582 1383 2610 Hundii
1403 2583 1534 2611 Historiae
1548 2582 1692 2618 Salisburg.
1713 2585 1777 2610 tom.
1795 2589 1836 2609 111.

2080 2379 2087 2396 .-
