2180 3205
0 210 1 248 ς
42 212 92 240 An.
112 212 140 240 c.
158 213 221 241 1071

70 265 189 286 Exordium.

85 900 143 924 Quae
165 908 216 922 cura

54 926 194 948 Bet-testarum

34 952 132 974 Romanis
164 955 215 975 l'un-

33 979 123 1000 trt‘iribus
147 980 215 1002 inesse

33 1006 117 1026 ueta-ar

67 2330 200 2351 Confirmatio

18 2355 90 2377 bonor:
99 2363 119 2377 m
128 2357 154 2377 ad
163 2358 200 2378 hu-

17 2382 106 2403 iusmodi
128 2390 200 2404 mona-

16 2410 102 2430 sterium
135 2411 199 2436 perti-

16 2437 121 2457 nentium:

869 218 1065 241 ALExANnEn
1087 220 1111 242 11
1134 220 1180 242 ΡΙ).

1696 215 1737 248 dt

299 270 499 320 Quamquam
529 271 629 307 Sedes
651 272 843 319 Apostolica,
872 273 999 308 univer-
1041 281 1166 314 turum,
1195 274 1261 309 Deo
1295 283 1474 318 annuente,
1510 277 1552 312 ibi
1591 278 1783 315 conserenda

252 321 324 355 salis
346 330 455 365 mater,
474 329 504 356 et
526 322 666 356 omnium
691 322 902 376 Ecclesiarurn
918 323 999 377 prin-
1039 331 1123 366 sunt,
1151 330 1183 357 ut
1205 324 1273 357 sine
1295 326 1379 359 ouini
1405 326 1546 361 molestia
1571 334 1602 362 et
1632 328 1790 375 inquietu-

250 382 344 416 ceps‚
369 370 530 405 universas
556 371 715 405 Ecclesias
741 383 901 405 commum
931 384 998 406 ture

249 426 280 452 et
306 420 516 466 dispositione
550 421 724 460 contineat;
765 420 913 466 pleraque
949 429 996 455 ta-

251 480 321 502 men
348 469 561 507 itweniuntur,
597 481 677 516 quae
705 470 734 503 in
757 469 914 514 singulare
943 482 996 516 pa-

250 517 416 552 trocinium
439 518 472 552 S.
497 517 534 552 R.
559 518 595 552 E.
619 518 844 559 commendari,
867 531 902 552 ac
928 531 997 565 pro-

249 566 315 612 prie
337 567 405 602 eins
428 567 485 601 iuri
513 567 663 614 applicari
694 579 728 602 ac
755 567 908 602 summitti
936 580 995 602 cu—

248 615 352 661 piunt:
376 625 533 663 quatenus
559 616 708 662 singulari
738 616 934 662 providentia
965 625 995 651 et,

246 665 375 699 caritate
398 678 473 700 suae
494 665 601 700 Matris
624 666 794 711 ariwlexae,
814 678 994 712 usquequa-

245 726 306 760 que
328 714 490 749 liberiores
510 722 541 748 et
562 714 749 749 munitiores
784 715 934 755 existant;
963 723 993 749 et

244 762 281 796 ad
304 764 478 798 exercenda
501 763 626 798 divinae
648 763 807 798 servitutis
829 764 992 810 obsequia,

244 811 317 847 inde
345 813 580 859 tranquillitatis
614 820 644 847 et
673 812 818 859 praesidii
842 813 993 848 munitio-

244 872 299 895 nes
322 862 488 908 accipiant,
525 861 606 895 unde
634 862 849 907 magisterium
885 874 991 897 sacrae

241 909 434 945 'l‘mditionis
456 919 630 957 expectant.
654 911 688 944 Si
712 911 805 955 igitur
828 911 856 945 in
881 911 988 945 eadem

241 959 423 1006 Apostolica
450 959 533 993 Sede
556 960 743 1006 praesidenti
775 960 850 995 hace
876 960 990 994 solici-

243 1008 319 1044 tudo
341 1017 371 1043 et
397 1021 471 1043 cura
494 1009 662 1054 singularis
684 1009 859 1049 incumbit,
897 1018 929 1043 ut
952 1022 987 1043 ex

242 1057 308 1104 ipsa
344 1058 595 1093 consideratione
631 1058 804 1104 regiminis⁷
841 1058 989 1093 omnibus

241 1113 304 1141 tam
332 1107 363 1141 in
386 1107 570 1141 defensione
595 1115 625 1141 et
651 1106 906 1141 corroboratione
933 1107 988 1141 di-

240 1155 422 1202 ligentiam,
449 1168 542 1202 quam
567 1156 595 1189 in
619 1156 749 1202 spiritali
772 1156 988 1202 speculatione

239 1212 270 1238 et
304 1204 445 1239 doctrina
482 1204 696 1250 vigilantiam,
733 1213 884 1251 (plantum
920 1205 987 1239 Deo

239 1253 406 1289 auxiliante
429 1254 604 1300 praevalet,
632 1253 834 1288 circumferre
857 1254 986 1293 debeam

238 1301 326 1336 valde
348 1303 503 1348 congruit,
526 1310 560 1336 ut
582 1303 607 1336 si
630 1302 757 1348 quando
780 1315 827 1342 ea,
851 1315 931 1348 quae
947 1303 984 1337 ad

237 1350 388 1385 honorem
415 1359 445 1386 et
480 1351 642 1385 utilitatem
677 1351 890 1385 Ecclesiarum
928 1352 984 1386 Dei

237 1400 407 1446 pertinent,
434 1400 472 1434 ab
505 1412 542 1434 eo
577 1400 797 1447 postulantur,
834 1400 984 1435 benevola

235 1449 405 1484 donatione
427 1449 595 1489 concedat;
618 1456 647 1483 et
670 1449 706 1483 ad
730 1449 832 1482 sinum
858 1449 983 1494 Matris,

236 1497 316 1533 idest
338 1498 371 1533 S.
387 1498 424 1532 R.
446 1498 481 1532 E.
507 1498 714 1537 domicilium,
740 1498 885 1544 propriae
901 1511 984 1533 com-

233 1547 447 1582 mendationis
486 1547 651 1582 devotione
686 1547 832 1591 fluentes,
858 1548 981 1593 egregia

233 1595 427 1642 benignitate
449 1596 628 1643 affectuque
655 1596 853 1630 custodiendi
880 1598 982 1631 susci-

234 1645 310 1692 piat.
332 1645 396 1680 Nos
419 1647 535 1692 itaque,
562 1645 765 1680 dilectissime
789 1645 831 1679 lili
859 1646 983 1680 ssaldui-

233 1706 292 1735 ne,
320 1695 351 1729 in
373 1695 566 1742 apostolatus
598 1694 889 1739 administratione,
918 1707 979 1730 non

231 1744 349 1779 nostris
376 1744 507 1785 meritis,
529 1743 583 1778 sed
611 1743 716 1778 divina
745 1743 836 1778 locati
860 1744 979 1789 gratia,

230 1793 419 1839 aequitatem
437 1801 508 1828 tuae
530 1792 760 1840 postulationis,
782 1802 813 1827 et
834 1794 982 1828 commis-

229 1853 283 1876 sae
312 1842 367 1877 tibi
402 1842 672 1888 congregationis3
701 1854 823 1876 necnon
853 1842 980 1877 charis—

231 1890 304 1925 simi
331 1891 387 1926 filii
410 1892 506 1926 nostri
530 1891 683 1926 Willelmi
718 1891 800 1936 regis
827 1891 979 1937 benignae

230 1939 492 1987 interpellationis
509 1949 577 1975 vota
600 1940 813 1980 attendentes;
834 1940 979 1975 videlicet

231 1996 264 2023 ut
286 1990 479 2036 praedictum
504 1989 728 2024 monasterium
747 1990 780 2023 S.
804 1989 977 2029 Edmundi,

229 2038 280 2072 cui
309 2038 413 2073 divina
435 2038 643 2086 dispositione
671 2051 805 2084 praeesse
828 2038 980 2073 dinosce-

229 2086 290 2132 ris,
317 2087 349 2122 in
373 2087 501 2122 tutelam
524 2095 555 2122 et
576 2087 794 2122 defensionem
816 2086 850 2121 S.
879 2087 918 2121 R.
940 2087 976 2121 Ε.

228 2136 474 2184 susciperemus,
494 2136 627 2183 eiusque
643 2144 756 2170 statum
772 2145 803 2170 et
816 2135 976 2170 attinentia

229 2183 312 2220 bona
333 2185 496 2232 apostolici
525 2185 676 2232 privilegii
696 2185 894 2220 firmamento
909 2198 978 2219 mu-

228 2233 387 2275 niremus;
410 2247 482 2269 cum
504 2235 589 2269 omni
613 2234 830 2268 benevolentia
856 2242 886 2268 et
908 2234 979 2268 cha-

227 2282 319 2319 ritate
332 2283 420 2319 vobis
434 2283 675 2318 concedendum
689 2295 758 2317 esse
772 2282 975 2329 pervidimus.

276 2332 479 2380 Quapropter
500 2333 530 2366 in
555 2332 611 2367 bac
626 2332 780 2379 praesenti
804 2332 978 2366 sanctionis

227 2389 353 2416 nostrae
375 2382 485 2428 pagina
509 2382 602 2425 (salva
624 2381 752 2427 quidem
776 2381 805 2414 in
830 2381 978 2415 omnibns

227 2430 323 2465 huius
353 2430 446 2466 Sedis
480 2430 669 2473 reverentia)
709 2430 914 2464 concedimus
948 2438 978 2464 et

217 2480 452 2529 ⁸confirmamus
488 2480 543 2514 tibi
575 2479 702 2525 tuisque
738 2479 977 2513 successoribus

227 2529 401 2576 praefatum
435 2529 662 2564 monasterium
699 2540 770 2563 cum
805 2527 977 2569 omnibus,

202 2593 206 2596 ·
227 2590 308 2625 quae
334 2591 419 2613 nunc
444 2579 502 2613 sibi
526 2579 592 2613 iure
614 2577 784 2625 pertinent,
807 2585 860 2612 aut
888 2577 917 2611 iu
934 2577 978 2612 fu·

306 2635 380 2667 Butl.
402 2635 480 2666 Rom.
504 2635 559 2666 vot.
582 2635 618 2665 II.
651 2641 656 2649 f
694 2637 739 2643 ’”“
779 2635 796 2664 t)

1039 371 1110 405 dine
1135 372 1211 406 illud
1236 373 1265 406 iu
1283 382 1382 408 vestra
1399 375 1628 420 gubernatione
1643 378 1787 417 teneatis:

1038 429 1228 464 statuentes,
1260 429 1290 456 et
1312 424 1480 469 apostolica
1503 425 1691 461 authoritate
1713 438 1788 461 cor-

1038 470 1233 514 roborantes,
1262 479 1294 505 ut
1317 472 1397 506 idem
1424 475 1649 510 monasterium
1673 475 1702 510 in
1725 476 1786 510 hoc

1037 527 1118 553 statu
1144 527 1174 553 et
1201 521 1375 555 monastico
1398 522 1509 557 ordine
1540 533 1690 571 perpetua
1720 533 1786 560 sta-

1037 567 1155 603 bilitate
1184 577 1379 615 permaneat;
1415 583 1473 606 nec
1510 572 1612 619 aliqua
1648 582 1785 620 potestas

1036 618 1203 652 saecularis
1237 626 1290 652 aut
1316 619 1527 655 ecclesiastica
1555 622 1701 657 eumdem
1730 635 1786 658 ve-

1036 667 1205 701 nerabilem
1242 667 1344 702 locum
1367 669 1403 702 ad
1438 670 1652 716 episcopalem
1675 672 1785 707 sedem

1036 723 1156 750 mutare
1184 717 1294 762 possit,
1316 725 1368 751 aut
1391 717 1515 752 debeat.
1545 719 1584 753 Et
1610 733 1785 766 quaecum-

1034 778 1094 811 que
1121 765 1307 800 ‹lomitiones
1330 779 1446 807 rerum,
1469 776 1522 802 aut
1550 768 1715 813 libertatis,
1737 771 1787 805 ei-

1033 814 1104 848 dem
1141 815 1331 849 monasterio
1359 816 1453 862 regiis
1477 818 1602 852 statutis
1635 826 1664 853 ct
1694 831 1786 865 prae-

1033 863 1131 909 reptis
1155 864 1283 898 traditae
1302 872 1386 906 sunt,
1409 874 1461 899 aut
1484 866 1513 901 in
1539 875 1699 913 posterum
1729 881 1785 915 pro

1033 912 1088 946 Dei
1111 913 1239 947 nomine
1261 913 1482 955 conserendae,
1510 927 1545 949 ex
1571 925 1674 951 nostra
1704 929 1784 963 apo-

1032 961 1139 996 stoliea
1179 963 1419 997 confirmatione
1459 971 1542 999 ratae
1581 965 1782 1013 illibataeque

1032 1019 1251 1056 pei-inaneaut:
1283 1012 1366 1047 salva
1390 1012 1535 1048 Primatis
1557 1015 1698 1062 episcopi
1721 1027 1781 1050 ca-

1032 1060 1143 1094 nonica
1184 1062 1366 1095 reverentia.
1412 1061 1510 1108 Igitur
1545 1064 1582 1097 ad
1626 1064 1779 1098 bonorem

1031 1108 1108 1148 Dei,
1144 1117 1173 1143 et
1211 1110 1362 1156 praedicti
1401 1112 1583 1146 {nonasterii
1613 1112 1778 1147 utilitatem

1029 1158 1193 1203 cupientes
1232 1158 1311 1193 banc
1345 1166 1482 1194 nostram
1518 1161 1777 1196 constitutionem

1029 1208 1219 1253 sempiterna
1254 1207 1420 1243 stabilitate
1455 1210 1572 1251 teneri,
1606 1211 1780 1251 sancimus,

1028 1262 1058 1288 et
1079 1256 1247 1301 apostolica
1269 1257 1454 1292 auctoritate
1470 1258 1641 1301 firmamus,
1666 1267 1697 1293 ut
1714 1260 1782 1294 nul-

1029 1303 1075 1337 lus
1104 1317 1168 1348 rex,
1195 1305 1278 1345 dux,
1301 1318 1427 1346 comeS,
1454 1308 1641 1354 episcopus,
1669 1308 1780 1352 abbas,

1027 1364 1082 1386 seu
1105 1354 1206 1399 aliqua
1235 1366 1367 1400 persona
1390 1357 1570 1397 saecularis,
1594 1365 1647 1391 aut
1674 1357 1781 1392 ecclc-

1026 1401 1162 1445 siastica,
1191 1403 1250 1436 iam
1274 1415 1367 1449 saepe
1402 1404 1498 1439 l'atum
1527 1407 1777 1447 monasterium,

1027 1450 1071 1484 vel
1095 1450 1204 1485 fratres
1227 1451 1268 1485 ibi
1299 1452 1365 1487 Deo
1400 1454 1572 1488 servientes
1604 1455 1781 1502 inquietare

1027 1507 1221 1545 praesumat;
1245 1513 1303 1535 nec
1318 1502 1434 1548 aliquid
1449 1514 1571 1544 corum,
1594 1516 1674 1550 quae
1692 1516 1776 1539 nuuc

1026 1549 1093 1583 iure
1116 1549 1220 1589 babet,
1248 1559 1300 1584 aut
1324 1551 1355 1584 in
1379 1551 1537 1593 futurum,
1562 1553 1627 1588 Deo
1658 1565 1777 1588 conce-

1024 1597 1137 1639 dente,
1178 1599 1383 1645 adquisierit,
1418 1601 1651 1649 cuiuscumque
1693 1602 1781 1637 modi

1023 1647 1098 1691 sint,
1121 1647 1160 1682 ab
1182 1660 1219 1682 eo
1246 1648 1401 1693 alienare,
1429 1658 1482 1684 aot
1519 1651 1699 1686 invadendo
1734 1651 1785 1686 di-

1024 1696 1137 1742 ripere,
1166 1710 1223 1731 nec
1251 1698 1355 1744 aliqua
1383 1699 1549 1735 occasione
1577 1713 1701 1742 vexare,
1725 1708 1781 1735 aut

1022 1745 1089 1780 sine
1116 1746 1240 1781 licentia
1275 1747 1397 1782 abbatis
1439 1756 1546 1783 tenere
1579 1749 1705 1784 audeat.
1741 1749 1776 1784 Si

1022 1794 1092 1840 quis
1131 1803 1236 1829 autem
1273 1797 1438 1831 temerario
1484 1810 1563 1833 ausu
1603 1799 1679 1833 haec
1719 1811 1779 1832 nc-

1022 1850 1083 1877 stra
1117 1852 1231 1878 statuta
1266 1846 1479 1881 contaminare
1509 1848 1778 1894 praesumpserit,

1021 1900 1074 1926 aut
1098 1893 1285 1939 iufringere,
1307 1895 1516 1930 anathematis
1537 1896 1649 1943 laqueo
1672 1909 1705 1931 se
1728 1896 1779 1930 in-

1022 1941 1194 1984 nodatum,
1223 1950 1253 1977 et
1276 1943 1391 1978 iudicio
1414 1945 1541 1991 superni
1571 1945 1688 1980 Iudicis
1710 1945 1779 1992 ple-

1021 1990 1170 2025 ctendum
1212 2003 1281 2026 esse
1309 2002 1489 2038 cognoscat.
1529 1994 1592 2036 Qui
1620 2007 1693 2030 vero
1710 1995 1780 2041 piae

1021 2044 1197 2079 devotionis
1240 2045 1354 2081 intuitu
1396 2047 1492 2082 huius
1536 2056 1661 2083 nostrae
1695 2060 1778 2082 san-

1022 2098 1136 2133 ctionis
1158 2107 1265 2134 custos
1291 2108 1320 2135 et
1346 2100 1528 2136 observator
1563 2101 1715 2143 extiterit,
1748 2109 1779 2136 et

1021 2151 1103 2187 bona
1142 2165 1198 2188 sua
1234 2153 1272 2188 ad
1311 2154 1590 2200 amplificationem
1630 2154 1775 2189 eiusdem

1021 2207 1202 2241 monasterii
1225 2208 1405 2247 contulerit,
1440 2216 1495 2242 aut
1526 2208 1670 2243 conferre
1704 2215 1773 2242 stu-

1020 2258 1143 2303 duerit,
1178 2261 1369 2306 apostolicae
1396 2261 1599 2307 benignitatis
1637 2261 1769 2307 gratiam

1019 2321 1257 2360 consequatur,
1296 2322 1326 2348 et
1365 2323 1511 2349 aeternae
1551 2315 1772 2349 retributionis

1018 2366 1116 2411 gloria
1145 2366 1313 2413 repleatur.
1337 2367 1423 2402 Bene
1445 2368 1556 2402 valete.
1584 2368 1699 2402 Datum
1716 2368 1776 2402 La-

1020 2420 1116 2453 terani
1145 2432 1177 2454 vt
1201 2420 1261 2454 kal.
1285 2421 1432 2455 novemb.
1463 2433 1520 2468 per
1545 2433 1656 2456 manus
1674 2421 1772 2459 Petri

1018 2472 1050 2506 S.
1080 2473 1118 2507 R.
1147 2474 1183 2507 E.
1214 2474 1387 2521 presbyteri
1421 2474 1612 2516 cardinalis,
1646 2483 1677 2510 et
1713 2475 1769 2509 bi-

1019 2526 1228 2564 bliothecarii,
1256 2540 1339 2562 anno
1361 2540 1395 2561 xr
1419 2528 1620 2575 pontificatus
1648 2527 1769 2562 domini

1018 2580 1187 2616 Alexandri
1214 2580 1333 2628 Papae:
1370 2593 1452 2617 anno
1485 2581 1631 2617 videlicet
1665 2580 1773 2616 dorni-

1817 228 1865 255 An.
1887 228 1913 255 (Ζ.
1935 230 1995 256 ttt7t

1842 399 1900 422 Quod
1926 406 1998 425 perpe·

1816 428 1849 445 {tt-'t
1867 430 1998 451 cunualdus

1815 459 1869 472 unni·
1897 453 2000 476 titulentur,

1815 479 1946 499 infestatione
1980 483 1999 499 rt.

1827 508 1981 528 vertunt-itione

1814 531 1852 552 frui
1868 535 1973 552 suanum.

1872 730 1984 757 t‘rnttegtu

1813 761 1897 782 quoque
1928 765 1997 779 utum-'1

1813 786 1997 806 raunmmtwrum

1812 809 1931 830 oblationes
1950 817 1997 831 cuu-

1813 836 1917 856 lirtnantnr

1839 1516 1950 1537 Decretum
1966 1518 1990 1538 Ιι-

1805 1543 1903 1573 ¹¹0¹'¹“¹4¹l¹1
1916 1547 1936 1564 et
1956 1550 1989 1565 ex·

1805 1573 1923 1595 ettiptronts.

1847 1751 1963 1773 Ananiam

1802 1781 1875 1799 contra
1900 1779 1985 1799 violato-

1802 1812 1835 1826 res
1867 1805 1910 1831 pri»
1917 1806 1972 1831 tlegii

1802 1832 1871 1853 huius.
