2180 3205
98 191 148 218 Αιι.
168 191 197 217 G.
213 190 280 216 1061}

121 1402 239 1424 Exordium.

97 2395 191 2422 ausonis
216 2396 281 2417 abba-

97 2423 125 2443 tis
139 2427 221 2449 preces,

934 162 1129 187 ALEXANMR
1153 164 1176 185 ll
1200 164 1248 186 t't’.

656 216 711 253 nt.

306 291 491 328 Declarati'o,
513 291 596 334 quod
622 301 707 323 nemo
729 291 793 323 sine
813 289 980 334 apostolico
999 290 1056 322 ιἰι-

351 341 433 373 dicio
467 340 562 383 possit
594 340 857 372 excommunicare
892 340 1056 373 monachos

355 388 576 428 Cluniacenses,
587 389 632 421 vel
642 400 689 421 eos
699 389 793 421 sacris
807 388 984 421 interdicere
992 391 1053 431 (A).

577 455 790 487 SUMMARIUM

306 518 471 550 Exordium.
501 536 540 541 —
573 518 703 556 lingonis
722 517 837 548 abbatis
871 527 984 557 preces.
1017 536 1056 542 —-

342 558 530 589 Confirmatio
564 558 708 588 bonorum
748 558 881 587 omnium
914 557 1054 588 Cluniaco

365 608 396 628 er
419 598 549 628 tidelium
569 598 741 627 donationes
760 597 984 643 acquisitorum
1016 615 1055 621 —

344 608 542 668 &eclesiarum
559 642 586 667 et
599 638 810 667 monachorum
824 637 860 666 ab
872 638 951 666 omni
965 638 1053 667 etiam

343 677 505 722 episcopali
535 677 737 707 iurisdictione
765 677 921 715 exemptio.
939 694 979 699 —
996 677 1055 707 Μο-

343 717 430 746 nachi
449 727 463 746 a
485 726 569 755 quo
561 716 659 746 abbati
684 716 829 755 placuerit
850 716 990 760 episcopo
1008 726 1056 746 sa-

342 756 401 786 cris
425 755 580 785 ordinibus
609 755 752 785 initiandi
777 756 798 784 Χ
817 756 933 785 nemine
956 760 1053 786 autem

343 795 627 825 excommunicandi
660 812 697 816 —
724 794 780 824 Sed
810 795 895 834 siqua
923 795 960 824 lis
993 805 1055 825 mo-

343 835 454 864 nachos
473 834 549 864 inter
563 839 591 864 et
606 834 696 863 alium
716 834 879 873 quemlibet
897 835 1053 872 exoriatur,

341 875 377 904 ad
397 874 593 913 Apostolicam
612 874 717 903 §edem
736 874 843 903 deterri
863 875 1052 913 praecipitur.

340 930 380 936 —
396 913 435 943 De
452 913 631 952 recipiendis
650 914 686 943 ad
704 915 925 958 poenitentiam
941 931 981 936 —
996 914 1055 943 Ab·

341 953 394 983 bas
418 962 469 990 p·e1
495 952 655 982 monachos
681 961 714 982 ex
742 962 868 991 (εοιιςι-ειιὓ
861 953 967 982 atione
996 954 1053 983 eli-

342 993 470 1031 gendus3
492 997 521 1022 et
547 1002 562 1022 a
590 992 774 1037 quolibuerit
791 1001 836 1031 ep
859 993 1053 1023 ordinandus.

340 1048 380 1054 -—
398 1032 580 1061 Anathema
573 1041 603 1061 ιιι
614 1031 773 1061 violatores
790 1032 936 1070 privilegii
952 1032 1052 1062 huius.

304 1097 452 1126 Alexander
472 1090 613 1133 episcopus
632 1104 726 1126 servus
746 1104 885 1126 servorum
908 1097 962 1131 Dei,
988 1099 1053 1127 dile·

348 1142 470 1170 ctissime
488 1141 545 1170 mio
564 1142 666 1177 flugoni
686 1142 778 1170 abbati
798 1142 969 1175 monasterii,
987 1143 1055 1178 quod

347 1186 448 1215 dicitur
468 1185 633 1219 cluniacum,
653 1186 681 1214 in
704 1186 803 1214 honore
823 1186 962 1215 beatorum
989 1188 1054 1223 Apo-

348 1231 480 1259 stolorum
499 1230 571 1259 Petri
590 1232 617 1259 et
636 1230 710 1258 Pauli
729 1232 924 1264 consecratum,
951 1232 979 1259 in
1007 1232 1053 1260 Co·

349 1275 450 1303 mitatu
468 1275 658 1303 matisconensi
678 1275 771 1308 situm,
792 1277 820 1304 et
838 1282 886 1311 per
904 1277 932 1304 te
951 1277 1054 1304 cunctis

349 1319 549 1347 successoribus
567 1319 624 1347 tuis
644 1319 804 1352 abbatibus,
829 1320 857 1347 iu
885 1322 1054 1356 perpetuum.

351 1379 433 1416 Cum
462 1382 604 1415 omnium
629 1381 770 1415 fidelium
799 1382 1004 1428 petitionibus
1025 1391 1054 1417 et

303 1429 544 1465 necessitatibus
556 1429 723 1465 subvenire
737 1429 849 1464 debeat
864 1431 1054 1477 apostolicae

302 1479 439 1514 caritatis
470 1479 579 1525 gratia,
609 1478 707 1513 multo
734 1479 834 1525 magis
855 1479 904 1514 his
925 1487 973 1514 est
994 1481 1054 1514 im-

301 1527 463 1575 pertienda
497 1528 564 1562 cius
599 1527 741 1562 beneficii
780 1528 964 1572 clementia,
991 1542 1054 1576 quo

301 1576 503 1623 singulariter
541 1577 698 1624 proprios,
733 1585 763 1612 et
799 1577 980 1624 specialiter
1021 1591 1054 1613 se

300 1625 416 1671 gaudet
437 1625 518 1660 filios
538 1625 655 1661 habere
669 1634 774 1661 sancta
789 1626 933 1661 Romana
954 1627 1054 1662 Mater

300 1674 453 1716 Ecclesia,
480 1682 511 1709 et
537 1687 612 1709 suae
627 1675 772 1710 utilitatis
793 1676 902 1722 gratia,
919 1686 949 1710 et
965 1689 1052 1723 prae·

301 1723 479 1759 cedentium
489 1723 618 1759 Patrum
629 1724 816 1759 authoritate
826 1725 960 1771 egregia.
971 1725 1053 1767 Quo·

302 1784 371 1808 rum
397 1773 492 1808 etiam
519 1772 688 1808 desideriis
709 1781 740 1808 et
762 1774 841 1808 votis
865 1786 902 1809 eo
931 1775 1054 1821 plenius

303 1834 412 1869 parere
435 1821 529 1857 debet
546 1822 713 1857 auctoritas
734 1823 926 1870 apostolieae
952 1824 1053 1858 subli-

301 1871 430 1911 mitatis,
452 1883 515 1918 quo
536 1871 652 1906 certius
670 1879 804 1917 constat,
826 1883 881 1907 eos
903 1884 965 1907 non
994 1873 1053 1907 nisi

301 1919 354 1954 1113
376 1920 555 1955 desiderare
581 1929 610 1955 et
637 1928 795 1975 expetere,
817 1933 898 1968 quae
921 1930 994 1956 sunt
1015 1922 1052 1956 ad

304 1967 460 2003 honorem
496 1976 622 2004 sanctae
658 1970 805 2016 pietatis,
832 1977 863 2004 et
889 1970 1053 2005 utilitatem

301 2029 393 2053 verae
414 2018 596 2064 religionis;
623 2018 769 2066 quotiens
792 2019 823 2053 in
845 2031 920 2054 suae
942 2031 1054 2055 neces-

301 2066 402 2101 sitatis
431 2067 607 2101 commodis
645 2075 785 2102 nostrum
822 2080 998 2109 assensum,
1024 2077 1055 2103 et

302 2115 431 2150 solitum
453 2117 645 2162 apostolicae
656 2117 851 2151 auctoritatis
865 2117 1055 2152 studuerunt

303 2163 466 2199 humiliter
486 2165 646 2211 requirere
670 2166 872 2211 praesidium,
895 2166 978 2201 ultro
1001 2167 1056 2201 be-

303 2212 469 2260 nignitatis
491 2213 605 2248 intuitu
629 2227 686 2249 nos
707 2215 853 2249 convenit
874 2215 1054 2255 subvenire,

302 2269 334 2297 et
360 2262 418 2297 rite
446 2274 502 2309 pro
523 2275 634 2309 magna
660 2264 827 2298 securitate
845 2264 995 2305 solidare;
1023 2272 1057 2299 ut

302 2322 343 2346 ex
372 2311 433 2345 hoc
466 2311 557 2346 nobis
575 2289 788 2358 ὓρυῑί5513ιιιιιι
832 2313 1006 2360 praemium
1039 2326 1055 2348 a

303 2359 467 2395 conditore
489 2361 631 2395 omnium
645 2361 737 2396 Deo
731 2374 760 2396 in
776 2374 808 2408 s)
812 2361 914 2397 dereis
931 2362 1057 2397 arcibus

303 2408 533 2444 conscribatur.
564 2409 604 2444 Et
632 2410 715 2454 ideo,
743 2411 814 2457 quia
852 2411 1017 2458 postulasti
1039 2423 1056 2446 a

338 2487 378 2522 (t)
393 2487 433 2514 Ex
449 2488 608 2516 Bibliotheca
625 2489 743 2516 cluniac.
760 2489 842 2516 edidit
858 2489 979 2517 Nicotaus
1003 2490 1056 2519 Co-

305 2525 384 2561 letus,
400 2527 501 2555 Concil.
519 2531 583 2556 tom.
602 2536 651 2555 xii.

1753 156 1798 186 27

1098 217 1202 258 nobis,
1225 225 1258 252 ut
1282 218 1451 264 praefatum
1471 219 1694 253 monasterium
1718 229 1848 266 aposto-

1098 265 1177 300 licae
1217 267 1411 302 auctoritatis
1446 267 1526 302 serie
1562 269 1781 309 muniremus
1817 277 1849 303 et

1097 315 1203 349 omnia
1231 316 1299 350 cius
1327 317 1515 361 pertinentia
1544 318 1673 364 perenni
1698 318 1764 352 iure
1787 318 1848 352 ibi-

1097 364 1169 398 dem
1192 364 1411 399 inviolabiliter
1438 366 1664 411 permanendo,
1677 368 1847 402 contirma-

1098 424 1215 457 remus⁷
1237 421 1268 447 et
1288 413 1406 459 absque
1428 415 1512 448 omni
1542 415 1614 461 iugo
1640 428 1695 449 seu
1725 416 1847 451 ditione

1096 461 1325 509 cuiuscumque
1340 475 1466 517 person
1459 476 1504 503 ie,
1533 464 1732 499 constabilire
1750 466 1846 499 nostri

1097 511 1252 557 privilegii
1289 524 1401 557 pagina
1429 513 1644 552 sttnlciemus;
1682 522 1847 561 propterea

1097 560 1157 594 tuis
1180 560 1249 594 flexi
1274 560 1433 607 precibus,
1454 574 1508 606 per
1534 562 1629 597 huius
1652 571 1775 597 nostrae
1791 576 1847 598 au-

1096 609 1248 644 ctoritatis
1276 609 1473 656 privile-oium
1505 618 1676 645 statuentes
1703 613 1847 648 decerni-

1097 670 1187 696 mus,
1220 666 1253 692 ut
1278 666 1390 693 cuneta
1427 659 1492 693 loca
1529 667 1559 694 et
1592 663 1780 696 monasteria
1807 662 1844 696 ad

1872 183 1917 207 Λιι.
1936 181 1963 207 C.
1989 181 2055 206 106ιὶ

1095 706 1314 753 supradictum
1342 706 1528 742 Cluniacum
1558 710 1746 744 coenobium
1775 724 1848 757 per-
1888 699 1982 738 ⁷i¹‘¹''s'¹'''
2003 700 2039 738 1⁸¹¹<l

1095 756 1239 795 tinentia,
1274 769 1355 803 quae
1389 757 1428 791 ab
1459 757 1617 803 aliquibus
1656 759 1847 795 fidelissimis
1880 753 1910 765 M

1095 805 1276 840 christianis
1315 806 1453 851 regibus,
1492 808 1661 854 episcopis,
1701 807 1847 853 ducibus,

1095 865 1152 888 seu
1176 854 1370 901 principibus
1392 855 1493 890 eidem
1511 856 1579 890 loco
1597 865 1670 890 sunt
1685 869 1847 901 concessa,

1095 911 1125 937 et
1146 903 1185 937 ab
1211 904 1462 938 antecessoribus
1489 905 1551 939 tuis
1572 905 1741 952 adquisita,
1769 907 1848 941 Ber—

1095 964 1178 987 none
1200 952 1356 993 videlicet,
1379 952 1491 987 Odone
1511 953 1678 1000 Eymardo,
1694 963 1723 989 et
1739 955 1847 990 beatae

1096 1000 1322 1035 recordationis
1347 1002 1380 1036 S.
1410 1002 1548 1043 Maiolo,
1587 1011 1615 1037 et
1650 1003 1750 1039 bonae
1786 1017 1849 1039 me-

1097 1050 1213 1084 moria(

1095 1110 1342 1145 quaecumque
1337 1100 1373 1133 id
1399 1100 1545 1133 eumdem
1570 1102 1672 1135 locuni
1692 1103 1847 1148 pertinere

1096 1147 1252 1187 videntur,
1267 1148 1385 1194 absque
1402 1148 1496 1182 ullius
1510 1150 1761 1185 contradictione
1775 1164 1846 1186 cum

1096 1208 1208 1242 magna
1224 1197 1391 1231 securitate
1404 1197 1530 1243 quietus
1544 1198 1658 1232 debeas
1674 1200 1847 1254 possidere,

1096 1253 1126 1279 et
1164 1257 1219 1292 per
1252 1254 1280 1279 te
1316 1246 1452 1280 universi
1490 1258 1688 1282 successores
1730 1249 1773 1282 tui
1816 1250 1847 1284 itt

1097 1302 1296 1340 perpetuum.
1337 1295 1468 1329 Necnon
1505 1295 1563 1330 sub
1602 1297 1698 1331 divini
1740 1298 1846 1332 indicii

1096 1343 1345 1389 promulgatione
1358 1352 1386 1377 et
1402 1343 1657 1389 confirmatione
1672 1355 1700 1380 et
1715 1348 1848 1381 anatlie-

1097 1391 1187 1425 matis
1214 1391 1446 1432 interdictione
1473 1393 1713 1430 corroborantes
1735 1395 1847 1431 decre-

1096 1440 1209 1480 vimus,
1236 1448 1268 1474 ut
1290 1441 1396 1476 nullus
1417 1442 1598 1488 episcopus,
1631 1456 1684 1478 seu
1715 1446 1848 1491 quilibet

1095 1489 1295 1524 sacerdotum
1331 1491 1360 1524 in
1397 1491 1507 1524 eodem
1552 1493 1658 1526 veniat
1693 1494 1848 1528 coenobio

1096 1550 1152 1584 pro
1173 1539 1277 1585 aliqua
1305 1540 1504 1574 ordinatione
1527 1541 1592 1575 sive
1611 1545 1848 1577 consecratione

1095 1587 1214 1621 Ecclesi
1209 1599 1265 1627 ¹,ae
1282 1589 1547 1635 presbjtetorum,
1566 1591 1612 1624 vel
1632 1591 1848 1637 diiconoinni,

1094 1636 1263 1670 missarum
1303 1638 1525 1677 celebratione,
1567 1639 1623 1674 nisi
1656 1640 1695 1674 ab
1736 1641 1847 1675 ibbate

1094 1685 1239 1720 eiusdem
1263 1686 1321 1721 loci
1350 1687 1499 1722 invitatus
1533 1687 1638 1732 fuerit,
1673 1690 1780 1723 venire
1807 1690 1846 1724 ad

1094 1734 1252 1780 agendum
1277 1745 1464 1782 praesumat
1487 1736 1550 1771 Sed
1574 1737 1663 1772 liceat
1688 1740 1848 1773 monacbis

1096 1784 1195 1830 ipsius
1218 1784 1290 1824 loci,
1318 1785 1547 1840 cuiuscumque
1569 1787 1723 1821 voluerint
1755 1788 1848 1821 oidi-

1095 1832 1230 1867 nationis
1242 1833 1373 1879 gradum
1390 1835 1563 1881 suscipere,
1583 1836 1775 1882 ubicumqus¹
1792 1837 1845 1871 tibi

1094 1881 1221 1928 tuisque
1248 1883 1485 1917 successoribus
1519 1884 1682 1930 placuerit
1709 1885 1849 1919 Interdi-

1095 1942 1196 1965 crmus
1214 1939 1319 1965 autern
1347 1932 1405 1966 sub
1427 1932 1519 1967 simili
1543 1933 1751 1968 anathematis
1774 1947 1848 1980 pro-

1095 1978 1307 2033 mulgatione,
1339 1988 1374 2014 ut
1406 1981 1487 2015 idem
1514 1981 1603 2016 locus
1636 1983 1695 2016 suh
1730 1983 1847 2018 nullius

1095 2028 1325 2075 cuiuscumque
1346 2029 1487 2076 episcopi
1517 2031 1561 2065 vel
1590 2032 1762 2066 sacerdotis
1785 2032 1848 2067 de-

1098 2077 1248 2123 primatur
1270 2079 1501 2113 interdictionis
1523 2080 1624 2124 titulo,
1647 2093 1702 2115 seu
1717 2093 1849 2115 exeom-

1096 2127 1332 2181 municationis,
1344 2127 1391 2162 vel
1406 2129 1612 2163 anathematis
1627 2129 1768 2170 vinculo,
1786 2143 1846 2164 non

1096 2175 1180 2209 enim
1215 2176 1352 2222 patimur
1379 2185 1505 2211 sanctae
1535 2178 1627 2212 Sedis
1648 2178 1848 2225 Apostolicae

1096 2224 1276 2269 auctoritas,
1292 2233 1325 2259 ut
1340 2226 1433 2259 311135
1447 2227 1675 2274 cuiuscumque
1695 2239 1848 2274 personae

1097 2272 1289 2318 obligatione
1323 2275 1564 2321 proscindatur,
1600 2288 1615 2309 a
1650 2288 1682 2309 se
1717 2277 1849 2311 cuilibet

1097 2333 1269 2365 concessa,
1290 2322 1428 2358 liberalis
1455 2324 1599 2365 libertas3
1623 2336 1726 2379 neque
1750 2325 1849 2372 ipsius

1097 2370 1157 2405 1οεί
1192 2371 1321 2411 fratres,
1357 2372 1550 2419 ubicumque
1589 2373 1696 2420 positi,
1733 2375 1848 2409 cuius-

1098 2431 1245 2474 cumque
1251 2421 1392 2475 episcopi
1409 2421 1638 2456 maledictionis
1658 2423 1704 2457 vel
1719 2435 1849 2457 excom-

1099 2468 1320 2503 municationis
1347 2470 1470 2504 vinculo
1499 2479 1664 2505 tentantur
1689 2472 1847 2513 adsuit-m

1099 2516 1299 2553 inhonestum
1333 2518 1418 2553 enim
1452 2519 1543 2555 nobis
1567 2520 1700 2566 videtur,
1723 2530 1755 2555 ut
1780 2522 1849 2556 siue

2007 754 2011 764 Ι

1873 776 1970 792 tuitioni-s
1985 772 2058 797 acqui·

1873 802 1966 819 sitorum.

1251 1050 1387 1084 Odilone
1425 1051 1664 1096 praedecessore
1699 1061 1764 1093 tuo,
1802 1054 1847 1088 iel
1882 1049 1885 1053 ’

1901 1325 2042 1346 aeclesiarum

1875 1354 1895 1372 et
1910 1352 2059 1372 monachorum

1875 1378 1902 1398 ab
1924 1379 1979 1399 omni
1995 1378 2060 1399 otiam

1875 1404 1989 1430 episcopali
2000 1405 2060 1425 iuri·-

1875 1430 1967 1451 dictione
1992 1436 2060 1451 exe-m-

1875 1457 1926 1483 ptio.

1887 1760 1985 1780 Monet-hi
1996 1767 2006 1781 a
2018 1767 2059 1787 quo

1875 1786 1947 1806 abbati
1975 1788 2058 1812 placue-

1875 1815 1900 1833 rit
1911 1818 2011 1838 episcopi)
2026 1819 2058 1833 sa-

1876 1845 1915 1858 tris
1950 1839 2059 1859 ordinibus

1876 1865 1979 1894 initiandi,
1995 1868 2009 1886 Α
2023 1872 2059 1886 ne·

1875 1898 1900 1911 ml
1905 1898 1929 1912 ne
1940 1895 2010 1912 aulem
2026 1898 2059 1912 ex·

1875 1924 1898 1938 c
1896 1918 2050 1939 mmunicandi:
