2180 3205
163 250 212 276 vn.
234 242 262 269 C.
282 241 344 269 ¹07¹

191 445 313 466 sturmioni
326 446 350 464 A—

165 472 246 492 vesiani
255 472 351 491 tii-ulatur

165 499 289 523 Eusznrgius
308 503 351 518 mo·

164 525 252 546 uachus.

218 1953 368 1975 Monasterium

183 1982 223 2002 hoc
245 1981 283 2001 sub
299 1983 369 2006 prote-

185 2009 255 2028 ctione
271 2007 334 2027 Sedis
345 2007 368 2026 A·

184 2035 301 2060 [ιο-103030
316 2038 369 2052 reci-

185 2061 256 2086 pitur.
288 2062 369 2079 remota

185 2092 274 2113 quacum
292 2092 317 2105 ue
332 2086 369 2105 121-

186 2114 239 2134 cati.
256 2119 279 2132 ve
303 2113 369 2131 ert-le·

185 2146 194 2159 s
205 2140 244 2159 asti
260 2145 272 2159 3
288 2138 369 2158 iurisdi-

186 2170 214 2186 rtt
232 2173 242 2186 n
253 2173 263 2185 ·.

203 2403 273 2438 Abba?
284 2407 295 2421 3
307 2400 373 2439 stim·

431 232 477 265 <to

383 295 459 331 dum
487 302 545 336 est,
572 301 606 329 ut
632 292 827 341 propositum
852 291 920 339 piac
950 291 1126 326 dovotionis

383 345 423 380 de
444 344 548 379 fructu
579 355 652 377 suae
675 341 885 388 provectionis
907 341 1040 386 gaudeat
1055 367 1062 381 ‚
1096 347 1126 374 et

383 394 531 429 meritum
554 391 754 436 benignitatis
773 390 929 437 acquirat,
951 389 1035 436 quod
1054 389 1127 423 huic

383 443 451 477 sine
470 441 650 476 difficultate
673 439 825 486 praesidia
853 446 997 486 praestat.
1028 438 1127 484 Igitur

383 490 570 526 venerabilis
596 489 689 523 frater
722 488 919 534 Eustorgius‚
946 486 1126 522 monasterii

383 539 418 575 S.
447 538 662 574 Austremonii
698 536 737 572 de
763 537 900 572 Alverno
930 536 1126 575 monachus,

384 588 414 623 in
439 588 514 623 5ἰ1ι3
536 586 685 634 quadam,
715 598 795 633 quae
817 586 930 620 dicitur
950 585 1128 628 Αάιιι53ῌ)

384 638 414 671 13
438 638 655 684 episcopatui
646 635 881 675 Matisconensi,
904 634 1092 669 heremum
1087 645 1128 667 [3-

384 686 598 725 liabitaxerat,
632 693 662 719 et
697 684 857 719 desertum
890 683 952 718 loci
986 683 1128 729 adusque

384 735 566 770 monasterii
589 741 620 769 et
641 733 851 781 aliquantulae
877 732 1129 778 congregationis

386 784 523 819 fructum
561 783 717 818 adiutorio
744 782 867 817 diiiuae
901 781 1129 836 miserationis,

385 841 416 868 et
443 833 492 880 pia
518 832 684 868 collatione
710 831 851 866 fidelium
874 831 1060 873 animarum,
1081 842 1131 864 ex-

385 882 542 923 coluerat3
571 880 763 928 apostolatus
790 881 886 914 nostri
923 879 1128 926 praesentiam

387 931 518 971 adiens,
566 929 844 964 interienientibus
883 928 987 963 fratris
1033 928 1130 962 nostri

387 980 552 1026 Aganonis
574 978 872 1025 Augustodunensis
897 977 1036 1024 episcopi
1059 989 1132 1023 pre-

388 1030 490 1070 cibus,
509 1028 693 1075 supplicittr
712 1027 888 1074 postulaxit
911 1034 944 1060 ut
966 1025 1048 1060 idem
1068 1037 1132 1059 mo-

388 1078 559 1112 nasterium
584 1078 614 1111 in
630 1076 798 1123 apostolica
821 1087 885 1109 ruia
909 1075 1132 1119 reciperemus

388 1135 418 1160 ct
447 1127 608 1173 privilegio
640 1125 829 1172 apostolicae
861 1123 1002 1158 tuitionis
1028 1123 1132 1156 muni-

388 1187 517 1215 remus
552 1182 716 1228 quatenus
742 1173 793 1208 ille
821 1172 1007 1206 venerabilis
1032 1171 1132 1211 locus,

388 1223 539 1270 singulari
568 1222 740 1269 patrocinio
767 1229 797 1256 et
822 1221 1004 1255 defensione
1025 1220 1134 1254 Matris

388 1273 530 1307 omnium
550 1271 765 1306 Ecclesiarum
784 1270 931 1305 sullultus
951 1278 981 1304 et
1004 1270 1134 1304 robora—

388 1330 460 1361 tus,
487 1329 518 1356 et
535 1320 654 1355 felicior
675 1322 705 1354 in
728 1320 814 1354 omni
837 1319 920 1353 bono
942 1326 1073 1363 crescat,
1104 1326 1134 1353 et

389 1370 542 1405 sincerior
562 1370 642 1404 inter
663 1369 798 1404 bumana
835 1375 1026 1402 tentamenta
1056 1379 1135 1402 con-

390 1421 501 1454 sistat:
536 1419 627 1454 cuius
672 1418 814 1465 precibus
848 1418 915 1451 siue
952 1424 1133 1462 contemptu

390 1469 515 1515 pietatis
536 1476 566 1502 et
597 1467 731 1502 iustitiae
762 1466 906 1501 effectum
938 1478 1000 1500 non
1028 1465 1136 1512 potui—

392 1530 464 1551 mus
497 1517 664 1562 denegare.
702 1515 816 1550 Notum
853 1516 892 1549 sit
925 1527 998 1560 ergo
1026 1514 1136 1549 omni-

393 1566 452 1600 bus
474 1545 618 1600 fidelibiis
645 1566 674 1599 in
700 1573 898 1612 perpetuum,
920 1563 1068 1611 quoniam
1090 1563 1137 1597 ei-

394 1614 466 1649 dem
494 1614 578 1649 sratri
602 1622 632 1648 et
660 1614 822 1649 carissimo
844 1613 908 1648 filio
935 1620 1041 1648 nostro
1069 1612 1137 1646 Eu-

394 1664 535 1710 storgio‚
579 1663 708 1709 suisque
745 1661 916 1707 fratribus,
952 1661 1138 1708 cunctisque

394 1724 504 1747 eorum
534 1711 772 1747 successoribus
799 1711 992 1758 privilegium
1015 1719 1138 1745 nostrae

394 1761 582 1808 apostolicae
601 1761 739 1795 tuitionis
753 1761 978 1804 concessimus,
997 1767 1138 1795 statuen-

396 1819 454 1852 tes,
476 1818 505 1845 et
532 1822 685 1857 expresse
719 1810 943 1849 decernentes,
971 1817 1004 1843 ut
1035 1809 1137 1856 ipsum

396 1859 623 1894 monasterium
649 1858 684 1893 S.
714 1858 839 1904 Rigaldi
871 1857 911 1892 de
935 1858 1050 1893 Ancisa
1072 1861 1138 1902 (2),

397 1916 428 1943 et
461 1908 566 1942 omnia
593 1919 811 1954 quaecumque
847 1907 914 1941 iure
949 1907 1062 1950 habet,
1088 1914 1141 1941 aut

397 1957 502 1991 divina
525 1957 623 2003 pietas
633 1983 689 1990 .....
711 1957 740 1990 in
759 1956 895 1990 futurum
918 1955 977 1990 sibi
995 1955 1139 1990 habenda

398 2005 604 2046 concesserit,
638 2005 678 2040 ita
705 2005 764 2039 sub
799 2005 865 2038 iure
899 2012 929 2038 et
955 2004 1142 2051 apostolicae

398 2055 570 2090 maiestatis
596 2055 788 2101 protectione
809 2053 993 2097 consistant,
1015 2060 1049 2087 ut
1072 2053 1142 2087 nul-

399 2104 447 2138 lus
468 2104 649 2151 imperator,
671 2115 736 2143 rex,
758 2102 832 2147 dux,
852 2103 1003 2142 marchio,
1025 2101 1143 2148 episco-

400 2165 471 2199 pus,
492 2165 610 2192 comes,
637 2164 691 2187 scu
718 2151 826 2193 abbas,
861 2151 906 2185 rel
934 2151 1038 2198 aliqua
1066 2162 1143 2196 per-

400 2213 477 2236 sona
498 2201 666 2237 saecularis
696 2208 750 2235 aut
775 2200 1004 2240 ecclesiastica,
1031 2211 1143 2245 [33333

402 2250 449 2285 vel
471 2263 576 2305 parva
597 2258 650 2285 aut
682 2249 840 2289 invadere,
868 2257 922 2283 aut
956 2248 1144 2293 molestare,

401 2299 481 2334 rel
475 2312 507 2334 [3
529 2300 631 2346 aliquo
657 2299 831 2346 inquietare
857 2306 888 2334 et
909 2310 926 2333 3
947 2305 1030 2333 statu
1063 2309 1120 2332 530
1137 2324 1144 2338 ,

402 2348 519 2395 aliquid
555 2347 810 2384 conditionaliter
849 2346 923 2382 inde
967 2345 1146 2392 exigendo,

404 2397 530 2432 turbare
564 2404 753 2445 praesumat.
781 2395 839 2431 His
861 2396 954 2432 etiam
976 2395 1146 2450 addimus,

312 2443 374 2497 ’μζ-ᾗ,
404 2453 439 2480 ut
460 2446 564 2480 nullus
591 2459 621 2480 [3
651 2446 762 2481 eodem
789 2445 980 2481 monasterio
1002 2444 1064 2479 nisi
1093 2456 1148 2490 per

293 2513 366 2526 2022-
405 2493 589 2529 electionem
622 2495 751 2529 fratrum
779 2494 866 2530 iuxta
887 2494 1028 2540 regulam
1050 2493 1148 2527 sancti

404 2541 568 2578 Benedicti
595 2543 691 2579 abbas
717 2544 941 2584 constituatur,
968 2550 999 2577 et
1019 2541 1150 2590 episco-

442 2603 482 2639 (¹)
497 2603 568 2632 Alias
582 2604 682 2632 Aresia.
720 2604 759 2640 (ἃ)
775 2604 846 2633 Alias
865 2607 895 2631 (ιε
913 2604 1013 2632 Avesica.

986 236 1175 261 BULLARIUM
1200 236 1362 259 ROMANUM

1168 303 1225 337 pus
1253 289 1503 330 matisconensis,
1526 289 1558 324 in
1580 290 1669 325 cuius
1691 290 1835 337 parocbia
1853 298 1911 330 est.

1167 340 1191 374 si
1219 339 1315 385 gratis
1335 346 1366 373 et
1387 338 1455 373 sine
1484 338 1583 385 pretio
1608 338 1670 373 hoc
1697 339 1770 374 velit
1793 338 1911 379 facere.

1167 388 1300 423 electum
1335 399 1351 422 a
1385 387 1532 422 fratribus
1567 387 1679 422 debeat
1705 399 1911 428 consecrare,

1168 445 1197 471 et
1218 449 1276 471 530
1295 436 1438 483 regimini
1462 445 1585 471 caetum
1603 436 1661 471 sihi
1677 437 1912 477 commcndare;

1168 486 1216 520 sin
1236 497 1308 520 vero
1323 486 1458 532 pretium
1481 485 1585 532 exigat
1599 497 1655 532 pro
1677 486 1912 521 consecratione

1168 543 1220 569 aut
1246 534 1350 581 aliquo
1377 535 1471 570 modo
1505 535 1690 570 canonicam
1723 535 1912 570 electionem

1169 583 1297 618 fratrum
1325 591 1424 619 tentet
1446 583 1617 631 impedire,
1639 584 1676 619 ad
1699 583 1911 630 Apostolicam

1169 632 1283 667 Sedem
1301 645 1357 680 pro
1378 632 1553 668 ordinando
1575 640 1606 668 et
1627 632 1841 668 consecrando
1857 632 1914 667 ab·

1170 681 1240 716 bate
1262 694 1319 716 suo
1338 682 1472 716 veniant.
1496 682 1530 717 Si
1552 682 1623 729 quis
1644 693 1718 717 vero
1731 681 1807 716 citra
1822 681 1915 715 huius

1170 739 1295 765 nostrae
1339 731 1573 766 constitutionis
1598 739 1629 766 et
1666 730 1915 766 confirmationis

1171 781 1316 826 paginam
1350 779 1467 815 nefario
1501 792 1580 815 ausu
1618 791 1710 827 agere
1748 787 1779 814 et
1811 779 1916 814 venire

1172 830 1346 870 tentaverit,
1368 828 1427 863 nisi
1447 829 1620 875 resipiscat,
1643 829 1827 864 auctoritate
1845 840 1919 875 apo-

1171 877 1323 911 stolorum
1346 877 1429 911 Petri
1454 886 1483 912 et
1507 877 1609 918 Pauli,
1636 890 1672 913 ac
1707 885 1833 918 nostra,
1869 889 1916 911 ex-

1171 926 1490 970 communicandum⁷
1525 934 1555 961 et
1576 926 1614 961 ab
1641 927 1727 961 omni
1758 926 1916 961 consortio

1173 975 1310 1009 lidelium
1334 976 1550 1022 repellendum
1566 987 1598 1010 se
1616 987 1686 1010 esse
1702 976 1914 1022 pertimescat.

1172 1023 1233 1065 Qui
1261 1034 1364 1059 autem
1388 1024 1456 1071 piae
1482 1024 1692 1059 venerationis
1719 1024 1832 1058 intuitu
1859 1024 1917 1057 ob-

1173 1074 1351 1113 servaverit,
1371 1082 1401 1107 ct
1419 1073 1470 1107 hic
1488 1074 1676 1120 apostolicae
1690 1072 1918 1107 benedictionis

1173 1122 1316 1167 gratiam,
1343 1131 1372 1156 ct
1394 1122 1641 1157 consolationem
1667 1122 1792 1163 habeat,
1814 1130 1844 1156 et
1868 1134 1918 1156 ae·

1175 1178 1297 1204 ternum
1320 1171 1583 1205 remunerationis
1606 1171 1740 1217 pretium
1765 1170 1831 1205 Deo
1858 1171 1916 1204 tlu-

1175 1227 1268 1253 uante
1302 1219 1414 1266 capiat.
1450 1219 1565 1254 Datum
1597 1219 1741 1254 Laterani
1768 1231 1822 1253 xvr
1855 1218 1915 1253 kal.

1175 1279 1240 1314 apr.
1271 1280 1325 1314 per
1359 1280 1470 1303 manus
1502 1268 1586 1302 Petri
1620 1268 1654 1303 S.
1690 1268 1729 1303 R.
1759 1267 1921 1303 Ecclesiae

1177 1316 1346 1364 presbiteri
1361 1317 1537 1352 cardinalis
1560 1317 1813 1364 Annoxpontis.
1833 1316 1918 1351 dom.

1175 1365 1382 1400 AlexandriII
1398 1375 1508 1413 papae,
1529 1365 1786 1401 Dominicaeinc
1806 1377 1920 1407 mxxi,

1177 1415 1240 1449 ind.
1266 1427 1311 1449 ix.

1236 1471 1296 1501 Dat.
1315 1471 1361 1501 (lic
1383 1472 1415 1500 17
1436 1472 1531 1501 martii
1550 1480 1625 1500 anno
1644 1470 1759 1500 Domini
1779 1471 1865 1507 1071,

1345 1511 1446 1550 pontis.
1465 1511 1620 1540 Alexandri
1639 1519 1715 1539 3330
1730 1519 1756 1538 x.

1493 1624 1610 1659 XXIII.

1180 1698 1401 1731 *nonasterium
1422 1698 1457 1731 S.
1482 1697 1643 1731 Edmundi
1661 1696 1717 1730 sub
1742 1696 1924 1740 protectione

1228 1748 1316 1781 Sedis
1328 1748 1521 1790 Apostolicae
1534 1746 1690 1790 recipitur,
1705 1746 1826 1788 eiusque
1844 1745 1924 1777 bona

1228 1797 1333 1830 onmia
1359 1796 1582 1841 confirmantur
1606 1797 1661 1838 (1).
1861 1791 1865 1795 ’

1447 1858 1663 1889 st'mtAmmt

1181 1916 1349 1947 Exordium.
1363 1933 1403 1938 —
1416 1915 1496 1951 Quae
1514 1925 1582 1945 cura
1602 1915 1799 1945 Ecclesiarum
1819 1913 1927 1944 Itoma-

1220 1957 1267 1985 nis
1290 1956 1483 1986 Pontificibus
1507 1955 1605 1985 inesse
1624 1954 1738 1984 debeat
1759 1970 1798 1975 —
1818 1953 1930 1983 Confir-

1221 1996 1309 2025 matio
1324 1995 1467 2024 honorum
1481 1995 1515 2024 ad
1530 1994 1699 2024 huiusmodi
1715 1993 1927 2023 monasterium

1222 2035 1440 2078 peltinentium.
1450 2034 1582 2069 —Quod
1593 2037 1732 2078 perpetua
1748 2032 1931 2071 exemptione

1222 2074 1257 2103 ab
1276 2083 1355 2103 omui
1374 2074 1518 2109 molestia,
1535 2073 1722 2103 intestatione
1739 2076 1767 2101 et
1785 2076 1930 2110 permuta-

1223 2114 1299 2143 tione
1320 2113 1377 2142 srui
1406 2114 1554 2143 statuitur.
1579 2129 1617 2135 —
1639 2111 1765 2149 Pritileg
1750 2112 1794 2140 “ia
1813 2119 1931 2149 quoque

1223 2153 1319 2182 omnia
1337 2161 1450 2191 regum,
1472 2157 1500 2181 et
1523 2161 1624 2182 eorum
1643 2151 1807 2181 oblationes
1825 2150 1932 2179 confir-

1224 2196 1351 2222 mantur.
1379 2209 1418 2214 —
1437 2191 1591 2221 Decretum
1618 2190 1763 2221 libertatis
1781 2195 1808 2219 et
1831 2198 1931 2219 exem-

1225 2232 1343 2271 ptionis.
1373 2249 1414 2254 —
1446 2231 1608 2261 Anathema
1640 2234 1740 2260 contra
1775 2229 1931 2259 violatores

1225 2271 1372 2310 priiilegii
1389 2271 1490 2301 huius.

1187 2338 1336 2366 Alexander
1352 2338 1492 2374 episcopus
1505 2344 1600 2366 servus
1610 2343 1749 2366 servorum
1764 2335 1819 2368 Dei.
1837 2335 1934 2363 dilecto

1231 2383 1260 2410 in
1284 2382 1391 2412 Christo
1418 2382 1474 2411 filio
1501 2381 1629 2410 Balduino
1654 2381 1746 2409 abbati
1773 2378 1934 2407 monasterii

1233 2427 1258 2455 S.
1275 2427 1412 2460 Edmundi.
1429 2427 1497 2463 quod
1513 2424 1739 2457 Badrices-Hurde
1754 2425 1934 2459 nuncupatur,

1233 2471 1262 2499 in
1279 2471 1374 2506 anglia
1390 2470 1543 2503 constituti,
1560 2470 1669 2505 eiusque
1685 2468 1894 2500 successorihus,
1907 2467 1936 2496 in

1233 2517 1402 2552 perpetuum.

1226 2568 1265 2601 (1)
1285 2568 1323 2595 Ex
1340 2567 1441 2594 Alford.
1459 2567 1554 2595 Annal.
1580 2565 1681 2594 Eccles>
1708 2565 1785 2602 Angl.
1816 2564 1848 2592 ad
1874 2572 1936 2592 333.

1195 2604 1271 2637 1071,
1293 2611 1320 2630 3.
1338 2610 1418 2630 xviii.

1938 234 1990 260 An.
2008 232 2036 260 C.
2051 233 2118 261 1071

1955 504 1995 528 Qui
2009 505 2026 525 si
2037 504 2127 530 pretium

1942 531 2043 558 requirat.
2058 531 2085 551 ad
2102 533 2127 551 Α·

1943 558 2066 584 postoucam
2089 557 2128 578 Se-

1943 584 1990 604 dem
2030 584 2127 604 deseren-

1943 611 2000 631 dum.

1975 885 2055 906 Solitas
2077 884 2132 905 clau-

1948 913 2014 933 sulae.
