2180 3205
184 226 233 253 Αη.
255 226 283 254 C.
300 224 369 254 1102

447 226 516 259 ‘2⁶22

397 290 576 334 Strumini,
603 301 691 324 casas
718 296 747 322 et
774 288 876 336 sylvas
902 295 932 323 et
967 296 1086 323 curtem
1110 288 1147 323 de

396 338 539 386 Lapillo,
576 347 606 373 et
641 338 804 372 ecclesiam
844 337 878 371 S.
915 337 1148 372 Bartliolomaei

394 388 531 435 apostoli
565 388 595 421 in
624 386 760 424 Collina,
789 386 896 421 Sancti
928 386 1089 426 Matthaei,
1119 395 1148 421 et

393 446 517 471 curtem
533 436 728 473 Donni-iano.
748 436 853 470 Sancti
868 435 951 469 Petri
968 435 1006 469 (le
1023 435 1147 481 Magna-

389 484 478 521 Luce
496 486 579 532 apud
603 485 788 528 Rederium,
811 484 844 518 S.
868 484 990 519 Martini
1016 485 1045 518 in
1073 484 1148 518 Ala-

387 535 470 575 rino‚
504 535 537 569 S.
575 534 693 568 Mariae
731 534 760 567 in
800 533 937 568 Gildone
972 534 1002 568 in
1038 534 1145 568 Monte

387 582 484 620 Malo,
508 583 615 618 Sancti
644 582 758 617 Felicis
786 584 816 616 in
851 582 990 626 Sei-tore,
1016 583 1050 617 S.
1085 582 1145 616 Viti

388 633 417 665 in
449 633 598 672 Sertore;
632 632 669 666 ad
699 631 828 666 Balbam
859 632 943 678 apud
966 641 1089 666 montes
1111 632 1144 666 S.

385 681 483 716 Marci
508 681 742 727 Evangelistae,
761 681 791 714 in
804 680 903 715 Fossa
918 680 1018 715 Caeca
1035 681 1143 716 Sancti

384 729 542 777 Stephani
566 730 818 777 protomartyris,
840 731 877 764 ad
897 729 1048 764 Furculas
1066 730 1145 765 Gau-

385 779 478 814 dinas
501 779 610 814 Sancti
633 778 795 819 Ieremiac,
825 779 854 812 in
882 787 989 814 monte
1011 777 1079 813 Vici
1107 778 1141 813 S.

383 827 498 869 Fossii,
519 829 548 862 in
574 828 730 862 territorio
745 828 965 874 Campi-Laeti
980 828 1144 862 ecclesiam

329 895 339 903 -
382 876 524 912 Sanctae
547 877 666 912 Luciae
694 878 849 924 martyriS,
877 877 960 911 iuxta
987 878 1143 911 civitatem

383 925 609 961 Florentinum
651 927 877 961 monasterium
909 925 942 960 S.
974 925 1144 961 Salvatoris

384 987 448 1010 una
478 988 551 1010 cum
576 975 647 1009 aliis
669 975 911 1022 quamplurimis
943 975 1084 1009 ecclesiis
1106 975 1142 1009 atl

382 1025 468 1059 idem
510 1024 760 1071 pcrtinentibus,
795 1023 939 1058 videlicet
965 1024 999 1058 S.
1027 1024 1144 1058 Leonis

384 1073 467 1107 infra
501 1073 693 1120 praedictam
725 1073 880 1107 ciiitatem
913 1072 1142 1127 Florentinum,

384 1130 414 1156 et
443 1122 551 1156 Sancti
582 1122 666 1156 1)(ιιῑ
695 1121 910 1167 apostolorum
934 1122 1084 1168 principis
1105 1121 1143 1155 (le

391 1171 530 1209 litiano,
553 1179 582 1204 ct
605 1171 712 1205 Sancti
735 1171 887 1218 Stephani
910 1171 1144 1218 prot‹)n]nrt)ris

392 1232 466 1254 cum
506 1220 592 1257 xilla
632 1232 713 1265 qnae
748 1221 925 1254 nominatur
959 1220 1142 1260 Francisca,

391 1270 622 1303 monasterium
646 1268 678 1303 S.
695 1268 814 1303 Nicolai
830 1270 969 1316 episcopi
991 1270 1021 1303 in
1037 1278 1143 1303 monte

392 1317 502 1353 Felice
531 1331 590 1353 una
627 1331 699 1352 cum
735 1318 804 1352 aliis
830 1319 971 1352 ccelesiis
998 1318 1033 1352 ad
1061 1318 1141 1352 idem

390 1367 644 1413 pertinentibus,
679 1367 759 1401 idest
793 1367 958 1402 ecclesiam
990 1367 1023 1401 S.
1057 1367 1140 1402 Petri

388 1416 475 1451 foras
498 1417 654 1451 civitatem
685 1425 833 1459 iestram,
868 1423 898 1451 et
920 1417 1084 1451 ecclesiam
1106 1416 1139 1451 S.

386 1465 520 1500 Martini
545 1466 622 1500 intra
651 1465 843 1506 Cannetum,
875 1473 905 1500 et
938 1465 972 1500 S.
999 1466 1141 1511 Gregorii

388 1524 475 1549 extra
507 1515 609 1561 ipsum
632 1514 824 1555 Cannctum,
847 1515 877 1548 in
902 1515 1057 1549 territorio
1080 1515 1140 1549 Ro-

387 1563 479 1598 densi
503 1564 636 1598 Sanctae
663 1562 818 1598 Barbarae
847 1564 990 1609 virginiS,
1019 1564 1048 1597 in
1071 1564 1142 1598 civi-

386 1621 449 1647 tate
475 1614 570 1647 reteri
593 1613 709 1660 Sepina
727 1614 951 1647 monasterium
975 1612 1008 1647 S.
1025 1613 1140 1648 Mariae

382 1674 458 1696 cum
482 1662 570 1696 cellis
585 1663 662 1702 suis,
683 1662 760 1695 idest
779 1662 911 1696 Sanctae
925 1662 1040 1696 Mariae
1054 1670 1138 1696 extra

383 1711 486 1758 ipsam
513 1711 635 1751 urbem,
659 1711 687 1745 in
702 1712 826 1745 civitate
847 1710 1053 1758 Neapolitana
1070 1724 1140 1746 mo-

381 1761 559 1794 nasterium
583 1760 718 1795 Sanctae
732 1759 920 1799 Ger-trudis,
933 1760 1041 1794 Sancti
1058 1760 1140 1795 Con-

383 1809 536 1850 stantini,
559 1809 694 1844 Sanctae
715 1808 930 1852 Elisabetliae,
952 1809 985 1843 S.
1009 1809 1137 1849 Annae,

381 1858 494 1893 Sancti
514 1858 631 1898 lacobi,
652 1858 688 1893 S.
713 1858 878 1892 Adiutoris
896 1870 967 1892 cum
990 1859 1138 1893 omnibus

382 1907 450 1941 suis
474 1907 717 1953 pertinentibus,
740 1919 864 1942 necnon
888 1915 918 1942 ct
937 1907 1136 1942 medietatem

384 1955 418 1989 S.
449 1955 605 1997 Silvestri,
633 1956 797 1991 ecclesiam
820 1956 853 1991 S.
877 1955 1022 2003 Gregorii
1054 1957 1135 2003 apud

383 2004 842 2046 Vaccantiam,m0nasterium
865 2005 898 2039 S.
922 2006 1135 2040 Aronciicum

383 2054 471 2089 cellis
499 2063 529 2089 et
553 2054 749 2100 pertinentiis
775 2055 853 2095 suis,
888 2055 918 2088 in
945 2054 1137 2089 Sambuceto

383 2102 520 2138 Sanctae
541 2103 670 2144 Mariae,
692 2103 775 2150 apud
804 2103 930 2138 Arolam
953 2104 986 2138 S.
1003 2103 1135 2143 Nicolai,

384 2152 460 2187 item
483 2153 568 2199 apud
600 2152 812 2187 Vaccariciam
845 2153 1071 2187 monasterinm
1101 2153 1134 2188 S.

383 2201 560 2245 Benedicti,
583 2202 614 2236 in
633 2202 724 2236 casali
747 2202 952 2236 petraefictae
974 2201 1007 2236 S.
1026 2202 1138 2236 lolian-

384 2251 445 2294 nis,
468 2251 498 2285 in
526 2251 693 2285 Butticella
716 2251 748 2285 in
771 2252 895 2298 portula
923 2251 956 2286 S.
980 2251 1057 2296 Viti,
1089 2263 1137 2286 ca-

384 2300 508 2334 stellum
536 2312 608 2335 cum
630 2299 785 2344 ecelesiis,
810 2300 902 2343 villis,
924 2309 1017 2348 atque
1039 2301 1136 2335 omni-

384 2348 443 2383 bus
471 2349 705 2396 pertinentibus
723 2350 802 2394 suis,
825 2351 853 2383 in
877 2349 985 2384 Cerito
1007 2350 1040 2384 S.
1057 2349 1137 2383 Mar-

384 2399 440 2432 tini
474 2399 633 2446 episcopi,
662 2399 693 2433 in
720 2399 902 2433 Tusculano
928 2398 962 2433 S.
991 2397 1134 2433 Christo-

385 2447 488 2494 phori,
511 2448 673 2482 castellum
702 2447 850 2482 Pliarneti
874 2460 946 2482 cum
975 2447 1134 2492 eeclesiis,

385 2508 509 2530 necnon
544 2505 574 2531 et
607 2497 755 2531 omnibus
790 2497 1021 2543 pertinentibus
1054 2497 1134 2537 suis,

387 2544 491 2579 villam
519 2545 634 2579 dictam
663 2546 824 2580 Lacovana
847 2558 917 2580 cum
946 2546 1077 2580 ecclesia
1099 2545 1133 2580 S.

386 2593 502 2629 Donati
543 2594 718 2629 secundum
759 2596 980 2630 auctoritatem
1022 2595 1134 2642 Angeli

989 234 1068 255 RUH.
1074 233 1089 255 A
1095 233 1176 255 mm!
1198 233 1289 255 ROHA
1295 233 1362 256 Nun

1192 300 1263 323 cum
1301 288 1448 323 omnibus
1483 288 1680 335 pertinentiis
1706 300 1831 329 eorum,
1867 301 1939 323 cum

1191 337 1322 372 ecclesia
1355 337 1388 372 S.
1418 337 1566 372 Marciani
1604 350 1664 372 una
1690 350 1763 372 cum
1793 338 1940 373 omnibus

1190 386 1256 421 suis
1278 386 1520 433 pcrtinentibus,
1545 385 1708 421 Urbanum
1731 399 1803 421 cum
1835 388 1940 422 omni-

1190 437 1249 470 bus
1271 435 1471 482 pertinentiis
1492 436 1572 475 suis,
1598 435 1697 482 Ripas
1718 435 1844 482 Longas
1865 449 1938 471 cum

1189 485 1318 520 ecclesia
1340 484 1474 519 Sanctae
1495 484 1626 528 Mariae,
1639 484 1810 520 Castellum
1827 485 1937 526 Vetus,

1189 542 1218 568 et
1244 533 1408 568 ecclesiam
1435 533 1468 568 S.
1504 533 1624 568 Nicolai
1650 533 1807 581 episcopi,
1835 535 1936 569 villam

1189 582 1427 617 Leo-Cubantis
1448 591 1478 617 et
1504 582 1670 617 ecclesiam
1691 581 1725 616 S.
1746 582 1858 617 Donati
1877 596 1937 618 una

1188 644 1258 666 cum
1282 632 1441 673 omnibus,
1465 643 1585 666 necnon
1608 640 1637 666 et
1661 632 1814 666 universis
1828 645 1937 667 eorum

1189 681 1430 728 pertinentibus,
1454 681 1688 716 heremitarium
1710 680 1744 715 S.
1765 680 1937 727 Onuphrii,

1187 730 1352 764 ecclesiam
1374 730 1482 764 Sancti
1497 730 1659 764 Michaelis
1677 729 1856 776 archangeli
1877 743 1936 766 una

1186 791 1258 813 eum
1281 779 1428 814 omnibus
1459 780 1524 813 suis
1552 779 1747 825 pertinentiis
1768 791 1838 813 cum
1867 792 1937 815 mo-

1187 827 1303 862 bilibus
1324 837 1417 875 atque
1439 827 1662 863 immobilibus.
1686 828 1864 863 Praesentis
1884 830 1938 864 ita-

1186 889 1247 923 que
1280 878 1378 912 nostri
1415 877 1570 924 privilegii
1614 877 1725 924 pagina
1761 878 1935 924 apostolica

1186 927 1368 961 auctoritate
1407 928 1598 970 statuimus,
1641 935 1674 960 ut
1711 938 1932 975 quaecumque
1974 939 1977 941 ·

1187 975 1270 1009 idern
1290 975 1478 1010 coenobium
1507 976 1587 1010 iuste
1609 975 1761 1022 possidet,
1789 988 1934 1023 quaeque

1187 1024 1217 1058 in
1240 1024 1410 1058 crastinum
1433 1025 1639 1059 concessione
1660 1024 1863 1066 Pontificum,
1891 1027 1936 1060 li—

1187 1072 1347 1107 beralitate
1374 1074 1571 1120 principum,
1598 1074 1644 1107 vel
1670 1073 1828 1108 oblatione
1852 1074 1933 1109 fide-

1186 1121 1279 1162 lium,
1303 1122 1383 1156 iuste
1410 1130 1503 1168 atque
1535 1122 1687 1157 canonice
1720 1124 1832 1170 poterit
1864 1124 1935 1158 adi-

1187 1171 1276 1217 pisci,
1303 1171 1389 1205 lirma
1421 1172 1474 1205 tibi
1499 1172 1624 1217 tuisque
1647 1172 1883 1207 successoribus
1904 1181 1934 1207 et

1186 1220 1299 1254 illibata
1319 1228 1533 1267 permaneant.
1562 1220 1774 1255 Decernimus
1790 1233 1877 1267 ergo,
1901 1231 1933 1256 ut

1185 1270 1261 1303 nulli
1287 1271 1416 1304 omnino
1438 1269 1603 1304 hominum
1628 1270 1718 1304 liceat
1749 1271 1831 1305 idem
1864 1283 1934 1306 coe-

1185 1318 1315 1353 nobium
1338 1327 1456 1353 temere
1478 1318 1673 1366 perturbare,
1696 1328 1789 1366 atque
1814 1319 1934 1355 destru-

1184 1379 1252 1408 ere,
1282 1376 1334 1402 ant
1356 1369 1448 1402 etiam
1472 1369 1499 1402 ei
1529 1368 1610 1402 ullas
1633 1369 1848 1415 possessiones
1869 1381 1932 1404 au—

1185 1416 1283 1460 ferre,
1311 1417 1357 1451 iel
1391 1417 1508 1451 ablatas
1536 1418 1681 1457 retinere,
1709 1418 1863 1459 minuere,
1883 1420 1931 1453 vel

1184 1466 1356 1500 temerariis
1382 1466 1600 1501 vexationibus
1621 1466 1762 1512 fatigare,
1783 1476 1836 1501 aut
1857 1479 1933 1514 quo-

1182 1527 1244 1561 quo
1266 1515 1360 1550 modo
1383 1515 1564 1549 molestare:
1589 1527 1695 1550 verum
1718 1517 1823 1550 omnia
1846 1517 1932 1551 inte-

1182 1575 1235 1609 gre
1280 1573 1495 1610 ptrsexerent,
1546 1573 1639 1611 atque
1683 1575 1928 1607 conserventur,

1182 1625 1307 1652 eorum,
1345 1625 1399 1661 pro
1421 1626 1554 1660 quorum
1578 1614 1763 1654 substantia,
1797 1623 1849 1649 aut
1875 1627 1931 1649 su-

1181 1663 1368 1697 stentatione
1382 1672 1433 1697 aut
1448 1662 1676 1708 gubernatione
1689 1675 1837 1698 concessa
1845 1671 1930 1708 sunt,

1181 1712 1292 1746 usibus
1314 1712 1504 1746 omnimodis
1529 1712 1700 1759 profutura.
1733 1711 1879 1747 Obeunte
1901 1721 1930 1748 te

1182 1772 1265 1795 nunc
1291 1761 1360 1795 eius
1381 1761 1438 1795 loci
1462 1761 1584 1805 abbate,
1607 1761 1654 1795 vel
1678 1770 1803 1796 tuorum
1822 1762 1928 1809 quoli-

1182 1809 1256 1843 libet
1294 1822 1534 1851 successorum,
1576 1810 1682 1845 nullus
1714 1810 1755 1844 ibi
1788 1811 1929 1857 qualibet

1180 1858 1383 1905 subreptione
1421 1859 1470 1893 vel
1506 1859 1653 1893 violentia
1695 1868 1927 1906 praeponatur,

1181 1908 1239 1942 nisi
1259 1921 1351 1953 quem
1375 1908 1485 1942 fratres
1506 1908 1666 1942 communi
1689 1921 1858 1949 consensu,
1879 1909 1925 1943 vel

1180 1956 1308 1991 fratrum
1342 1969 1415 2003 pars
1441 1957 1563 1992 consilii
1586 1957 1720 1991 sanioris
1754 1957 1926 2003 elegerint:

1179 2005 1298 2040 electus
1319 2018 1335 2040 a
1357 2006 1501 2040 Romano
1528 2006 1683 2040 Pontifice
1710 2015 1922 2043 consecretur.

1179 2054 1336 2095 Chrisma‚
1364 2055 1649 2098 Olenmsanctum,
1674 2055 1928 2090 consecrationes

1179 2104 1321 2138 altarium
1354 2105 1419 2139 sire
1457 2104 1670 2148 basilicarum,
1708 2104 1927 2139 ordinationes

1179 2154 1417 2193 monaclioiQum
1445 2154 1498 2200 qui
1526 2154 1562 2187 ad
1590 2166 1696 2188 sacros
1723 2161 1797 2188 sunt
1822 2153 1928 2188 Ordi—

1179 2214 1234 2236 nes
1251 2202 1467 2249 promoiendi,
1493 2202 1530 2236 ab
1548 2203 1718 2257 episcopis,
1740 2203 1771 2237 in
1792 2215 1925 2250 quorum

1178 2251 1378 2286 dioecesibus
1405 2252 1496 2292 estis,
1529 2252 1705 2298 accipietis,
1737 2252 1761 2285 si
1796 2251 1924 2298 quidem

1177 2301 1307 2346 gratiam
1354 2309 1384 2335 ct
1423 2301 1679 2335 communionem
1727 2301 1926 2348 Apostolicae

1177 2335 1271 2384 Sedis
1293 2349 1470 2390 habuerint,
1497 2358 1526 2384 et
1548 2350 1572 2384 si
1601 2350 1697 2396 gratis
1723 2362 1759 2384 ea
1790 2358 1821 2384 et
1853 2350 1923 2385 sine

1179 2400 1327 2446 pravitate
1345 2399 1566 2446 impenderint.
1586 2398 1620 2433 Si
1635 2399 1710 2445 quid
1726 2411 1798 2433 vero
1812 2398 1924 2433 horum

1177 2448 1345 2492 obstiterit,
1372 2448 1464 2483 liceat
1489 2448 1589 2492 vobis,
1610 2460 1627 2482 a
1649 2459 1852 2494 quocumque
1872 2460 1926 2483 vo-

1178 2497 1298 2532 lueritis
1324 2497 1477 2532 catholico
1510 2498 1676 2544 episcopo,
1711 2509 1791 2543 quae
1817 2509 1926 2544 supra-

1179 2547 1338 2581 nominata
1357 2555 1449 2584 sunt,
1471 2554 1663 2581 sacramenta
1689 2546 1860 2592 percipere.
1888 2544 1923 2580 Si

1178 2608 1239 2643 qua
1267 2608 1340 2631 vero
1373 2595 1583 2631 ecelesiastica
1613 2595 1819 2630 saecularisve
1852 2606 1925 2642 per-

1962 239 2011 265 An.
2032 240 2145 269 (3.1102

1960 1304 2010 1324 terri
2027 1319 2032 1327 ,
2055 1303 2143 1324 alienari

1961 1332 2008 1353 etc..
2021 1336 2098 1356 posse;

2166 1443 2171 1462 l

1999 1545 2042 1567 Sed
2071 1466 2174 1967 ..ιιι

1959 1573 2108 1593 monachorum
2121 1578 2143 1592 u-
2178 1580 2180 1582 ·

1958 1599 2016 1620 ssibus
2042 1599 2142 1620 inservire
2177 1606 2180 1614 =

1965 1626 2004 1646 nub
2036 1627 2137 1653 regimina

1988 1249 2145 1272 Decerntinihit
2166 1014 2178 1385 λ

1960 1276 1987 1297 ab
2011 1277 2085 1298 eodem
2107 1282 2144 1298 au-

1958 1653 2053 1678 abbatim

1984 1733 2023 1757 Qui
2047 1733 2073 1754 de
2096 1733 2142 1759 ipso
2178 1743 2180 1753 t

1965 1760 2093 1780 monasterio
2120 1765 2133 1780 a

1957 1787 2066 1807 monachis
2077 1786 2142 1812 eliga-

1957 1816 1997 1834 tur:
2007 1819 2053 1833 cum
2064 1813 2141 1838 depen-

1957 1840 2030 1860 dentia
2049 1840 2076 1859 ab
2098 1839 2142 1864 opi·
2174 1848 2177 1858 i

1957 1871 2022 1891 scopu
2034 1865 2141 1886 ordinario
2172 1879 2177 1887 »

1958 1893 1978 1913 in
1996 1893 2029 1916 iis,
2044 1897 2100 1918 quas
2114 1891 2141 1912 ad
2176 1900 2180 1910 ι

1961 1921 2142 1939 sacramentorum
2174 1925 2177 1937 i

1957 1948 2054 1971 spectant
2074 1944 2142 1965 admi-
2174 1944 2178 1963 ἐ

1956 1972 2108 1993 nisti-ationem.
2162 1971 2165 1978 ¹

1973 2410 2088 2431 Rubor-atio
2095 2409 2137 2436 pri-
2154 2415 2163 2428 r«

1955 2436 2024 2463 ritegn
2039 2436 2108 2457 hnim.
2158 2444 2169 2456 .:
