2180 3205
458 229 529 263 590
1001 238 1188 261 norhanton
1216 239 1377 263 novissim

404 306 517 339 songo,
545 291 699 331 Batisino,
715 292 784 327 loeo
806 291 1045 338 Sam-tivigitii.
1061 294 1155 328 Mon-
1197 294 1246 329 hie
1273 295 1406 330 fructum
1431 296 1531 331 bonae,
1553 298 1686 334 actionis
1709 300 1894 347 percipiant,
1914 307 1945 335 et

404 343 507 376 tieello
522 369 531 382 ,
572 341 730 375 Provenze
743 369 751 380 ,
794 341 955 388 Gussago,
996 342 1132 378 Rivatica
1144 372 1152 385 ‚
1193 349 1275 396 apud
1291 349 1466 385 districtum
1482 351 1620 388 Iudicem
1645 354 1779 400 praemia
1799 363 1943 390 aeternae

403 390 609 437 Ga''llefl‘ff‘lO’
638 390 836 430 Rss'mffllpllffi
863 399 894 425 ⁰1
928 391 1151 433 ΡΟΠῙΕΕΒΓΟῙΟ»
1194 404 1277 450 paris
1305 404 1474 439 inveniant.
1498 404 1612 447 Amen,
1639 419 1742 446 amen,
1769 420 1870 443 amen.

404 440 434 474 in
461 440 614 486 praesenti
640 439 810 474 indictione
827 440 948 475 decima
978 443 1022 484 (1)
1050 450 1150 476 vestro
1240 456 1311 491 EGO
1339 457 1553 494 txxocmrtus
1580 460 1751 495 catholicae
1777 461 1939 498 Ecclesiae

401 489 592 523 monasterio
637 489 794 535 pertinere
832 498 1016 524 noscuntur.
1069 490 1148 526 Illud
1190 511 1358 558 episcopus
1380 524 1421 545 SS·

398 546 502 579 etiam,
528 537 612 584 quod
635 549 651 572 a
676 547 913 584 praenominato
934 539 1025 574 fratre
1040 549 1148 575 nostro
1238 565 1305 610 Ego
1333 564 1521 613 Rodulphus
1543 566 1681 602 ortanus
1702 568 1871 614 episcopus
1894 582 1937 604 SS-

398 587 568 621 Ramberto
589 587 739 642 episeopo
766 588 879 623 usibus
903 589 1031 623 fratrum
1063 590 1146 645 eius·
1236 618 1304 652 FUO
1326 618 1465 654 Ubwus
1514 619 1584 655 resb
1606 627 1652 655 ter
1679 621 1750 655 card
1797 622 1831 656 m
1857 623 1874 656 Ι.
1902 623 1925 658 S

397 635 468 670 dem
492 644 672 671 monasterti
696 649 881 672 eoncessum
905 645 952 672 est
974 645 1003 672 et
1029 647 1146 685 scripto
1186 640 1361 707 C¹er⁴lzquis
1382 648 1413 707 ἐς
1492 633 1509 667 Ρ
1584 633 1602 667 y
1757 649 1763 655 ”
1835 635 1875 657 ¹¹¹
1930 652 1936 658 ·

399 685 590 729 roboratum,
613 693 646 719 ut
672 686 815 721 videlieet
845 696 1027 733 potestatem
1054 696 1083 722 et
1105 688 1144 722 li-

396 735 529 769 centiam
554 734 704 778 habeatis,
731 744 883 782 quantum
912 736 1022 770 vestris
1055 737 1143 771 sul'fi-
1236 725 1301 771 ESO
1329 726 1500 762 AUSfflfflssss
1535 728 1695 776 PPeSbyler
1732 730 1816 764 casd-
1852 730 1931 765 tituli

395 784 455 818 ciat
477 783 725 825 necessitatibus,
748 785 786 819 de
808 792 914 820 monte
927 785 1040 820 Denno
1060 786 1141 832 ligna
1184 779 1290 815 33110ῐὶ
1315 780 1474 816 Laurentii
1504 782 1533 816 itt
1556 782 1675 817 Lucina
1703 795 1744 817 ss.

193 248 241 276 An.
260 249 287 276 c,
313 249 378 278 1¹33
1969 245 2018 273 An.
2038 245 2066 274 c.
2084 247 2150 276 1133

1983 493 2097 514 innocentii
2107 494 2148 516 FP.

1967 522 1987 539 ot
1995 519 2017 540 S.
2027 521 2050 541 tt.
2058 520 2081 541 Ε.
2091 521 2146 542 εει-ι’.

1966 545 2136 573 subscriptiones.

222 719 372 741 confirmatur

186 751 274 773 qnoque·
290 747 323 767 tus
346 748 372 768 ti-

186 778 227 797 gna
249 774 370 799 accipiendi

186 799 208 821 in
227 801 298 821 Monte
316 801 371 821 Den-

183 826 236 852 Ζηο,
253 830 274 848 et
288 832 370 853 posses-

185 860 242 874 sonz
254 862 273 874 ,ιι
306 854 364 875 dect-

185 886 240 902 maS.

215 1590 305 1613 Abbatis
319 1593 363 1613 ete·

177 1618 275 1639 ctionem
288 1620 314 1640 ad
329 1625 363 1640 so-

180 1644 212 1664 los
243 1647 364 1667 monachos

177 1674 277 1700 spectare
287 1673 361 1694 decer-

180 1700 250 1718 nitur.

202 1928 282 1950 sotitae
301 1929 360 1950 clau-

176 1956 244 1976 sutae.

393 833 554 880 accipere,
590 845 648 868 nos
681 846 807 881 quoqne
835 834 922 868 vobis
957 836 1141 870 auctoritate

393 883 565 929 apostolica
601 882 841 918 confirmamus:
889 883 1027 918 decimas
1066 896 1141 919 sane

394 933 627 977 possessionum
656 941 846 977 vestrarum,
871 944 948 979 quas
971 945 1068 979 usque
1101 934 1138 968 ad

393 981 468 1016 haec
495 990 635 1028 tempora
670 981 749 1015 inste
771 990 801 1015 et
835 982 963 1026 pacifire
991 982 1137 1017 videmini

393 1030 582 1076 possedisse,
610 1030 698 1064 vobis
719 1030 880 1065 habendas
907 1031 1139 1077 possidendas—

390 1091 462 1126 que.
490 1080 574 1114 Nulli
597 1091 671 1125 ergo
693 1080 823 1114 omnino
838 1080 1002 1114 hominum
1025 1080 1070 1115 sas
1085 1081 1137 1122 sit,

390 1129 604 1175 saepedictum
635 1128 824 1164 coenobium
857 1137 974 1163 temere
1008 1138 1138 1176 pertur-

391 1177 474 1218 bare,
507 1178 650 1213 anteitis
673 1178 888 1225 possessiones
920 1178 1053 1218 anferre,
1089 1179 1135 1213 vel

389 1226 507 1261 ablatas
541 1227 692 1268 retinere,
730 1227 882 1268 minuere,
905 1235 957 1262 aut
979 1228 1135 1274 aliquibus

391 1276 606 1312 vexationibus
633 1277 777 1323 fatigar03
808 1277 861 1311 sed
885 1278 990 1312 onmia
1015 1277 1133 1323 integra

389 1334 614 1360 conserventur
639 1338 760 1365 eorum,
785 1338 840 1372 pro
863 1338 995 1373 quorum
1018 1326 1134 1372 guber-

389 1376 515 1410 natione
543 1384 573 1409 et
599 1375 848 1410 substentatione
869 1388 1016 1410 concessa
1045 1385 1132 1419 sunt7

391 1424 498 1459 usibus
525 1424 716 1459 omnimodis
735 1424 910 1471 profutura:
934 1425 1018 1459 salvo
1039 1425 1132 1460 nnius

388 1473 484 1508 librae
511 1474 630 1520 argenti
658 1486 766 1517 censu,
797 1474 886 1508 annis
908 1474 1039 1520 singulis
1060 1474 1132 1508 Bri-

387 1522 485 1557 xiensi
525 1523 681 1558 Ecclesiae
728 1523 944 1569 persolvendo.
985 1523 1131 1558 Obennte

389 1584 459 1606 vero
486 1581 534 1613 te,
570 1584 655 1607 nune
676 1571 817 1606 eiusdem
844 1572 903 1607 loci
926 1571 1048 1612 abbate,
1084 1572 1130 1607 vel

387 1628 511 1656 tuorum
534 1621 674 1668 quolibet
702 1634 940 1666 successorum,
963 1621 1066 1655 nullus
1088 1622 1128 1656 ibi

386 1670 525 1718 qualibet
546 1671 760 1718 subreptionis
781 1671 892 1705 astutia
914 1683 968 1705 seu
985 1670 1129 1706 violentia

387 1728 611 1767 praeponatur,
640 1720 699 1754 nisi
721 1732 814 1766 quem
837 1720 946 1755 fratres
968 1722 1127 1755 communi

386 1781 555 1812 consensu7
579 1769 623 1803 vel
644 1769 770 1804 fratrum
796 1782 866 1816 pars
886 1769 1005 1804 consilii
1028 1770 1131 1804 sanio-

386 1818 438 1858 ris,
464 1818 638 1853 secundum
663 1817 718 1853 Dei
741 1819 884 1853 timorem
912 1826 942 1853 et
965 1818 1044 1853 beati
1064 1819 1129 1854 Be-

385 1867 501 1902 nedicti
538 1867 676 1915 regulam
713 1867 905 1914 providerint
939 1868 1127 1913 eligendum.

385 1916 417 1951 Si
457 1929 518 1964 qua
550 1918 645 1963 igitur
688 1917 718 1952 in
750 1917 889 1951 futurum
921 1917 1146 1963 ecclesiastica⁴

384 1967 589 2001 saecularisve
616 1978 761 2013 persona,
795 1966 876 2001 hane
906 1970 1029 2001 nostrae
1051 1979 1127 2001 eon-

383 2016 554 2050 stitutionis
581 2016 726 2063 paginam
762 2016 882 2057 sciens,
918 2023 1025 2050 contra
1060 2028 1126 2050 eam

384 2074 500 2100 temere
522 2066 628 2100 venire
647 2065 821 2109 tentaverit,
842 2065 983 2100 secundo
1000 2066 1128 2100 tertiove

384 2115 594 2154 commonita,
621 2115 646 2149 si
675 2126 736 2149 non
759 2114 968 2149 satisfactione
990 2126 1127 2161 congrua

383 2164 612 2205 emendaverit,
652 2164 812 2211 potestatis
852 2163 1044 2210 honorisque
1081 2165 1127 2198 sui

382 2212 533 2259 dignitate
547 2221 661 2257 careat,
684 2225 830 2260 reamque
845 2226 877 2247 se
892 2213 998 2247 divino
1013 2213 1128 2247 iudicio

383 2263 516 2297 existere
542 2262 580 2297 de
608 2270 782 2310 perpetrata
816 2262 979 2309 iniquitate
1007 2274 1129 2308 eogno-

383 2320 445 2346 scat
460 2321 490 2346 et
505 2324 519 2345 a
534 2312 744 2346 saeratissimo
759 2311 899 2358 Corpore
915 2324 949 2346 ae
966 2310 1128 2357 Sanguine

383 2360 439 2394 Dei
462 2368 491 2395 et
518 2361 644 2395 Domini
673 2361 894 2407 Redemptoris
928 2361 1023 2395 nostri
1058 2360 1126 2395 lesu

383 2408 498 2443 Christi
522 2410 622 2445 aliena
645 2410 708 2450 siat,
736 2419 826 2456 atque
850 2410 879 2444 in
902 2418 1041 2444 extremo
1060 2421 1129 2444 exa-

383 2459 466 2492 mine
487 2459 644 2494 districtae
667 2459 777 2493 ultioni
800 2459 972 2493 subiaceat.
998 2458 1129 2493 Cunctis

382 2514 485 2541 autem
509 2507 608 2542 eidem
627 2508 694 2542 loco
710 2508 788 2542 iusta
806 2508 1002 2542 servantibus
1016 2508 1055 2541 sit
1071 2520 1129 2554 pax

383 2554 509 2590 Domini
534 2557 629 2590 nostri
658 2557 727 2591 Iesu
750 2556 886 2598 Christi,
917 2565 1073 2604 quatenus
1100 2564 1129 2591 et

686 2624 722 2657 (n.
742 2623 780 2658 τ.)

417 2621 456 2659 (l)
473 2622 590 2649 Forsitan
609 2630 646 2648 xi.

1231 833 1299 879 Ego
1331 834 1430 869 lateas
1465 835 1626 883 presbyter
1662 836 1745 871 card.
1776 837 1819 872 tit.
1849 838 1930 873 San-

1182 895 1303 921 ctorum
1326 887 1474 922 iohannis
1497 897 1527 923 et
1553 888 1642 924 Pauli
1666 902 1708 924 ss.

1230 941 1295 988 Ego
1322 941 1495 989 Gregorius
1521 942 1600 978 diae.
1625 943 1710 978 eard.
1738 944 1928 981 Sanctorum

1179 995 1280 1038 Sergii
1308 1004 1337 1030 et
1361 995 1476 1030 Bacchi
1504 1009 1546 1031 ss.

1228 1049 1296 1095 Ego
1318 1049 1423 1084 Guido
1437 1049 1516 1084 (liae.
1531 1051 1615 1085 card.
1637 1049 1824 1086 Sanctorum
1849 1051 1929 1087 Cos-

1180 1114 1247 1136 mae
1274 1110 1304 1136 et
1329 1103 1473 1137 Damiani
1501 1116 1543 1138 ss.

1226 1155 1340 1190 Datum
1375 1156 1498 1191 Brixiae
1533 1169 1587 1203 per
1614 1170 1741 1191 manum
1766 1158 1924 1207 Aymerici

1176 1218 1301 1244 sanetae
1330 1210 1365 1245 R.
1389 1209 1425 1244 E.
1455 1211 1533 1245 «liae.
1558 1210 1642 1245 card.
1671 1219 1702 1245 et
1736 1212 1925 1255 cancellarii,

1177 1275 1210 1297 tv
1236 1263 1307 1298 idus
1334 1264 1469 1309 augusti,
1504 1263 1675 1298 indictione
1703 1278 1750 1305 xi,
1779 1265 1926 1302 incarna-

1176 1317 1268 1352 tionis
1294 1317 1471 1352 dominicae
1493 1330 1575 1352 anno
1602 1330 1762 1359 ucxxxnr,
1797 1322 1925 1367 pontili-

1175 1372 1922 1420 catusauteml).innocentiiPapaesecundiflv:

1212 1429 1273 1459 Dat.
1296 1430 1342 1459 die
1369 1430 1403 1460 lO
1420 1430 1538 1467 augusti
1562 1439 1637 1459 aimo
1660 1430 1774 1461 Domini
1798 1431 1884 1469 1133,

1428 1475 1529 1513 pontif.
1552 1484 1628 1504 anno
1645 1484 1670 1504 v.

1498 1640 1597 1676 XXlI.

1174 1717 1329 1751 Concessio
1347 1718 1582 1762 privileqiorttm
1603 1718 1790 1751 monialibus
1812 1729 1921 1752 inona-

1218 1773 1303 1805 sterii
1314 1773 1348 1804 S.
1365 1773 1463 1805 Iuliae
1480 1772 1623 1805 Rrizien.
1642 1772 1782 1805 dioecesis
1800 1773 1918 1805 ordinis

1220 1826 1418 1863 cassinensis,
1453 1826 1538 1859 citius
1570 1827 1649 1859 bona
1677 1826 1784 1866 omnia
1814 1827 1923 1871 confir-

1220 1887 1343 1913 mantur
1365 1882 1418 1922 (l).

1437 1956 1650 1988 SttititAttttul

1170 2024 1356 2054 Prooeminm.
1374 2038 1413 2046 -ε
1430 2023 1596 2053 Monasterii
1612 2023 1686 2053 bona
1707 2027 1919 2053 enumerantur

1209 2073 1237 2098 et
1258 2070 1488 2105 contu-mantum
1509 2085 1548 2090 —
1569 2067 1703 2106 illudque
1735 2067 1920 2106 Apostolicae

1210 2113 1277 2143 Setli
1297 2113 1463 2142 subiectum
1487 2112 1548 2142 sore
1571 2111 1746 2148 declaratum
1763 2128 1802 2133 —-
1819 2111 1852 2140 Et
1868 2111 1920 2141 ab-

1208 2157 1336 2187 batissae
1356 2157 1527 2186 electionem
1542 2157 1575 2185 atl
1593 2156 1671 2185 solas
1688 2156 1830 2185 moniales
1851 2165 1917 2194 spe-

1209 2207 1285 2231 utare
1305 2201 1483 2235 decernitur:
1504 2217 1543 2222 —
1564 2199 1616 2229 Cui
1648 2199 1838 2229 construendi
1863 2209 1914 2229 ee-

1209 2247 1314 2275 clesias
1353 2250 1380 2275 et
1419 2245 1538 2274 castella
1576 2244 1605 2273 in
1638 2244 1710 2273 loeis
1749 2244 1919 2273 monasterii

1209 2291 1374 2320 facultatem
1398 2290 1540 2319 concedit.
1567 2305 1606 2311 —·
1630 2287 1705 2317 lllud
1733 2288 1859 2318 liberum
1883 2287 1919 2317 ab
1938 2287 1946 2296 ⁸

1209 2336 1287 2364 omni
1310 2335 1429 2364 omnino
1459 2333 1643 2363 subiectione
1674 2332 1848 2362 declaratur.
1880 2348 1920 2354 —-

1208 2380 1294 2410 Sacra
1312 2390 1325 2409 a
1342 2379 1521 2419 quolibuerit
1538 2378 1678 2417 episcopo
1694 2376 1854 2416 reeipiendi
1872 2376 1917 2406 ius

1209 2424 1356 2462 elargitur.
1381 2440 1420 2445 —
1453 2422 1561 2453 Solitae
1588 2421 1749 2451 clausulae.
1771 2437 1810 2442 —
1832 2420 1919 2450 Inno-

1209 2469 1296 2498 centii
1313 2468 1366 2497 ΡΙ).
1385 2472 1412 2498 et
1431 2467 1459 2497 S.
1481 2467 1512 2496 tt.
1529 2467 1605 2497 Ecel.
1628 2465 1823 2496 cardinalium
1848 2464 1918 2494 sub-

1209 2512 1395 2552 scriptiones.

1205 2578 1244 2613 (t)
1261 2578 1299 2604 Ex
1314 2577 1416 2604 archiV.
1435 2575 1585 2604 monasterii
1603 2575 1681 2602 huius
1706 2573 1787 2601 edidit
1810 2574 1916 2610 Marga-

1171 2622 1253 2654 rinus,
1270 2622 1367 2649 Bullar.
1385 2621 1533 2653 Cassinen.,
1546 2628 1602 2655 par.
1620 2627 1650 2646 n.
