2180 3205
192 204 242 233 Au.
260 203 288 232 C.
307 205 375 232 ¹¹76

236 2392 354 2414 Exordium.

440 193 508 227 794

435 258 501 304 Ego
531 256 674 291 Vitellius
705 253 863 301 presbyter
888 251 1054 288 cardinalis
1081 249 1125 284 tit.

386 306 493 343 Sancti
518 305 602 340 Petri
629 305 667 339 ad
693 303 836 339 Vincula.

434 356 501 401 Ego
522 355 605 389 Boso
628 353 730 402 presb.
750 352 834 387 card.
856 351 890 387 S.
915 349 1127 386 Pudentianae

385 406 432 440 tit.
460 404 608 439 Pastoris.

434 454 503 500 Ego
524 453 656 488 Ioannes
679 452 782 500 presb.
807 450 890 487 card.
918 450 951 485 S.
979 448 1108 502 Marci..

434 503 502 549 Ego
523 503 705 538 Tlieodinus
727 501 830 550 presb.
853 500 937 536 card.
959 499 993 534 S.
1016 498 1127 533 Vitatis

386 553 433 587 tit.
460 552 618 588 Vestinac.

435 602 503 649 Ego
524 602 705 637 Manl'redus
727 601 888 649 presbyter
903 597 1067 634 cardinalis
1083 597 1126 631 tit.

386 651 520 687 Sanctae
544 651 707 686 Caeciliae.

436 701 502 748 Ego
523 701 636 736 Petrus
670 701 775 749 presb.
802 699 887 736 card.
922 698 969 733 tit.
997 696 1129 732 Sanctae

386 750 560 786 Susannae.

395 822 398 825 -
435 800 503 847 Ego
524 800 660 835 iacintus
681 799 760 835 diac.
787 799 870 835 card.
894 797 927 833 S.
954 796 1070 832 Mariae
1098 795 1129 829 in

386 850 568 886 Cosmedin.

436 900 503 946 Ego
525 899 649 935 Cintius
670 899 750 934 diac.
776 898 861 933 card.
883 897 918 932 S.
941 895 1080 930 Adriani.

435 950 502 996 Ego
529 949 598 996 Ugo
624 949 707 984 card.
734 948 839 984 Sancti
862 946 1022 982 Eustachii
1047 946 1130 979 iuxta

388 1000 539 1046 templum
559 1000 725 1046 Agrippae.

436 1049 504 1096 Ego
530 1048 690 1083 Laborans
711 1048 790 1083 diac.
813 1046 978 1082 cardinalis
996 1045 1131 1080 Sanctae

388 1099 502 1134 Mariae
524 1098 554 1132 in
581 1098 719 1133 Porticn.

437 1148 503 1195 Ego
523 1148 699 1195 Rayuerius
730 1147 810 1182 diac.
833 1145 999 1182 cardinalis
1026 1142 1131 1179 Sancti

389 1197 516 1244 Georgii
542 1198 580 1232 ad
601 1197 712 1232 Velum
737 1199 888 1232 Aureum.

438 1248 551 1282 Datum
578 1248 738 1293 Anagniae
762 1259 816 1293 per
843 1257 967 1280 manum
991 1243 1132 1279 Gratiani

390 1297 423 1332 S.
447 1297 485 1332 R.
508 1297 545 1331 E.
574 1297 757 1331 subdiaconi
785 1305 815 1331 et
838 1295 962 1334 notarii,
988 1306 1043 1328 xvl
1071 1293 1132 1327 kal.

391 1347 468 1386 iulii,
496 1347 605 1381 indict.
628 1359 672 1387 lx,
694 1359 777 1381 anno
799 1346 883 1380 dom.
912 1343 1133 1379 incarnationis

389 1408 543 1437 nctxxvl,
566 1397 762 1443 pontificatus
795 1408 867 1431 vero
895 1395 935 1430 D.
964 1392 1131 1428 Alexandri

390 1446 493 1494 Papae
513 1446 556 1480 111
585 1458 668 1481 anno
691 1458 770 1480 xvrr.

449 1503 511 1534 Dat.
533 1504 580 1535 die
603 1504 639 1534 16
661 1503 734 1533 iunii
757 1513 832 1533 anno
854 1502 969 1532 Domini
989 1501 1074 1538 ‘tt-io,

620 1547 722 1588 pontif.
744 1557 820 1578 anuo
844 1556 912 1577 xvu.

682 1661 844 1698 LXXXV.

393 1728 510 1762 Podi'us
536 1727 678 1760 Bonitius
695 1753 702 1765 ‚
739 1727 773 1759 in
799 1726 926 1759 dioecesi
958 1724 1137 1757 Florentino

404 1779 530 1823 positus,
553 1777 733 1811 Senensibus
753 1776 841 1821 episc.
864 1776 1065 1809 atliurlicatw·
1082 1775 1137 1817 (t).

664 1845 876 1876 SUMMARtU-tl

396 1899 563 1930 Exordium.
589 1916 628 1921 —
655 1898 763 1928 Podius
793 1897 925 1928 Bonitius
956 1897 1139 1928 Senensibus

437 1940 582 1980 episcopis
595 1939 798 1969 adjudicatur:
812 1956 852 1961 —-
866 1938 937 1968 Cum
953 1938 1140 1976 derogatione

438 1980 654 2010 constitutionis
672 1978 810 2009 Hadriani
833 1978 937 2018 Papae,
965 1979 1000 2008 de
1029 1988 1085 2017 qna
1110 1979 1140 2007 in

436 2025 514 2050 nota.
531 2037 570 2042 —
587 2019 738 2049 Decretum
763 2019 994 2049 confirmationis
1017 2018 1141 2048 huiusce

437 2060 644 2090 concessionis.
674 2076 714 2082 —
742 2059 849 2090 Solitae
872 2059 1085 2089 conclusiones
1103 2075 1143 2080 —

437 2101 591 2130 Alexandri
610 2100 663 2129 FP.
679 2104 707 2129 et
729 2098 758 2130 S.
785 2099 818 2129 R.
844 2099 920 2129 Eccl.
948 2099 1140 2129 cardinalium

439 2140 678 2180 subscriptiones.

400 2197 529 2228 Alexander
550 2197 668 2236 episcopus
685 2206 762 2227 servus
782 2206 898 2227 serrorum
915 2196 966 2235 Dei,
989 2196 1074 2226 dilecto
1095 2196 1143 2226 tilio

440 2240 578 2267 Gunteranio
613 2238 697 2268 Senen.
729 2238 812 2276 electo,
848 2238 942 2276 eiusque
977 2237 1144 2267 successoribus

440 2279 549 2309 canonice
565 2277 739 2317 substituendis,
764 2279 786 2308 in
808 2282 951 2318 perpetuum.

449 2337 618 2372 Communi
646 2346 676 2372 et
702 2336 829 2384 speciali
856 2336 961 2371 debito
987 2335 1049 2370 tuis
1083 2347 1145 2370 co-

401 2387 506 2434 gimur
527 2386 732 2435 petitionibus
752 2385 1018 2430 condescendere,
1044 2393 1074 2420 et
1097 2384 1146 2419 es-

437 2453 476 2488 (t)
496 2453 586 2480 Simile
611 2453 724 2489 diploma
743 2452 826 2480 edidit
850 2451 997 2478 Hadrianus
1018 2451 1051 2477 tv
1077 2458 1145 2477 anno

404 2490 481 2520 ¹155,
497 2489 620 2525 quamvis
638 2489 756 2524 sequenti
781 2496 849 2515 anno
865 2487 1022 2514 contrariam
1039 2487 1146 2513 omnino

403 2524 492 2551 Const.
517 2524 636 2556 ediderit,
662 2528 741 2559 prout
765 2527 868 2550 constat
892 2531 925 2550 ex
944 2523 1063 2557 sequenti
1082 2530 1147 2548 con-

403 2563 488 2586 textu.
506 2560 544 2586 Ex
561 2560 689 2586 tabulario
703 2559 831 2587 Ecclesiae
845 2559 923 2586 huius
938 2558 1021 2586 edidit
1031 2557 1144 2593 Ughell.,

404 2595 460 2622 Ital.
478 2596 548 2628 Suc„
569 2598 631 2622 tom.
649 2603 690 2622 ιιι.

958 195 1146 220 BULLAntUM
1172 193 1333 216 ROMANUM

1169 247 1282 282 sectum
1317 258 1489 293 congruum
1518 246 1691 294 indulgere,
1724 247 1832 294 utqui
1859 254 1908 282 te-

1168 309 1279 331 nemur
1305 296 1466 331 universos
1500 296 1531 330 in
1561 297 1628 331 suis
1649 296 1736 331 iustis
1770 297 1908 342 postula-

1168 345 1307 381 tionibus
1332 344 1490 389 exaudire,
1513 353 1597 381 tanto
1618 344 1672 379 tibi
1695 346 1829 392 amplius
1854 347 1908 380 ri·-

1168 396 1297 430 deamur
1318 407 1386 429 esse
1415 394 1551 442 propitii,
1578 402 1693 441 quanto
1727 403 1757 429 te
1787 404 1818 429 et
1843 395 1908 430 Ec-

1168 445 1291 480 clesiam
1320 444 1374 478 tibi
1395 444 1593 479 commissam
1620 443 1837 479 abundantiori
1859 446 1908 479 di-

1169 494 1292 540 ligimus
1329 493 1488 528 charitate.
1523 493 1712 540 Eapropter,
1739 493 1851 529 dilecte
1877 495 1907 529 in

1169 544 1304 578 Domino
1331 543 1392 584 fili,
1431 543 1491 577 tuis
1525 543 1613 577 iustis
1647 543 1908 590 postulationibus

1169 602 1256 637 grato
1278 601 1500 628 concurrentes
1522 604 1662 634 assensu,
1684 592 1846 628 ecclesiam
1876 594 1906 628 in

1168 642 1273 677 Monte
1299 642 1407 676 Bonizi
1428 654 1445 676 a
1468 641 1497 676 b.
1521 654 1563 676 m.
1589 641 1745 689 Raynerio
1772 643 1910 690 praede-

1170 704 1293 727 cessore
1314 699 1378 731 tuo,
1403 692 1432 725 in
1460 691 1557 726 fundo
1582 691 1734 736 videlicet,
1761 704 1855 739 quem
1879 692 1908 727 b.

1172 754 1212 776 m.
1235 753 1340 776 comes
1371 739 1476 775 Guido
1505 741 1660 776 concessit
1693 741 1783 776 beato
1804 741 1911 787 Petro,

1170 799 1200 825 et
1220 791 1286 838 piae
1302 790 1421 826 record.
1439 790 1668 837 praedecessori
1683 799 1788 826 nostro
1802 791 1914 826 Adria-

1172 853 1211 874 no
1231 841 1344 888 Papae,
1366 840 1405 875 de
1426 840 1524 887 ipsius
1547 839 1794 886 praedecessoris
1813 841 1911 876 nostri

1171 894 1351 939 auctoritate
1384 897 1415 924 et
1444 889 1645 924 concessione
1681 898 1912 932 constructam,

1171 939 1210 973 de
1231 939 1390 974 communi
1422 939 1552 973 consilio
1582 938 1709 974 fratrum
1735 947 1913 975 nostrorum

1172 988 1226 1022 tibi
1249 997 1279 1023 et
1301 989 1362 1023 tuis
1393 988 1627 1023 successoribus
1659 989 1862 1024 concedimus
1883 997 1914 1024 et

1172 1038 1412 1080 confirmamus,
1439 1037 1548 1072 dantes
1565 1038 1652 1072 vobis
1668 1038 1796 1074 liberam
1820 1038 1915 1074 facul-

1173 1095 1284 1129 tatem,
1323 1088 1405 1122 sicut
1430 1087 1512 1122 idem
1551 1087 1774 1134 praedecessor
1807 1096 1915 1123 noster

1173 1137 1297 1172 dedisse
1334 1137 1540 1184 dignoscitur,
1571 1137 1714 1173 eamdem
1738 1137 1913 1173 Ecclesiam

1173 1187 1239 1222 sine
1260 1187 1506 1222 contradictione
1528 1187 1665 1233 qualibet
1690 1187 1913 1233 consecrandi,

1173 1244 1204 1270 et
1228 1237 1257 1270 in
1285 1248 1320 1271 ea
1347 1237 1478 1271 clericos
1499 1236 1583 1271 iuxta
1604 1245 1724 1272 restrae
1747 1238 1914 1272 voluntatis

1173 1286 1334 1321 arbitrium
1373 1286 1509 1333 ponendi
1542 1293 1573 1321 et
1601 1286 1697 1321 libere
1729 1287 1912 1322 ordinandi:

1176 1348 1236 1370 uon
1258 1336 1400 1370 obstante
1421 1335 1619 1376 retractione,
1640 1349 1736 1384 quam
1759 1336 1914 1384 praefatus

1176 1385 1396 1432 praedecessor
1425 1394 1530 1420 noster
1555 1398 1649 1433 super
1680 1386 1757 1428 hoc,
1791 1386 1849 1421 levi
1884 1395 1915 1421 et

1176 1448 1254 1470 vano
1288 1447 1392 1470 errore
1423 1435 1558 1476 ductus,
1596 1447 1630 1470 ea
1665 1435 1915 1471 consideratione

1177 1484 1285 1519 fecisse
1311 1484 1516 1531 dignoscitur,
1533 1485 1618 1531 quod
1637 1485 1724 1520 locus
1746 1486 1776 1520 in
1799 1486 1917 1533 episco-

1177 1542 1248 1580 patu
1270 1533 1452 1569 Florentino
1470 1535 1629 1576 consistit;
1655 1547 1726 1570 cum
1749 1535 1780 1569 iu
1814 1535 1917 1583 privi—

1177 1584 1257 1630 legio
1284 1584 1383 1631 ipsius
1415 1583 1664 1631 praedecessoris
1693 1585 1790 1620 nostri
1813 1585 1918 1620 conti-

1178 1642 1287 1668 neatur
1324 1633 1455 1668 fundum
1491 1634 1593 1681 ipsum
1619 1646 1637 1669 a
1664 1642 1834 1670 memorato
1861 1647 1918 1670 co-

1179 1683 1252 1717 mite
1275 1695 1366 1730 supra
1393 1683 1489 1718 fuisse
1515 1695 1717 1725 concessum,
1751 1692 1783 1719 et
1802 1684 1842 1719 ab
1863 1696 1918 1719 eo-

1178 1733 1249 1767 dem
1276 1732 1515 1779 praedecessore
1541 1742 1646 1768 nostro
1679 1734 1718 1768 ad
1745 1733 1918 1769 Ecclesiam

1181 1782 1220 1816 ibi
1243 1782 1486 1817 conservandam
1509 1783 1569 1818 sub
1589 1795 1694 1818 annuo
1711 1795 1806 1818 censu
1826 1784 1920 1819 unius

1180 1831 1304 1866 bizantii
1331 1839 1384 1866 tuo
1411 1831 1644 1880 praedecessori
1664 1833 1822 1868 collatum.
1844 1833 1919 1868 Sta-

1181 1882 1298 1916 tuimus
1319 1889 1435 1925 autem,
1462 1882 1543 1917 sicut
1559 1882 1714 1929 praefatus
1737 1883 1920 1930 praedeces-

1181 1944 1233 1966 sor
1259 1939 1364 1966 noster
1386 1940 1524 1966 noscitur
1544 1932 1698 1977 statuisse,
1719 1940 1753 1967 ut
1773 1933 1920 1980 quicum-

1181 1993 1241 2028 que
1255 1981 1293 2016 de
1316 1989 1366 2015 tua
1389 1980 1524 2016 dioecesi
1538 1982 1576 2016 ad
1592 1981 1695 2016 locum
1717 1982 1802 2016 illurn
1817 1990 1921 2017 trans-

1183 2031 1286 2075 ierint,
1309 2031 1339 2064 in
1361 2031 1507 2065 omnibus
1527 2031 1744 2079 spiritualibus
1769 2031 1824 2066 tibi
1851 2040 1921 2067 tan-

1184 2089 1248 2115 tum
1275 2089 1305 2115 et
1330 2080 1564 2116 successorihus
1592 2081 1654 2116 tuis
1687 2081 1821 2117 debeant
1852 2094 1922 2117 res-

1184 2129 1340 2177 pondere,
1367 2138 1397 2164 et
1423 2143 1478 2165 vos
1503 2130 1668 2176 eamdem,
1694 2143 1787 2178 quam
1823 2132 1921 2179 prius,

1184 2179 1322 2215 babeatis
1345 2180 1374 2214 in
1399 2179 1445 2215 eis
1470 2180 1599 2215 omnino
1621 2189 1816 2228 potestatem.
1838 2180 1923 2217 Cae-

1183 2237 1282 2264 terum
1311 2229 1348 2264 ad
1375 2229 1468 2264 huius
1494 2239 1618 2265 nostrae
1651 2230 1865 2266 concessionis
1892 2239 1922 2267 et

1184 2279 1430 2314 confirmationis
1452 2279 1601 2314 indicium
1623 2293 1722 2315 uuum
1754 2281 1922 2316 bizantium

1185 2329 1276 2364 nobis
1297 2330 1474 2376 nostrisque
1492 2329 1725 2364 successoribus
1745 2330 1836 2365 annis
1857 2331 1924 2365 sin-

1185 2379 1267 2425 gulis
1302 2378 1494 2426 persolvetis.
1534 2378 1738 2414 Decernimus
1769 2392 1860 2426 ergo,
1890 2389 1925 2415 ut

1186 2427 1262 2462 nulli
1293 2429 1422 2463 omnino
1450 2429 1611 2463 hominum
1640 2429 1730 2464 liceat
1763 2429 1844 2465 hanc
1862 2442 1925 2478 pa·-

1185 2478 1289 2525 ginam
1311 2485 1434 2513 nostrae
1461 2478 1673 2513 concessionis
1701 2486 1732 2514 et
1758 2480 1925 2514 confirma-

1188 2528 1474 2574 tionisint'ringere,
1500 2528 1547 2562 vel
1568 2528 1597 2563 ei
1622 2528 1818 2576 aliquatenus
1848 2541 1925 2563 con-

1188 2578 1289 2613 traire.
1317 2577 1425 2625 Siqua
1449 2577 1587 2625 igiturin
1616 2577 1753 2613 futurum
1780 2578 1926 2613 ecclcsia-

1921 191 1970 218 An.
1988 190 2017 217 C.
2033 191 2099 218 ¹176

1934 506 2010 527 Pedius
2040 505 2106 526 Boni-

1922 540 1962 559 tius
1973 537 2104 558 Senensibus

1922 569 2028 596 episcopis
2042 569 2106 589 adiu-

1922 602 2016 621 dicatur:

1940 1343 1990 1364 Cum
2020 1343 2111 1364 ‹tero-:a-

1928 1375 1986 1395 tione
2005 1375 2111 1394 constitu-

1929 1407 1992 1427 tionis
2013 1404 2110 1425 {ludi-iuni

1928 1437 2005 1464 Papae.

1951 2397 2062 2419 Decretum
2071 2402 2121 2417 con-

1939 2429 2061 2450 firmationis
2080 2429 2121 2448 tiu-

1937 2461 1995 2481 iusre
2029 2465 2121 2480 conces·

1938 2491 2012 2511 aionis.
