<?xml version="1.0" encoding="UTF-8"?>
<!DOCTYPE html PUBLIC "-//W3C//DTD XHTML 1.0 Transitional//EN"
    "http://www.w3.org/TR/xhtml1/DTD/xhtml1-transitional.dtd">
<html xmlns="http://www.w3.org/1999/xhtml" xml:lang="en" lang="en">
 <head>
  <title>
</title>
<meta http-equiv="Content-Type" content="text/html;charset=utf-8" />
  <meta name='ocr-system' content='tesseract 3.04.00' />
  <meta name='ocr-capabilities' content='ocr_page ocr_carea ocr_par ocr_line ocrx_word'/>
</head>
<body>
  <div class='ocr_page' id='page_1' title='image "./bullarumdiplomat02cath_0232.png"; bbox 0 0 2180 3205; ppageno 0'>
   <div class='ocr_carea' id='block_1_1' title="bbox 170 290 352 320">
    <p class='ocr_par' dir='ltr' id='par_1_1' title="bbox 170 290 352 320">
     <span class='ocr_line' id='line_1_1' title="bbox 170 290 352 320; baseline -0.005 -1"><span class='ocrx_word' id='word_1_1' title='bbox 170 291 218 320; x_wconf 77' lang='lat' dir='ltr'>An.</span> <span class='ocrx_word' id='word_1_2' title='bbox 236 291 264 319; x_wconf 93' lang='lat' dir='ltr'>C.</span> <span class='ocrx_word' id='word_1_3' title='bbox 287 290 352 319; x_wconf 83' lang='lat'>1101</span> 
     </span>
    </p>
   </div>
   <div class='ocr_carea' id='block_1_2' title="bbox 164 1624 350 1678">
    <p class='ocr_par' dir='ltr' id='par_1_2' title="bbox 164 1624 350 1678">
     <span class='ocr_line' id='line_1_2' title="bbox 178 1624 350 1650; baseline 0.006 -6"><span class='ocrx_word' id='word_1_4' title='bbox 178 1624 276 1650; x_wconf 75' lang='lat' dir='ltr'>Episcopi</span> <span class='ocrx_word' id='word_1_5' title='bbox 292 1625 350 1645; x_wconf 86' lang='lat' dir='ltr'>inno-</span> 
     </span>
     <span class='ocr_line' id='line_1_3' title="bbox 164 1651 349 1678; baseline 0 -6"><span class='ocrx_word' id='word_1_6' title='bbox 164 1651 235 1672; x_wconf 78' lang='lat' dir='ltr'>centia</span> <span class='ocrx_word' id='word_1_7' title='bbox 252 1651 349 1678; x_wconf 78' lang='lat' dir='ltr'>probata:</span> 
     </span>
    </p>
   </div>
   <div class='ocr_carea' id='block_1_3' title="bbox 430 271 503 304">
    <p class='ocr_par' dir='ltr' id='par_1_3' title="bbox 430 271 503 304">
     <span class='ocr_line' id='line_1_4' title="bbox 430 271 503 304; baseline 0.014 -1"><span class='ocrx_word' id='word_1_8' title='bbox 430 271 503 304; x_wconf 69' lang='lat' dir='ltr'>‘zi-t</span> 
     </span>
    </p>
   </div>
   <div class='ocr_carea' id='block_1_4' title="bbox 976 276 1354 302">
    <p class='ocr_par' dir='ltr' id='par_1_4' title="bbox 976 276 1354 302">
     <span class='ocr_line' id='line_1_5' title="bbox 976 276 1354 302; baseline -0.003 -1"><span class='ocrx_word' id='word_1_9' title='bbox 976 276 1165 302; x_wconf 62' lang='lat' dir='ltr'>conanimi</span> <span class='ocrx_word' id='word_1_10' title='bbox 1193 277 1260 299; x_wconf 74' lang='lat' dir='ltr'>nm!</span> <span class='ocrx_word' id='word_1_11' title='bbox 1266 277 1354 300; x_wconf 57' lang='lat' dir='ltr'>xxm!</span> 
     </span>
    </p>
   </div>
   <div class='ocr_carea' id='block_1_5' title="bbox 382 329 1917 381">
    <p class='ocr_par' dir='ltr' id='par_1_5' title="bbox 382 329 1917 381">
     <span class='ocr_line' id='line_1_6' title="bbox 382 329 1917 381; baseline -0.001 -12"><span class='ocrx_word' id='word_1_12' title='bbox 382 335 486 381; x_wconf 64' lang='lat' dir='ltr'>&#39;osuit</span> <span class='ocrx_word' id='word_1_13' title='bbox 508 333 658 368; x_wconf 55' lang='lat' dir='ltr'>adsersus</span> <span class='ocrx_word' id='word_1_14' title='bbox 691 331 853 367; x_wconf 77' lang='lat' dir='ltr'>Ecclesiae</span> <span class='ocrx_word' id='word_1_15' title='bbox 881 339 1001 366; x_wconf 87' lang='lat' dir='ltr'>vestrae</span> <span class='ocrx_word' id='word_1_16' title='bbox 1027 331 1131 366; x_wconf 83' lang='lat' dir='ltr'>archi-</span> <span class='ocrx_word' id='word_1_17' title='bbox 1174 331 1332 371; x_wconf 87' lang='lat' dir='ltr'>nituntur;</span> <span class='ocrx_word' id='word_1_18' title='bbox 1360 331 1433 365; x_wconf 87' lang='lat' dir='ltr'>item</span> <span class='ocrx_word' id='word_1_19' title='bbox 1455 329 1606 377; x_wconf 76' lang='lat' dir='ltr'>Stephani</span> <span class='ocrx_word' id='word_1_20' title='bbox 1633 330 1754 379; x_wconf 87' lang='lat' dir='ltr'>Papae:</span> <span class='ocrx_word' id='word_1_21' title='bbox 1782 331 1830 368; x_wconf 86' lang='lat' dir='ltr'>Dc</span> <span class='ocrx_word' id='word_1_22' title='bbox 1855 332 1917 378; x_wconf 86' lang='lat' dir='ltr'>his,</span> 
     </span>
    </p>
   </div>
   <div class='ocr_carea' id='block_1_6' title="bbox 373 381 1131 2641">
    <p class='ocr_par' dir='ltr' id='par_1_6' title="bbox 373 381 1131 2641">
     <span class='ocr_line' id='line_1_7' title="bbox 381 381 1131 421; baseline -0.003 -4"><span class='ocrx_word' id='word_1_23' title='bbox 381 384 563 421; x_wconf 80' lang='lat' dir='ltr'>diaconum</span> <span class='ocrx_word' id='word_1_24' title='bbox 590 390 619 416; x_wconf 90' lang='lat' dir='ltr'>et</span> <span class='ocrx_word' id='word_1_25' title='bbox 643 383 710 416; x_wconf 89' lang='lat' dir='ltr'>eius</span> <span class='ocrx_word' id='word_1_26' title='bbox 737 383 852 420; x_wconf 89' lang='lat' dir='ltr'>socios,</span> <span class='ocrx_word' id='word_1_27' title='bbox 880 381 1024 416; x_wconf 84' lang='lat' dir='ltr'>videlicet</span> <span class='ocrx_word' id='word_1_28' title='bbox 1044 381 1131 416; x_wconf 89' lang='lat' dir='ltr'>Ioan-</span> 
     </span>
     <span class='ocr_line' id='line_1_8' title="bbox 381 430 1129 478; baseline -0.003 -12"><span class='ocrx_word' id='word_1_29' title='bbox 381 445 451 466; x_wconf 85' lang='lat' dir='ltr'>nem</span> <span class='ocrx_word' id='word_1_30' title='bbox 476 432 611 478; x_wconf 81' lang='lat' dir='ltr'>priorem</span> <span class='ocrx_word' id='word_1_31' title='bbox 636 432 788 466; x_wconf 87' lang='lat' dir='ltr'>ecclesiae</span> <span class='ocrx_word' id='word_1_32' title='bbox 817 430 924 465; x_wconf 91' lang='lat' dir='ltr'>Sancti</span> <span class='ocrx_word' id='word_1_33' title='bbox 946 430 1129 469; x_wconf 87' lang='lat' dir='ltr'>Laurentii,</span> 
     </span>
     <span class='ocr_line' id='line_1_9' title="bbox 379 479 1130 523; baseline -0.001 -9"><span class='ocrx_word' id='word_1_34' title='bbox 379 489 408 515; x_wconf 88' lang='lat' dir='ltr'>et</span> <span class='ocrx_word' id='word_1_35' title='bbox 426 481 551 515; x_wconf 80' lang='lat' dir='ltr'>Petrum</span> <span class='ocrx_word' id='word_1_36' title='bbox 574 480 608 515; x_wconf 91' lang='lat' dir='ltr'>S.</span> <span class='ocrx_word' id='word_1_37' title='bbox 632 480 716 515; x_wconf 84' lang='lat' dir='ltr'>Petri</span> <span class='ocrx_word' id='word_1_38' title='bbox 739 480 778 514; x_wconf 82' lang='lat' dir='ltr'>de</span> <span class='ocrx_word' id='word_1_39' title='bbox 799 479 963 523; x_wconf 70' lang='lat' dir='ltr'>Scan-adio,</span> <span class='ocrx_word' id='word_1_40' title='bbox 985 487 1016 514; x_wconf 94' lang='lat' dir='ltr'>et</span> <span class='ocrx_word' id='word_1_41' title='bbox 1036 479 1130 514; x_wconf 90' lang='lat' dir='ltr'>Ram-</span> 
     </span>
     <span class='ocr_line' id='line_1_10' title="bbox 379 529 1127 576; baseline 0.001 -13"><span class='ocrx_word' id='word_1_42' title='bbox 379 530 505 564; x_wconf 87' lang='lat' dir='ltr'>baldum</span> <span class='ocrx_word' id='word_1_43' title='bbox 528 530 561 564; x_wconf 87' lang='lat' dir='ltr'>S.</span> <span class='ocrx_word' id='word_1_44' title='bbox 584 529 737 576; x_wconf 85' lang='lat' dir='ltr'>Stephani</span> <span class='ocrx_word' id='word_1_45' title='bbox 762 530 917 576; x_wconf 75' lang='lat' dir='ltr'>priorem,</span> <span class='ocrx_word' id='word_1_46' title='bbox 946 529 1029 575; x_wconf 89' lang='lat' dir='ltr'>quod</span> <span class='ocrx_word' id='word_1_47' title='bbox 1055 540 1127 564; x_wconf 88' lang='lat' dir='ltr'>eum</span> 
     </span>
     <span class='ocr_line' id='line_1_11' title="bbox 378 578 1128 626; baseline 0 -14"><span class='ocrx_word' id='word_1_48' title='bbox 378 580 406 613; x_wconf 93' lang='lat' dir='ltr'>in</span> <span class='ocrx_word' id='word_1_49' title='bbox 432 580 548 626; x_wconf 88' lang='lat' dir='ltr'>populo</span> <span class='ocrx_word' id='word_1_50' title='bbox 576 579 816 613; x_wconf 79' lang='lat' dir='ltr'>criminarentur</span> <span class='ocrx_word' id='word_1_51' title='bbox 843 578 1032 613; x_wconf 81' lang='lat' dir='ltr'>simoniacae</span> <span class='ocrx_word' id='word_1_52' title='bbox 1055 590 1128 624; x_wconf 82' lang='lat' dir='ltr'>pra-</span> 
     </span>
     <span class='ocr_line' id='line_1_12' title="bbox 377 627 1126 675; baseline -0.001 -14"><span class='ocrx_word' id='word_1_53' title='bbox 377 629 488 663; x_wconf 85' lang='lat' dir='ltr'>vitatis.</span> <span class='ocrx_word' id='word_1_54' title='bbox 517 628 623 663; x_wconf 83' lang='lat' dir='ltr'>Missis</span> <span class='ocrx_word' id='word_1_55' title='bbox 646 628 750 675; x_wconf 87' lang='lat' dir='ltr'>itaque</span> <span class='ocrx_word' id='word_1_56' title='bbox 775 628 870 661; x_wconf 89' lang='lat' dir='ltr'>literis</span> <span class='ocrx_word' id='word_1_57' title='bbox 893 627 1017 673; x_wconf 88' lang='lat' dir='ltr'>utrique</span> <span class='ocrx_word' id='word_1_58' title='bbox 1037 627 1126 673; x_wconf 83' lang='lat' dir='ltr'>parti,</span> 
     </span>
     <span class='ocr_line' id='line_1_13' title="bbox 376 675 1125 723; baseline -0.001 -12"><span class='ocrx_word' id='word_1_59' title='bbox 376 679 516 723; x_wconf 77' lang='lat' dir='ltr'>agendae</span> <span class='ocrx_word' id='word_1_60' title='bbox 542 690 653 713; x_wconf 85' lang='lat' dir='ltr'>causae</span> <span class='ocrx_word' id='word_1_61' title='bbox 677 677 844 711; x_wconf 89' lang='lat' dir='ltr'>terminum</span> <span class='ocrx_word' id='word_1_62' title='bbox 862 676 1020 711; x_wconf 84' lang='lat' dir='ltr'>dedimus.</span> <span class='ocrx_word' id='word_1_63' title='bbox 1044 675 1125 710; x_wconf 88' lang='lat' dir='ltr'>Cum</span> 
     </span>
     <span class='ocr_line' id='line_1_14' title="bbox 376 724 1124 780; baseline -0.001 -20"><span class='ocrx_word' id='word_1_64' title='bbox 376 726 405 760; x_wconf 91' lang='lat' dir='ltr'>in</span> <span class='ocrx_word' id='word_1_65' title='bbox 445 727 579 762; x_wconf 86' lang='lat' dir='ltr'>termino</span> <span class='ocrx_word' id='word_1_66' title='bbox 618 727 754 761; x_wconf 88' lang='lat' dir='ltr'>venisset</span> <span class='ocrx_word' id='word_1_67' title='bbox 793 726 974 780; x_wconf 80' lang='lat' dir='ltr'>episcopus,</span> <span class='ocrx_word' id='word_1_68' title='bbox 1013 724 1055 758; x_wconf 86' lang='lat' dir='ltr'>illi</span> <span class='ocrx_word' id='word_1_69' title='bbox 1086 725 1124 759; x_wconf 93' lang='lat' dir='ltr'>ad</span> 
     </span>
     <span class='ocr_line' id='line_1_15' title="bbox 376 776 1125 822; baseline -0.004 -12"><span class='ocrx_word' id='word_1_70' title='bbox 376 777 584 822; x_wconf 87' lang='lat' dir='ltr'>praesentiam</span> <span class='ocrx_word' id='word_1_71' title='bbox 607 785 743 810; x_wconf 89' lang='lat' dir='ltr'>nostram</span> <span class='ocrx_word' id='word_1_72' title='bbox 768 776 900 809; x_wconf 88' lang='lat' dir='ltr'>minime</span> <span class='ocrx_word' id='word_1_73' title='bbox 915 782 1125 817; x_wconf 85' lang='lat' dir='ltr'>accesserunt</span> 
     </span>
     <span class='ocr_line' id='line_1_16' title="bbox 375 823 1126 872; baseline -0.004 -13"><span class='ocrx_word' id='word_1_74' title='bbox 375 833 524 859; x_wconf 83' lang='lat' dir='ltr'>terrorem</span> <span class='ocrx_word' id='word_1_75' title='bbox 548 825 701 872; x_wconf 83' lang='lat' dir='ltr'>captionis</span> <span class='ocrx_word' id='word_1_76' title='bbox 725 825 756 858; x_wconf 89' lang='lat' dir='ltr'>in</span> <span class='ocrx_word' id='word_1_77' title='bbox 780 825 891 858; x_wconf 82' lang='lat' dir='ltr'>itinere</span> <span class='ocrx_word' id='word_1_78' title='bbox 920 823 1126 870; x_wconf 77' lang='lat' dir='ltr'>praetenden-</span> 
     </span>
     <span class='ocr_line' id='line_1_17' title="bbox 376 873 1124 915; baseline -0.001 -7"><span class='ocrx_word' id='word_1_79' title='bbox 376 882 432 908; x_wconf 85' lang='lat' dir='ltr'>tes.</span> <span class='ocrx_word' id='word_1_80' title='bbox 448 874 519 908; x_wconf 64' lang='lat' dir='ltr'>&gt;Nos</span> <span class='ocrx_word' id='word_1_81' title='bbox 538 883 654 915; x_wconf 83' lang='lat' dir='ltr'>autem,</span> <span class='ocrx_word' id='word_1_82' title='bbox 677 883 711 908; x_wconf 87' lang='lat' dir='ltr'>ut</span> <span class='ocrx_word' id='word_1_83' title='bbox 733 874 778 908; x_wconf 88' lang='lat' dir='ltr'>eis</span> <span class='ocrx_word' id='word_1_84' title='bbox 800 873 930 907; x_wconf 80' lang='lat' dir='ltr'>huiusce</span> <span class='ocrx_word' id='word_1_85' title='bbox 948 884 1124 907; x_wconf 83' lang='lat' dir='ltr'>occasionis</span> 
     </span>
     <span class='ocr_line' id='line_1_18' title="bbox 374 922 1124 969; baseline -0.004 -12"><span class='ocrx_word' id='word_1_86' title='bbox 374 923 557 958; x_wconf 67' lang='lat' dir='ltr'>dixerticuta</span> <span class='ocrx_word' id='word_1_87' title='bbox 585 924 778 962; x_wconf 87' lang='lat' dir='ltr'>tolleremus,</span> <span class='ocrx_word' id='word_1_88' title='bbox 808 935 861 969; x_wconf 85' lang='lat' dir='ltr'>per</span> <span class='ocrx_word' id='word_1_89' title='bbox 889 922 1036 956; x_wconf 87' lang='lat' dir='ltr'>eumdem</span> <span class='ocrx_word' id='word_1_90' title='bbox 1060 922 1124 967; x_wconf 86' lang='lat' dir='ltr'>epi-</span> 
     </span>
     <span class='ocr_line' id='line_1_19' title="bbox 376 970 1124 1026; baseline -0.003 -20"><span class='ocrx_word' id='word_1_91' title='bbox 376 984 528 1019; x_wconf 80' lang='lat' dir='ltr'>scopum,</span> <span class='ocrx_word' id='word_1_92' title='bbox 571 981 601 1006; x_wconf 89' lang='lat' dir='ltr'>et</span> <span class='ocrx_word' id='word_1_93' title='bbox 641 984 695 1019; x_wconf 86' lang='lat' dir='ltr'>per</span> <span class='ocrx_word' id='word_1_94' title='bbox 737 972 923 1026; x_wconf 80' lang='lat' dir='ltr'>episcopum</span> <span class='ocrx_word' id='word_1_95' title='bbox 961 970 1124 1004; x_wconf 83' lang='lat' dir='ltr'>Volteira—</span> 
     </span>
     <span class='ocr_line' id='line_1_20' title="bbox 377 1021 1124 1065; baseline -0.003 -10"><span class='ocrx_word' id='word_1_96' title='bbox 377 1034 453 1055; x_wconf 90' lang='lat' dir='ltr'>num</span> <span class='ocrx_word' id='word_1_97' title='bbox 477 1021 625 1056; x_wconf 89' lang='lat' dir='ltr'>ducatum</span> <span class='ocrx_word' id='word_1_98' title='bbox 667 1033 712 1055; x_wconf 82' lang='lat' dir='ltr'>ers</span> <span class='ocrx_word' id='word_1_99' title='bbox 749 1021 878 1055; x_wconf 92' lang='lat' dir='ltr'>omnino</span> <span class='ocrx_word' id='word_1_100' title='bbox 913 1027 1015 1054; x_wconf 90' lang='lat' dir='ltr'>tutum</span> <span class='ocrx_word' id='word_1_101' title='bbox 1058 1031 1124 1065; x_wconf 88' lang='lat' dir='ltr'>pro-</span> 
     </span>
     <span class='ocr_line' id='line_1_21' title="bbox 375 1069 1123 1115; baseline -0.003 -11"><span class='ocrx_word' id='word_1_102' title='bbox 375 1071 479 1104; x_wconf 78' lang='lat' dir='ltr'>videre</span> <span class='ocrx_word' id='word_1_103' title='bbox 501 1071 690 1104; x_wconf 70' lang='lat' dir='ltr'>curatimus.</span> <span class='ocrx_word' id='word_1_104' title='bbox 714 1069 963 1104; x_wconf 73' lang='lat' dir='ltr'>Archidiaconus</span> <span class='ocrx_word' id='word_1_105' title='bbox 981 1069 1123 1115; x_wconf 83' lang='lat' dir='ltr'>quidem,</span> 
     </span>
     <span class='ocr_line' id='line_1_22' title="bbox 374 1118 1123 1166; baseline -0.003 -13"><span class='ocrx_word' id='word_1_106' title='bbox 374 1128 404 1154; x_wconf 89' lang='lat' dir='ltr'>et</span> <span class='ocrx_word' id='word_1_107' title='bbox 430 1119 466 1153; x_wconf 90' lang='grc' dir='ltr'>Β.</span> <span class='ocrx_word' id='word_1_108' title='bbox 491 1119 649 1154; x_wconf 89' lang='lat' dir='ltr'>Laurentii</span> <span class='ocrx_word' id='word_1_109' title='bbox 679 1119 766 1166; x_wconf 90' lang='lat' dir='ltr'>prior</span> <span class='ocrx_word' id='word_1_110' title='bbox 791 1118 831 1153; x_wconf 91' lang='lat' dir='ltr'>ad</span> <span class='ocrx_word' id='word_1_111' title='bbox 860 1126 998 1152; x_wconf 87' lang='lat' dir='ltr'>nostram</span> <span class='ocrx_word' id='word_1_112' title='bbox 1033 1130 1123 1165; x_wconf 88' lang='lat' dir='ltr'>prae-</span> 
     </span>
     <span class='ocr_line' id='line_1_23' title="bbox 373 1167 1123 1209; baseline -0.003 -7"><span class='ocrx_word' id='word_1_113' title='bbox 373 1169 506 1203; x_wconf 90' lang='lat' dir='ltr'>sentiam</span> <span class='ocrx_word' id='word_1_114' title='bbox 545 1176 776 1209; x_wconf 83' lang='lat' dir='ltr'>convenerunt;</span> <span class='ocrx_word' id='word_1_115' title='bbox 815 1168 929 1202; x_wconf 88' lang='lat' dir='ltr'>caeteri</span> <span class='ocrx_word' id='word_1_116' title='bbox 971 1167 1022 1201; x_wconf 90' lang='lat' dir='ltr'>alii</span> <span class='ocrx_word' id='word_1_117' title='bbox 1065 1179 1123 1201; x_wconf 90' lang='lat' dir='ltr'>nec</span> 
     </span>
     <span class='ocr_line' id='line_1_24' title="bbox 375 1216 1123 1265; baseline -0.003 -13"><span class='ocrx_word' id='word_1_118' title='bbox 375 1225 540 1258; x_wconf 79' lang='lat' dir='ltr'>venerunt,</span> <span class='ocrx_word' id='word_1_119' title='bbox 563 1229 621 1252; x_wconf 87' lang='lat' dir='ltr'>nec</span> <span class='ocrx_word' id='word_1_120' title='bbox 649 1229 705 1265; x_wconf 91' lang='lat' dir='ltr'>pro</span> <span class='ocrx_word' id='word_1_121' title='bbox 726 1230 759 1252; x_wconf 89' lang='lat' dir='ltr'>se</span> <span class='ocrx_word' id='word_1_122' title='bbox 789 1217 916 1252; x_wconf 90' lang='lat' dir='ltr'>nuntios</span> <span class='ocrx_word' id='word_1_123' title='bbox 947 1216 1123 1251; x_wconf 86' lang='lat' dir='ltr'>transmise-</span> 
     </span>
     <span class='ocr_line' id='line_1_25' title="bbox 375 1265 1122 1312; baseline -0.001 -11"><span class='ocrx_word' id='word_1_124' title='bbox 375 1275 456 1301; x_wconf 91' lang='lat' dir='ltr'>runt.</span> <span class='ocrx_word' id='word_1_125' title='bbox 480 1267 572 1301; x_wconf 89' lang='lat' dir='ltr'>Tunc</span> <span class='ocrx_word' id='word_1_126' title='bbox 595 1266 812 1312; x_wconf 87' lang='lat' dir='ltr'>praesentibus</span> <span class='ocrx_word' id='word_1_127' title='bbox 834 1267 880 1301; x_wconf 89' lang='lat' dir='ltr'>eis</span> <span class='ocrx_word' id='word_1_128' title='bbox 901 1265 1051 1301; x_wconf 75' lang='lat' dir='ltr'>adtersus</span> <span class='ocrx_word' id='word_1_129' title='bbox 1067 1277 1122 1300; x_wconf 88' lang='lat' dir='ltr'>eos</span> 
     </span>
     <span class='ocr_line' id='line_1_26' title="bbox 373 1315 1122 1369; baseline -0.003 -19"><span class='ocrx_word' id='word_1_130' title='bbox 373 1316 544 1362; x_wconf 84' lang='lat' dir='ltr'>episcopus</span> <span class='ocrx_word' id='word_1_131' title='bbox 575 1324 707 1362; x_wconf 87' lang='lat' dir='ltr'>questus</span> <span class='ocrx_word' id='word_1_132' title='bbox 741 1324 804 1350; x_wconf 87' lang='lat' dir='ltr'>est:</span> <span class='ocrx_word' id='word_1_133' title='bbox 838 1315 922 1362; x_wconf 90' lang='lat' dir='ltr'>quod</span> <span class='ocrx_word' id='word_1_134' title='bbox 957 1328 991 1349; x_wconf 89' lang='lat' dir='ltr'>se</span> <span class='ocrx_word' id='word_1_135' title='bbox 1024 1315 1122 1369; x_wconf 85' lang='lat' dir='ltr'>ipsius</span> 
     </span>
     <span class='ocr_line' id='line_1_27' title="bbox 375 1364 1121 1411; baseline -0.001 -12"><span class='ocrx_word' id='word_1_136' title='bbox 375 1365 586 1406; x_wconf 80' lang='lat' dir='ltr'>obedientiae,</span> <span class='ocrx_word' id='word_1_137' title='bbox 609 1365 887 1411; x_wconf 82' lang='lat' dir='ltr'>communionique</span> <span class='ocrx_word' id='word_1_138' title='bbox 900 1364 994 1399; x_wconf 90' lang='lat' dir='ltr'>subtr·</span> <span class='ocrx_word' id='word_1_139' title='bbox 990 1377 1062 1399; x_wconf 72' lang='lat' dir='ltr'>·titer</span> <span class='ocrx_word' id='word_1_140' title='bbox 1067 1365 1121 1398; x_wconf 86' lang='lat' dir='ltr'>int:</span> 
     </span>
     <span class='ocr_line' id='line_1_28' title="bbox 374 1414 1121 1469; baseline -0.003 -20"><span class='ocrx_word' id='word_1_141' title='bbox 374 1415 488 1469; x_wconf 33' lang='lat' dir='ltr'>qumod</span> <span class='ocrx_word' id='word_1_142' title='bbox 483 1427 586 1461; x_wconf 84' lang='lat' dir='ltr'>ipsum</span> <span class='ocrx_word' id='word_1_143' title='bbox 616 1415 647 1448; x_wconf 89' lang='lat' dir='ltr'>in</span> <span class='ocrx_word' id='word_1_144' title='bbox 676 1414 794 1461; x_wconf 91' lang='lat' dir='ltr'>populo</span> <span class='ocrx_word' id='word_1_145' title='bbox 824 1414 987 1448; x_wconf 81' lang='lat' dir='ltr'>simoniaci</span> <span class='ocrx_word' id='word_1_146' title='bbox 1014 1414 1121 1459; x_wconf 64' lang='lat' dir='ltr'>flagitii</span> 
     </span>
     <span class='ocr_line' id='line_1_29' title="bbox 375 1463 1123 1510; baseline -0.001 -13"><span class='ocrx_word' id='word_1_147' title='bbox 375 1464 530 1497; x_wconf 89' lang='lat' dir='ltr'>criminati</span> <span class='ocrx_word' id='word_1_148' title='bbox 566 1464 643 1497; x_wconf 91' lang='lat' dir='ltr'>sint:</span> <span class='ocrx_word' id='word_1_149' title='bbox 680 1463 763 1510; x_wconf 90' lang='lat' dir='ltr'>quod</span> <span class='ocrx_word' id='word_1_150' title='bbox 798 1463 867 1497; x_wconf 87' lang='lat' dir='ltr'>eius</span> <span class='ocrx_word' id='word_1_151' title='bbox 892 1463 1026 1498; x_wconf 79' lang='lat' dir='ltr'>execrati</span> <span class='ocrx_word' id='word_1_152' title='bbox 1061 1464 1123 1496; x_wconf 92' lang='lat' dir='ltr'>sint</span> 
     </span>
     <span class='ocr_line' id='line_1_30' title="bbox 374 1512 1123 1560; baseline 0 -14"><span class='ocrx_word' id='word_1_153' title='bbox 374 1513 647 1547; x_wconf 73' lang='lat' dir='ltr'>consecrationes:</span> <span class='ocrx_word' id='word_1_154' title='bbox 675 1512 761 1560; x_wconf 88' lang='lat' dir='ltr'>quod</span> <span class='ocrx_word' id='word_1_155' title='bbox 783 1512 932 1547; x_wconf 73' lang='lat' dir='ltr'>adtersus</span> <span class='ocrx_word' id='word_1_156' title='bbox 954 1524 1025 1546; x_wconf 90' lang='lat' dir='ltr'>enm</span> <span class='ocrx_word' id='word_1_157' title='bbox 1052 1524 1123 1546; x_wconf 88' lang='lat' dir='ltr'>con-</span> 
     </span>
     <span class='ocr_line' id='line_1_31' title="bbox 374 1555 1120 1607; baseline -0.001 -10.973"><span class='ocrx_word' id='word_1_158' title='bbox 374 1562 579 1607; x_wconf 69' lang='lat' dir='ltr'>spirationem</span> <span class='ocrx_word' id='word_1_159' title='bbox 628 1562 659 1596; x_wconf 89' lang='lat' dir='ltr'>in</span> <span class='ocrx_word' id='word_1_160' title='bbox 704 1555 933 1596; x_wconf 83' lang='lat' dir='ltr'>conventiculis</span> <span class='ocrx_word' id='word_1_161' title='bbox 979 1561 1120 1595; x_wconf 81' lang='lat' dir='ltr'>fecerim.</span> 
     </span>
     <span class='ocr_line' id='line_1_32' title="bbox 374 1610 1121 1665; baseline -0.001 -20"><span class='ocrx_word' id='word_1_162' title='bbox 374 1610 473 1645; x_wconf 82' lang='lat' dir='ltr'>Porro</span> <span class='ocrx_word' id='word_1_163' title='bbox 506 1611 563 1652; x_wconf 86' lang='lat' dir='ltr'>illi,</span> <span class='ocrx_word' id='word_1_164' title='bbox 592 1611 763 1658; x_wconf 86' lang='lat' dir='ltr'>praemisso</span> <span class='ocrx_word' id='word_1_165' title='bbox 789 1610 982 1645; x_wconf 77' lang='lat' dir='ltr'>tractationis</span> <span class='ocrx_word' id='word_1_166' title='bbox 1006 1611 1121 1665; x_wconf 85' lang='lat' dir='ltr'>spatio,</span> 
     </span>
     <span class='ocr_line' id='line_1_33' title="bbox 374 1660 1123 1707; baseline -0.003 -13"><span class='ocrx_word' id='word_1_167' title='bbox 374 1672 408 1694; x_wconf 90' lang='lat' dir='ltr'>se</span> <span class='ocrx_word' id='word_1_168' title='bbox 443 1668 642 1694; x_wconf 71' lang='lat' dir='ltr'>accusatores</span> <span class='ocrx_word' id='word_1_169' title='bbox 675 1660 831 1707; x_wconf 74' lang='lat' dir='ltr'>episcopi,</span> <span class='ocrx_word' id='word_1_170' title='bbox 868 1667 921 1695; x_wconf 92' lang='lat' dir='ltr'>aut</span> <span class='ocrx_word' id='word_1_171' title='bbox 947 1660 1029 1694; x_wconf 88' lang='lat' dir='ltr'>illius</span> <span class='ocrx_word' id='word_1_172' title='bbox 1053 1660 1123 1694; x_wconf 90' lang='lat' dir='ltr'>cri-</span> 
     </span>
     <span class='ocr_line' id='line_1_34' title="bbox 374 1709 1121 1756; baseline -0.001 -13"><span class='ocrx_word' id='word_1_173' title='bbox 374 1709 467 1744; x_wconf 89' lang='lat' dir='ltr'>minis</span> <span class='ocrx_word' id='word_1_174' title='bbox 515 1710 697 1756; x_wconf 80' lang='lat' dir='ltr'>probatores</span> <span class='ocrx_word' id='word_1_175' title='bbox 743 1709 866 1755; x_wconf 90' lang='lat' dir='ltr'>penitus</span> <span class='ocrx_word' id='word_1_176' title='bbox 909 1717 1121 1754; x_wconf 75' lang='lat' dir='ltr'>negaverunt3</span> 
     </span>
     <span class='ocr_line' id='line_1_35' title="bbox 373 1758 1120 1793; baseline 0 -1"><span class='ocrx_word' id='word_1_177' title='bbox 373 1759 575 1793; x_wconf 77' lang='lat' dir='ltr'>collectiones</span> <span class='ocrx_word' id='word_1_178' title='bbox 608 1759 793 1793; x_wconf 85' lang='lat' dir='ltr'>clericorum</span> <span class='ocrx_word' id='word_1_179' title='bbox 829 1770 885 1792; x_wconf 90' lang='lat' dir='ltr'>seu</span> <span class='ocrx_word' id='word_1_180' title='bbox 912 1758 1062 1792; x_wconf 87' lang='lat' dir='ltr'>laicorum</span> <span class='ocrx_word' id='word_1_181' title='bbox 1090 1758 1120 1792; x_wconf 90' lang='lat' dir='ltr'>in</span> 
     </span>
     <span class='ocr_line' id='line_1_36' title="bbox 373 1807 1123 1861; baseline -0.001 -19"><span class='ocrx_word' id='word_1_182' title='bbox 373 1807 594 1842; x_wconf 85' lang='lat' dir='ltr'>ecclesiasticis</span> <span class='ocrx_word' id='word_1_183' title='bbox 617 1808 725 1842; x_wconf 80' lang='lat' dir='ltr'>fecisse</span> <span class='ocrx_word' id='word_1_184' title='bbox 740 1815 958 1861; x_wconf 73' lang='lat' dir='ltr'>asseruerunt,</span> <span class='ocrx_word' id='word_1_185' title='bbox 984 1807 1039 1842; x_wconf 89' lang='lat' dir='ltr'>sed</span> <span class='ocrx_word' id='word_1_186' title='bbox 1055 1819 1123 1854; x_wconf 93' lang='lat' dir='ltr'>pro-</span> 
     </span>
     <span class='ocr_line' id='line_1_37' title="bbox 374 1856 1121 1911; baseline -0.001 -20"><span class='ocrx_word' id='word_1_187' title='bbox 374 1866 443 1911; x_wconf 81' lang='lat' dir='ltr'>pter</span> <span class='ocrx_word' id='word_1_188' title='bbox 460 1856 677 1903; x_wconf 84' lang='lat' dir='ltr'>inquirendam</span> <span class='ocrx_word' id='word_1_189' title='bbox 690 1856 827 1891; x_wconf 91' lang='lat' dir='ltr'>rumoris</span> <span class='ocrx_word' id='word_1_190' title='bbox 841 1857 936 1900; x_wconf 87' lang='lat' dir='ltr'>illius,</span> <span class='ocrx_word' id='word_1_191' title='bbox 950 1857 1004 1903; x_wconf 89' lang='lat' dir='ltr'>qui</span> <span class='ocrx_word' id='word_1_192' title='bbox 1015 1864 1121 1891; x_wconf 88' lang='lat' dir='ltr'>contra</span> 
     </span>
     <span class='ocr_line' id='line_1_38' title="bbox 373 1905 1122 1960; baseline 0 -21"><span class='ocrx_word' id='word_1_193' title='bbox 373 1906 556 1960; x_wconf 87' lang='lat' dir='ltr'>episcopum</span> <span class='ocrx_word' id='word_1_194' title='bbox 576 1905 786 1949; x_wconf 82' lang='lat' dir='ltr'>increbuerat</span> <span class='ocrx_word' id='word_1_195' title='bbox 806 1906 981 1945; x_wconf 74' lang='lat' dir='ltr'>veritateni;</span> <span class='ocrx_word' id='word_1_196' title='bbox 1004 1906 1034 1939; x_wconf 92' lang='lat' dir='ltr'>in</span> <span class='ocrx_word' id='word_1_197' title='bbox 1049 1906 1122 1952; x_wconf 89' lang='lat' dir='ltr'>qui-</span> 
     </span>
     <span class='ocr_line' id='line_1_39' title="bbox 373 1954 1122 2010; baseline 0 -22"><span class='ocrx_word' id='word_1_198' title='bbox 373 1954 441 1989; x_wconf 82' lang='grc' dir='ltr'>1)υ5</span> <span class='ocrx_word' id='word_1_199' title='bbox 455 1955 602 1989; x_wconf 90' lang='lat' dir='ltr'>nimirum</span> <span class='ocrx_word' id='word_1_200' title='bbox 621 1954 860 1990; x_wconf 78' lang='lat' dir='ltr'>collectionibus</span> <span class='ocrx_word' id='word_1_201' title='bbox 881 1955 1122 2010; x_wconf 77' lang='lat' dir='ltr'>conspirationis</span> 
     </span>
     <span class='ocr_line' id='line_1_40' title="bbox 373 2004 1123 2050; baseline 0.001 -13"><span class='ocrx_word' id='word_1_202' title='bbox 373 2004 590 2038; x_wconf 80' lang='lat' dir='ltr'>conventicula</span> <span class='ocrx_word' id='word_1_203' title='bbox 614 2004 841 2039; x_wconf 79' lang='lat' dir='ltr'>intelleximus:</span> <span class='ocrx_word' id='word_1_204' title='bbox 862 2005 891 2038; x_wconf 91' lang='lat' dir='ltr'>in</span> <span class='ocrx_word' id='word_1_205' title='bbox 908 2012 1038 2039; x_wconf 88' lang='lat' dir='ltr'>caeter1s</span> <span class='ocrx_word' id='word_1_206' title='bbox 1049 2017 1123 2050; x_wconf 87' lang='lat' dir='ltr'>quo</span> 
     </span>
     <span class='ocr_line' id='line_1_41' title="bbox 373 2053 1121 2099; baseline -0.001 -11"><span class='ocrx_word' id='word_1_207' title='bbox 373 2065 435 2099; x_wconf 88' lang='lat' dir='ltr'>que</span> <span class='ocrx_word' id='word_1_208' title='bbox 461 2066 494 2088; x_wconf 90' lang='lat' dir='ltr'>se</span> <span class='ocrx_word' id='word_1_209' title='bbox 521 2053 689 2088; x_wconf 81' lang='lat' dir='ltr'>offendisse</span> <span class='ocrx_word' id='word_1_210' title='bbox 715 2053 850 2088; x_wconf 84' lang='lat' dir='ltr'>confessi</span> <span class='ocrx_word' id='word_1_211' title='bbox 885 2062 967 2087; x_wconf 87' lang='lat' dir='ltr'>sunt.</span> <span class='ocrx_word' id='word_1_212' title='bbox 997 2053 1121 2088; x_wconf 86' lang='lat' dir='ltr'>Prolata</span> 
     </span>
     <span class='ocr_line' id='line_1_42' title="bbox 373 2103 1123 2148; baseline 0.001 -12"><span class='ocrx_word' id='word_1_213' title='bbox 373 2110 447 2137; x_wconf 92' lang='lat' dir='ltr'>sunt</span> <span class='ocrx_word' id='word_1_214' title='bbox 470 2103 563 2148; x_wconf 75' lang='lat' dir='ltr'>igitur</span> <span class='ocrx_word' id='word_1_215' title='bbox 584 2103 633 2137; x_wconf 88' lang='lat' dir='ltr'>his</span> <span class='ocrx_word' id='word_1_216' title='bbox 655 2103 758 2137; x_wconf 86' lang='lat' dir='ltr'>causis</span> <span class='ocrx_word' id='word_1_217' title='bbox 776 2104 980 2148; x_wconf 81' lang='lat' dir='ltr'>congruentia</span> <span class='ocrx_word' id='word_1_218' title='bbox 1002 2111 1123 2137; x_wconf 87' lang='lat' dir='ltr'>sancto-</span> 
     </span>
     <span class='ocr_line' id='line_1_43' title="bbox 374 2152 1121 2199; baseline 0.001 -14"><span class='ocrx_word' id='word_1_219' title='bbox 374 2164 442 2186; x_wconf 93' lang='lat' dir='ltr'>rum</span> <span class='ocrx_word' id='word_1_220' title='bbox 457 2152 584 2186; x_wconf 87' lang='lat' dir='ltr'>Patrum</span> <span class='ocrx_word' id='word_1_221' title='bbox 602 2152 722 2187; x_wconf 67' lang='lat' dir='ltr'>diversa</span> <span class='ocrx_word' id='word_1_222' title='bbox 738 2152 885 2199; x_wconf 75' lang='lat' dir='ltr'>capitula,</span> <span class='ocrx_word' id='word_1_223' title='bbox 906 2152 1121 2186; x_wconf 71' lang='lat' dir='ltr'>Antiochenae</span> 
     </span>
     <span class='ocr_line' id='line_1_44' title="bbox 374 2201 1121 2248; baseline 0.003 -14"><span class='ocrx_word' id='word_1_224' title='bbox 374 2201 517 2235; x_wconf 85' lang='lat' dir='ltr'>videlicet</span> <span class='ocrx_word' id='word_1_225' title='bbox 538 2201 649 2248; x_wconf 70' lang='lat' dir='ltr'>synodi</span> <span class='ocrx_word' id='word_1_226' title='bbox 674 2201 836 2248; x_wconf 86' lang='lat' dir='ltr'>quintum:</span> <span class='ocrx_word' id='word_1_227' title='bbox 857 2201 903 2235; x_wconf 89' lang='lat' dir='ltr'>De</span> <span class='ocrx_word' id='word_1_228' title='bbox 925 2201 985 2241; x_wconf 81' lang='lat' dir='ltr'>his,</span> <span class='ocrx_word' id='word_1_229' title='bbox 1012 2202 1065 2248; x_wconf 90' lang='lat' dir='ltr'>qui</span> <span class='ocrx_word' id='word_1_230' title='bbox 1088 2214 1121 2236; x_wconf 86' lang='lat' dir='ltr'>se</span> 
     </span>
     <span class='ocr_line' id='line_1_45' title="bbox 374 2250 1121 2294; baseline 0.001 -11"><span class='ocrx_word' id='word_1_231' title='bbox 374 2262 389 2283; x_wconf 92' lang='lat' dir='ltr'>a</span> <span class='ocrx_word' id='word_1_232' title='bbox 412 2251 585 2285; x_wconf 85' lang='lat' dir='ltr'>ministerio</span> <span class='ocrx_word' id='word_1_233' title='bbox 608 2251 820 2285; x_wconf 85' lang='lat' dir='ltr'>ecclesiastico</span> <span class='ocrx_word' id='word_1_234' title='bbox 855 2250 1061 2294; x_wconf 82' lang='lat' dir='ltr'>subtrabunt,</span> <span class='ocrx_word' id='word_1_235' title='bbox 1092 2259 1121 2285; x_wconf 89' lang='lat' dir='ltr'>et</span> 
     </span>
     <span class='ocr_line' id='line_1_46' title="bbox 373 2299 1121 2346; baseline 0.003 -14"><span class='ocrx_word' id='word_1_236' title='bbox 373 2301 504 2333; x_wconf 88' lang='lat' dir='ltr'>seorsim</span> <span class='ocrx_word' id='word_1_237' title='bbox 528 2300 696 2346; x_wconf 79' lang='lat' dir='ltr'>colligunt;</span> <span class='ocrx_word' id='word_1_238' title='bbox 720 2300 793 2334; x_wconf 92' lang='lat' dir='ltr'>item</span> <span class='ocrx_word' id='word_1_239' title='bbox 813 2299 851 2333; x_wconf 85' lang='lat' dir='ltr'>de</span> <span class='ocrx_word' id='word_1_240' title='bbox 874 2300 1121 2346; x_wconf 78' lang='lat' dir='ltr'>conspiratione,</span> 
     </span>
     <span class='ocr_line' id='line_1_47' title="bbox 373 2348 1121 2396; baseline 0.001 -14"><span class='ocrx_word' id='word_1_241' title='bbox 373 2360 427 2382; x_wconf 86' lang='lat' dir='ltr'>seu</span> <span class='ocrx_word' id='word_1_242' title='bbox 463 2350 678 2384; x_wconf 89' lang='lat' dir='ltr'>coniuratione</span> <span class='ocrx_word' id='word_1_243' title='bbox 705 2348 976 2383; x_wconf 77' lang='lat' dir='ltr'>Chalcedonensis</span> <span class='ocrx_word' id='word_1_244' title='bbox 1010 2348 1121 2396; x_wconf 87' lang='lat' dir='ltr'>synodi</span> 
     </span>
     <span class='ocr_line' id='line_1_48' title="bbox 373 2397 1122 2445; baseline 0.003 -15"><span class='ocrx_word' id='word_1_245' title='bbox 373 2397 699 2437; x_wconf 75' lang='lat' dir='ltr'>decimumoctav3um</span> <span class='ocrx_word' id='word_1_246' title='bbox 734 2407 764 2432; x_wconf 90' lang='lat' dir='ltr'>et</span> <span class='ocrx_word' id='word_1_247' title='bbox 798 2397 919 2432; x_wconf 87' lang='lat' dir='ltr'>Callisti</span> <span class='ocrx_word' id='word_1_248' title='bbox 946 2398 1051 2445; x_wconf 83' lang='lat' dir='ltr'>Papae</span> <span class='ocrx_word' id='word_1_249' title='bbox 1083 2397 1122 2432; x_wconf 83' lang='lat' dir='ltr'>ad</span> 
     </span>
     <span class='ocr_line' id='line_1_49' title="bbox 374 2426 1121 2502; baseline 0.006 -25.116"><span class='ocrx_word' id='word_1_250' title='bbox 374 2447 539 2500; x_wconf 80' lang='lat' dir='ltr'>episcopos</span> <span class='ocrx_word' id='word_1_251' title='bbox 565 2460 619 2494; x_wconf 89' lang='lat' dir='ltr'>per</span> <span class='ocrx_word' id='word_1_252' title='bbox 645 2426 778 2482; x_wconf 83' lang='lat' dir='ltr'>Galliam</span> <span class='ocrx_word' id='word_1_253' title='bbox 808 2447 1009 2502; x_wconf 70' lang='lat' dir='ltr'>constitutos,</span> <span class='ocrx_word' id='word_1_254' title='bbox 1032 2447 1121 2482; x_wconf 88' lang='lat' dir='ltr'>cuius</span> 
     </span>
     <span class='ocr_line' id='line_1_50' title="bbox 376 2494 1122 2543; baseline 0.003 -15"><span class='ocrx_word' id='word_1_255' title='bbox 376 2494 497 2529; x_wconf 90' lang='lat' dir='ltr'>initium</span> <span class='ocrx_word' id='word_1_256' title='bbox 521 2505 583 2531; x_wconf 88' lang='lat' dir='ltr'>est:</span> <span class='ocrx_word' id='word_1_257' title='bbox 600 2495 880 2543; x_wconf 87' lang='lat' dir='ltr'>Conspirationum</span> <span class='ocrx_word' id='word_1_258' title='bbox 908 2496 1041 2531; x_wconf 91' lang='lat' dir='ltr'>crimina</span> <span class='ocrx_word' id='word_1_259' title='bbox 1069 2508 1122 2530; x_wconf 78' lang='lat' dir='ltr'>ve-</span> 
     </span>
     <span class='ocr_line' id='line_1_51' title="bbox 374 2544 1120 2592; baseline 0.003 -16.003"><span class='ocrx_word' id='word_1_260' title='bbox 374 2544 446 2578; x_wconf 86' lang='lat' dir='ltr'>stris</span> <span class='ocrx_word' id='word_1_261' title='bbox 469 2545 498 2578; x_wconf 90' lang='lat' dir='ltr'>in</span> <span class='ocrx_word' id='word_1_262' title='bbox 523 2545 661 2591; x_wconf 89' lang='lat' dir='ltr'>partibus</span> <span class='ocrx_word' id='word_1_263' title='bbox 688 2546 792 2592; x_wconf 71' lang='lat' dir='ltr'>tigere</span> <span class='ocrx_word' id='word_1_264' title='bbox 824 2545 1021 2586; x_wconf 81' lang='lat' dir='ltr'>audivimus;</span> <span class='ocrx_word' id='word_1_265' title='bbox 1048 2545 1120 2579; x_wconf 88' lang='lat' dir='ltr'>item</span> 
     </span>
     <span class='ocr_line' id='line_1_52' title="bbox 375 2592 1123 2641; baseline 0 -14"><span class='ocrx_word' id='word_1_266' title='bbox 375 2592 545 2628; x_wconf 82' lang='lat' dir='ltr'>Alexandri</span> <span class='ocrx_word' id='word_1_267' title='bbox 574 2594 696 2641; x_wconf 86' lang='lat' dir='ltr'>Papae:</span> <span class='ocrx_word' id='word_1_268' title='bbox 732 2595 779 2629; x_wconf 90' lang='lat' dir='ltr'>De</span> <span class='ocrx_word' id='word_1_269' title='bbox 801 2594 872 2635; x_wconf 85' lang='lat' dir='ltr'>his,</span> <span class='ocrx_word' id='word_1_270' title='bbox 906 2594 959 2641; x_wconf 87' lang='lat' dir='ltr'>qui</span> <span class='ocrx_word' id='word_1_271' title='bbox 997 2603 1123 2628; x_wconf 88' lang='lat' dir='ltr'>sanctos</span> 
     </span>
    </p>
   </div>
   <div class='ocr_carea' id='block_1_7' title="bbox 377 2647 1123 2695">
    <p class='ocr_par' dir='ltr' id='par_1_7' title="bbox 377 2647 1123 2695">
     <span class='ocr_line' id='line_1_53' title="bbox 377 2647 1123 2695; baseline 0 -13"><span class='ocrx_word' id='word_1_272' title='bbox 377 2656 620 2695; x_wconf 78' lang='lat' dir='ltr'>persequuntur,</span> <span class='ocrx_word' id='word_1_273' title='bbox 642 2656 694 2682; x_wconf 90' lang='lat' dir='ltr'>aut</span> <span class='ocrx_word' id='word_1_274' title='bbox 709 2660 865 2690; x_wconf 84' lang='lat' dir='ltr'>amovere,</span> <span class='ocrx_word' id='word_1_275' title='bbox 884 2656 937 2683; x_wconf 89' lang='lat' dir='ltr'>aut</span> <span class='ocrx_word' id='word_1_276' title='bbox 953 2647 1123 2682; x_wconf 84' lang='lat' dir='ltr'>dilacerare</span> 
     </span>
    </p>
   </div>
   <div class='ocr_carea' id='block_1_8' title="bbox 1163 358 1919 1605">
    <p class='ocr_par' dir='ltr' id='par_1_8' title="bbox 1163 358 1919 1548">
     <span class='ocr_line' id='line_1_54' title="bbox 1171 358 1919 428; baseline 0.004 -14"><span class='ocrx_word' id='word_1_277' title='bbox 1171 380 1224 427; x_wconf 87' lang='lat' dir='ltr'>qui</span> <span class='ocrx_word' id='word_1_278' title='bbox 1247 358 1397 414; x_wconf 65' lang='lat' dir='ltr'>admi-sus</span> <span class='ocrx_word' id='word_1_279' title='bbox 1417 379 1527 415; x_wconf 87' lang='lat' dir='ltr'>Patres</span> <span class='ocrx_word' id='word_1_280' title='bbox 1541 389 1712 422; x_wconf 86' lang='lat' dir='ltr'>armantur,</span> <span class='ocrx_word' id='word_1_281' title='bbox 1734 389 1765 416; x_wconf 85' lang='lat' dir='ltr'>et</span> <span class='ocrx_word' id='word_1_282' title='bbox 1782 382 1835 428; x_wconf 89' lang='lat' dir='ltr'>qui</span> <span class='ocrx_word' id='word_1_283' title='bbox 1855 382 1919 417; x_wconf 83' lang='lat' dir='ltr'>sra-</span> 
     </span>
     <span class='ocr_line' id='line_1_55' title="bbox 1171 429 1915 476; baseline 0.004 -13"><span class='ocrx_word' id='word_1_284' title='bbox 1171 438 1233 464; x_wconf 81' lang='lat' dir='ltr'>tres</span> <span class='ocrx_word' id='word_1_285' title='bbox 1260 429 1502 464; x_wconf 87' lang='lat' dir='ltr'>calumniantur.</span> <span class='ocrx_word' id='word_1_286' title='bbox 1538 429 1604 464; x_wconf 91' lang='lat' dir='ltr'>Nos</span> <span class='ocrx_word' id='word_1_287' title='bbox 1637 442 1724 476; x_wconf 82' lang='lat' dir='ltr'>ergo,</span> <span class='ocrx_word' id='word_1_288' title='bbox 1757 438 1915 466; x_wconf 87' lang='lat' dir='ltr'>tantorum</span> 
     </span>
     <span class='ocr_line' id='line_1_56' title="bbox 1170 478 1917 527; baseline 0.003 -14"><span class='ocrx_word' id='word_1_289' title='bbox 1170 479 1297 513; x_wconf 87' lang='lat' dir='ltr'>Patrum</span> <span class='ocrx_word' id='word_1_290' title='bbox 1319 478 1557 513; x_wconf 89' lang='lat' dir='ltr'>auctoritatibus</span> <span class='ocrx_word' id='word_1_291' title='bbox 1583 479 1738 520; x_wconf 86' lang='lat' dir='ltr'>instructi,</span> <span class='ocrx_word' id='word_1_292' title='bbox 1763 481 1917 527; x_wconf 83' lang='lat' dir='ltr'>praefatos</span> 
     </span>
     <span class='ocr_line' id='line_1_57' title="bbox 1172 527 1917 574; baseline 0.005 -13"><span class='ocrx_word' id='word_1_293' title='bbox 1172 528 1262 567; x_wconf 78' lang='lat' dir='ltr'>vitos,</span> <span class='ocrx_word' id='word_1_294' title='bbox 1286 537 1443 574; x_wconf 90' lang='lat' dir='ltr'>tamquam</span> <span class='ocrx_word' id='word_1_295' title='bbox 1469 527 1593 574; x_wconf 92' lang='lat' dir='ltr'>propria</span> <span class='ocrx_word' id='word_1_296' title='bbox 1614 528 1811 564; x_wconf 69' lang='lat' dir='ltr'>confessione</span> <span class='ocrx_word' id='word_1_297' title='bbox 1836 542 1917 564; x_wconf 89' lang='lat' dir='ltr'>con-</span> 
     </span>
     <span class='ocr_line' id='line_1_58' title="bbox 1170 577 1915 623; baseline 0.004 -12"><span class='ocrx_word' id='word_1_298' title='bbox 1170 578 1286 619; x_wconf 83' lang='lat' dir='ltr'>victos,</span> <span class='ocrx_word' id='word_1_299' title='bbox 1314 577 1392 620; x_wconf 91' lang='lat' dir='ltr'>ob(l</span> <span class='ocrx_word' id='word_1_300' title='bbox 1403 577 1539 620; x_wconf 76' lang='lat' dir='ltr'>&gt;officiis</span> <span class='ocrx_word' id='word_1_301' title='bbox 1553 589 1607 612; x_wconf 90' lang='lat' dir='ltr'>seu</span> <span class='ocrx_word' id='word_1_302' title='bbox 1627 577 1836 623; x_wconf 81' lang='lat' dir='ltr'>dignitatibus</span> <span class='ocrx_word' id='word_1_303' title='bbox 1849 579 1915 615; x_wconf 89' lang='lat' dir='ltr'>suis</span> 
     </span>
     <span class='ocr_line' id='line_1_59' title="bbox 1168 625 1913 670; baseline 0.001 -8"><span class='ocrx_word' id='word_1_304' title='bbox 1168 627 1320 662; x_wconf 86' lang='lat' dir='ltr'>sententia</span> <span class='ocrx_word' id='word_1_305' title='bbox 1343 625 1478 661; x_wconf 89' lang='lat' dir='ltr'>iudiciali</span> <span class='ocrx_word' id='word_1_306' title='bbox 1501 638 1712 670; x_wconf 85' lang='lat' dir='ltr'>removemus,</span> <span class='ocrx_word' id='word_1_307' title='bbox 1734 627 1794 662; x_wconf 90' lang='lat' dir='ltr'>nisi</span> <span class='ocrx_word' id='word_1_308' title='bbox 1817 628 1863 662; x_wconf 90' lang='lat' dir='ltr'>eis</span> <span class='ocrx_word' id='word_1_309' title='bbox 1882 628 1913 663; x_wconf 93' lang='lat' dir='ltr'>iu</span> 
     </span>
     <span class='ocr_line' id='line_1_60' title="bbox 1168 676 1915 723; baseline 0.003 -13"><span class='ocrx_word' id='word_1_310' title='bbox 1168 685 1328 723; x_wconf 85' lang='lat' dir='ltr'>posterum</span> <span class='ocrx_word' id='word_1_311' title='bbox 1357 676 1571 710; x_wconf 83' lang='lat' dir='ltr'>misericordia</span> <span class='ocrx_word' id='word_1_312' title='bbox 1608 676 1813 711; x_wconf 88' lang='lat' dir='ltr'>subveniatur</span> <span class='ocrx_word' id='word_1_313' title='bbox 1848 677 1915 712; x_wconf 87' lang='lat' dir='ltr'>Ec-</span> 
     </span>
     <span class='ocr_line' id='line_1_61' title="bbox 1167 725 1915 772; baseline 0.001 -12"><span class='ocrx_word' id='word_1_314' title='bbox 1167 726 1294 760; x_wconf 82' lang='lat' dir='ltr'>clesiae:</span> <span class='ocrx_word' id='word_1_315' title='bbox 1323 725 1455 772; x_wconf 83' lang='lat' dir='ltr'>aliisque</span> <span class='ocrx_word' id='word_1_316' title='bbox 1477 725 1582 765; x_wconf 79' lang='lat' dir='ltr'>etiam,</span> <span class='ocrx_word' id='word_1_317' title='bbox 1604 726 1656 772; x_wconf 91' lang='lat' dir='ltr'>qui</span> <span class='ocrx_word' id='word_1_318' title='bbox 1681 726 1778 760; x_wconf 86' lang='lat' dir='ltr'>vocati</span> <span class='ocrx_word' id='word_1_319' title='bbox 1808 727 1915 761; x_wconf 86' lang='lat' dir='ltr'>venire</span> 
     </span>
     <span class='ocr_line' id='line_1_62' title="bbox 1167 774 1914 820; baseline 0.003 -12"><span class='ocrx_word' id='word_1_320' title='bbox 1167 774 1203 809; x_wconf 90' lang='lat' dir='ltr'>ad</span> <span class='ocrx_word' id='word_1_321' title='bbox 1217 782 1353 809; x_wconf 88' lang='lat' dir='ltr'>nostram</span> <span class='ocrx_word' id='word_1_322' title='bbox 1372 774 1578 820; x_wconf 86' lang='lat' dir='ltr'>praesentiam</span> <span class='ocrx_word' id='word_1_323' title='bbox 1594 774 1811 820; x_wconf 79' lang='lat' dir='ltr'>neglexerunt,</span> <span class='ocrx_word' id='word_1_324' title='bbox 1831 775 1914 810; x_wconf 87' lang='lat' dir='ltr'>idem</span> 
     </span>
     <span class='ocr_line' id='line_1_63' title="bbox 1167 824 1916 870; baseline 0.003 -13.003"><span class='ocrx_word' id='word_1_325' title='bbox 1167 825 1316 858; x_wconf 88' lang='lat' dir='ltr'>iudicium</span> <span class='ocrx_word' id='word_1_326' title='bbox 1341 824 1526 869; x_wconf 80' lang='lat' dir='ltr'>irrogamus,</span> <span class='ocrx_word' id='word_1_327' title='bbox 1548 825 1697 870; x_wconf 87' lang='lat' dir='ltr'>quoniam</span> <span class='ocrx_word' id='word_1_328' title='bbox 1722 824 1840 859; x_wconf 87' lang='lat' dir='ltr'>eisdem</span> <span class='ocrx_word' id='word_1_329' title='bbox 1869 825 1916 859; x_wconf 87' lang='lat' dir='ltr'>vi-</span> 
     </span>
     <span class='ocr_line' id='line_1_64' title="bbox 1165 873 1914 920; baseline 0.001 -13"><span class='ocrx_word' id='word_1_330' title='bbox 1165 873 1280 907; x_wconf 86' lang='lat' dir='ltr'>dentur</span> <span class='ocrx_word' id='word_1_331' title='bbox 1302 873 1446 919; x_wconf 88' lang='lat' dir='ltr'>capitulis</span> <span class='ocrx_word' id='word_1_332' title='bbox 1468 873 1594 914; x_wconf 87' lang='lat' dir='ltr'>irretiti;</span> <span class='ocrx_word' id='word_1_333' title='bbox 1617 885 1732 920; x_wconf 89' lang='lat' dir='ltr'>equum</span> <span class='ocrx_word' id='word_1_334' title='bbox 1752 882 1799 908; x_wconf 87' lang='lat' dir='ltr'>est</span> <span class='ocrx_word' id='word_1_335' title='bbox 1816 874 1914 915; x_wconf 77' lang='lat' dir='ltr'>enim,</span> 
     </span>
     <span class='ocr_line' id='line_1_65' title="bbox 1167 922 1914 959; baseline 0.004 -3"><span class='ocrx_word' id='word_1_336' title='bbox 1167 931 1198 956; x_wconf 92' lang='lat' dir='ltr'>ut</span> <span class='ocrx_word' id='word_1_337' title='bbox 1220 922 1410 957; x_wconf 87' lang='lat' dir='ltr'>delationem</span> <span class='ocrx_word' id='word_1_338' title='bbox 1432 923 1606 956; x_wconf 88' lang='lat' dir='ltr'>sententiae</span> <span class='ocrx_word' id='word_1_339' title='bbox 1627 922 1665 957; x_wconf 90' lang='lat' dir='ltr'>de</span> <span class='ocrx_word' id='word_1_340' title='bbox 1687 922 1827 957; x_wconf 86' lang='lat' dir='ltr'>absentia</span> <span class='ocrx_word' id='word_1_341' title='bbox 1850 936 1914 959; x_wconf 86' lang='lat' dir='ltr'>non</span> 
     </span>
     <span class='ocr_line' id='line_1_66' title="bbox 1166 971 1914 1018; baseline 0.004 -14"><span class='ocrx_word' id='word_1_342' title='bbox 1166 971 1345 1014; x_wconf 83' lang='lat' dir='ltr'>lucrentur,</span> <span class='ocrx_word' id='word_1_343' title='bbox 1381 971 1454 1018; x_wconf 90' lang='lat' dir='ltr'>quia</span> <span class='ocrx_word' id='word_1_344' title='bbox 1489 971 1656 1006; x_wconf 86' lang='lat' dir='ltr'>confitetur</span> <span class='ocrx_word' id='word_1_345' title='bbox 1688 971 1728 1006; x_wconf 88' lang='lat' dir='ltr'>de</span> <span class='ocrx_word' id='word_1_346' title='bbox 1763 972 1914 1007; x_wconf 89' lang='lat' dir='ltr'>omnibus</span> 
     </span>
     <span class='ocr_line' id='line_1_67' title="bbox 1164 1019 1915 1067; baseline 0.003 -13"><span class='ocrx_word' id='word_1_347' title='bbox 1164 1021 1311 1067; x_wconf 82' lang='lat' dir='ltr'>quisque,</span> <span class='ocrx_word' id='word_1_348' title='bbox 1333 1020 1358 1054; x_wconf 90' lang='lat' dir='ltr'>si</span> <span class='ocrx_word' id='word_1_349' title='bbox 1381 1019 1598 1066; x_wconf 80' lang='lat' dir='ltr'>subterfugere</span> <span class='ocrx_word' id='word_1_350' title='bbox 1620 1020 1769 1056; x_wconf 88' lang='lat' dir='ltr'>iudicium</span> <span class='ocrx_word' id='word_1_351' title='bbox 1788 1021 1915 1056; x_wconf 87' lang='lat' dir='ltr'>dilatio-</span> 
     </span>
     <span class='ocr_line' id='line_1_68' title="bbox 1166 1068 1913 1126; baseline 0.003 -23"><span class='ocrx_word' id='word_1_352' title='bbox 1166 1069 1258 1103; x_wconf 82' lang='lat' dir='ltr'>nibus</span> <span class='ocrx_word' id='word_1_353' title='bbox 1282 1077 1378 1116; x_wconf 81' lang='lat' dir='ltr'>putat.</span> <span class='ocrx_word' id='word_1_354' title='bbox 1412 1068 1570 1104; x_wconf 91' lang='lat' dir='ltr'>Omnibus</span> <span class='ocrx_word' id='word_1_355' title='bbox 1594 1069 1686 1115; x_wconf 85' lang='lat' dir='ltr'>igitur</span> <span class='ocrx_word' id='word_1_356' title='bbox 1707 1070 1796 1105; x_wconf 89' lang='lat' dir='ltr'>vobis</span> <span class='ocrx_word' id='word_1_357' title='bbox 1818 1083 1913 1126; x_wconf 89' lang='lat' dir='ltr'>prae-</span> 
     </span>
     <span class='ocr_line' id='line_1_69' title="bbox 1164 1119 1913 1166; baseline 0.004 -14"><span class='ocrx_word' id='word_1_358' title='bbox 1164 1119 1298 1153; x_wconf 89' lang='lat' dir='ltr'>sentium</span> <span class='ocrx_word' id='word_1_359' title='bbox 1318 1119 1476 1153; x_wconf 88' lang='lat' dir='ltr'>literarum</span> <span class='ocrx_word' id='word_1_360' title='bbox 1492 1119 1673 1153; x_wconf 88' lang='lat' dir='ltr'>auctoritate</span> <span class='ocrx_word' id='word_1_361' title='bbox 1688 1120 1913 1166; x_wconf 89' lang='lat' dir='ltr'>praecipimus,</span> 
     </span>
     <span class='ocr_line' id='line_1_70' title="bbox 1165 1169 1913 1222; baseline 0.001 -20"><span class='ocrx_word' id='word_1_362' title='bbox 1165 1176 1197 1202; x_wconf 89' lang='lat' dir='ltr'>ut</span> <span class='ocrx_word' id='word_1_363' title='bbox 1219 1169 1403 1222; x_wconf 85' lang='lat' dir='ltr'>episcopum</span> <span class='ocrx_word' id='word_1_364' title='bbox 1427 1175 1577 1211; x_wconf 83' lang='lat' dir='ltr'>vestium,</span> <span class='ocrx_word' id='word_1_365' title='bbox 1599 1175 1758 1214; x_wconf 79' lang='lat' dir='ltr'>tamquam</span> <span class='ocrx_word' id='word_1_366' title='bbox 1781 1181 1835 1215; x_wconf 89' lang='lat' dir='ltr'>per</span> <span class='ocrx_word' id='word_1_367' title='bbox 1853 1169 1913 1204; x_wconf 91' lang='lat' dir='ltr'>Dei</span> 
     </span>
     <span class='ocr_line' id='line_1_71' title="bbox 1164 1216 1913 1262; baseline 0.003 -11.003"><span class='ocrx_word' id='word_1_368' title='bbox 1164 1218 1295 1262; x_wconf 76' lang='lat' dir='ltr'>gratiam</span> <span class='ocrx_word' id='word_1_369' title='bbox 1322 1216 1531 1257; x_wconf 82' lang='lat' dir='ltr'>catholicum,</span> <span class='ocrx_word' id='word_1_370' title='bbox 1567 1217 1706 1251; x_wconf 90' lang='lat' dir='ltr'>unanimi</span> <span class='ocrx_word' id='word_1_371' title='bbox 1743 1218 1913 1253; x_wconf 86' lang='lat' dir='ltr'>concordia</span> 
     </span>
     <span class='ocr_line' id='line_1_72' title="bbox 1163 1265 1912 1313; baseline 0.001 -13"><span class='ocrx_word' id='word_1_372' title='bbox 1163 1267 1299 1312; x_wconf 83' lang='lat' dir='ltr'>diligatis</span> <span class='ocrx_word' id='word_1_373' title='bbox 1320 1275 1351 1301; x_wconf 87' lang='lat' dir='ltr'>et</span> <span class='ocrx_word' id='word_1_374' title='bbox 1377 1265 1558 1300; x_wconf 86' lang='lat' dir='ltr'>vereamini.</span> <span class='ocrx_word' id='word_1_375' title='bbox 1594 1265 1627 1301; x_wconf 90' lang='lat' dir='ltr'>Si</span> <span class='ocrx_word' id='word_1_376' title='bbox 1655 1267 1728 1313; x_wconf 87' lang='lat' dir='ltr'>quis</span> <span class='ocrx_word' id='word_1_377' title='bbox 1751 1279 1823 1301; x_wconf 82' lang='lat' dir='ltr'>vero</span> <span class='ocrx_word' id='word_1_378' title='bbox 1845 1266 1912 1301; x_wconf 85' lang='lat' dir='ltr'>cle-</span> 
     </span>
     <span class='ocr_line' id='line_1_73' title="bbox 1165 1315 1912 1372; baseline 0.001 -22"><span class='ocrx_word' id='word_1_379' title='bbox 1165 1316 1314 1355; x_wconf 88' lang='lat' dir='ltr'>ticorum,</span> <span class='ocrx_word' id='word_1_380' title='bbox 1341 1324 1393 1350; x_wconf 91' lang='lat' dir='ltr'>aut</span> <span class='ocrx_word' id='word_1_381' title='bbox 1407 1315 1559 1349; x_wconf 86' lang='lat' dir='ltr'>laicorum</span> <span class='ocrx_word' id='word_1_382' title='bbox 1576 1316 1740 1350; x_wconf 82' lang='lat' dir='ltr'>temeraria</span> <span class='ocrx_word' id='word_1_383' title='bbox 1761 1315 1912 1372; x_wconf 81' lang='lat' dir='ltr'>deinceps</span> 
     </span>
     <span class='ocr_line' id='line_1_74' title="bbox 1165 1364 1912 1420; baseline 0.001 -21"><span class='ocrx_word' id='word_1_384' title='bbox 1165 1365 1422 1412; x_wconf 82' lang='lat' dir='ltr'>praesumptione</span> <span class='ocrx_word' id='word_1_385' title='bbox 1450 1364 1631 1399; x_wconf 84' lang='lat' dir='ltr'>huiusmodi</span> <span class='ocrx_word' id='word_1_386' title='bbox 1648 1365 1831 1420; x_wconf 81' lang='lat' dir='ltr'>episcopum</span> <span class='ocrx_word' id='word_1_387' title='bbox 1860 1366 1912 1400; x_wconf 86' lang='lat' dir='ltr'>iu-</span> 
     </span>
     <span class='ocr_line' id='line_1_75' title="bbox 1164 1414 1912 1461; baseline 0.004 -14"><span class='ocrx_word' id='word_1_388' title='bbox 1164 1414 1361 1457; x_wconf 70' lang='lat' dir='ltr'>festaterint,</span> <span class='ocrx_word' id='word_1_389' title='bbox 1402 1414 1544 1448; x_wconf 87' lang='lat' dir='ltr'>noverint</span> <span class='ocrx_word' id='word_1_390' title='bbox 1577 1426 1610 1448; x_wconf 88' lang='lat' dir='ltr'>se</span> <span class='ocrx_word' id='word_1_391' title='bbox 1646 1414 1815 1461; x_wconf 88' lang='lat' dir='ltr'>pertinacia</span> <span class='ocrx_word' id='word_1_392' title='bbox 1854 1427 1912 1450; x_wconf 86' lang='lat' dir='ltr'>sua</span> 
     </span>
     <span class='ocr_line' id='line_1_76' title="bbox 1163 1463 1911 1510; baseline 0.003 -13"><span class='ocrx_word' id='word_1_393' title='bbox 1163 1463 1267 1498; x_wconf 88' lang='lat' dir='ltr'>clerici</span> <span class='ocrx_word' id='word_1_394' title='bbox 1294 1463 1421 1510; x_wconf 90' lang='lat' dir='ltr'>quidem</span> <span class='ocrx_word' id='word_1_395' title='bbox 1461 1463 1660 1509; x_wconf 84' lang='lat' dir='ltr'>depositione</span> <span class='ocrx_word' id='word_1_396' title='bbox 1689 1463 1911 1499; x_wconf 88' lang='lat' dir='ltr'>mulctandos:</span> 
     </span>
     <span class='ocr_line' id='line_1_77' title="bbox 1164 1512 1911 1548; baseline 0.003 -2"><span class='ocrx_word' id='word_1_397' title='bbox 1164 1513 1232 1547; x_wconf 91' lang='lat' dir='ltr'>laici</span> <span class='ocrx_word' id='word_1_398' title='bbox 1255 1525 1328 1547; x_wconf 77' lang='lat' dir='ltr'>vero</span> <span class='ocrx_word' id='word_1_399' title='bbox 1347 1512 1666 1547; x_wconf 80' lang='lat' dir='ltr'>excommunicationi</span> <span class='ocrx_word' id='word_1_400' title='bbox 1686 1513 1911 1548; x_wconf 86' lang='lat' dir='ltr'>subiiciendos.</span> 
     </span>
    </p>

    <p class='ocr_par' dir='ltr' id='par_1_9' title="bbox 1212 1561 1910 1605">
     <span class='ocr_line' id='line_1_78' title="bbox 1212 1561 1910 1605; baseline 0.001 -9"><span class='ocrx_word' id='word_1_401' title='bbox 1212 1562 1289 1596; x_wconf 70' lang='lat' dir='ltr'>Data</span> <span class='ocrx_word' id='word_1_402' title='bbox 1312 1561 1468 1605; x_wconf 76' lang='lat' dir='ltr'>Laterani,</span> <span class='ocrx_word' id='word_1_403' title='bbox 1486 1573 1505 1594; x_wconf 83' lang='lat' dir='ltr'>v</span> <span class='ocrx_word' id='word_1_404' title='bbox 1520 1573 1594 1596; x_wconf 92' lang='lat' dir='ltr'>non.</span> <span class='ocrx_word' id='word_1_405' title='bbox 1612 1562 1725 1602; x_wconf 82' lang='lat' dir='ltr'>martii,</span> <span class='ocrx_word' id='word_1_406' title='bbox 1748 1562 1910 1597; x_wconf 82' lang='lat' dir='ltr'>indict.tx.</span> 
     </span>
    </p>
   </div>
   <div class='ocr_carea' id='block_1_9' title="bbox 1230 1618 1841 1702">
    <p class='ocr_par' dir='ltr' id='par_1_10' title="bbox 1230 1618 1841 1702">
     <span class='ocr_line' id='line_1_79' title="bbox 1230 1618 1841 1656; baseline 0 -8"><span class='ocrx_word' id='word_1_407' title='bbox 1230 1618 1291 1648; x_wconf 79' lang='lat' dir='ltr'>Dat.</span> <span class='ocrx_word' id='word_1_408' title='bbox 1311 1619 1357 1649; x_wconf 89' lang='lat' dir='ltr'>die</span> <span class='ocrx_word' id='word_1_409' title='bbox 1376 1618 1393 1648; x_wconf 91' lang='lat'><strong>3</strong></span> <span class='ocrx_word' id='word_1_410' title='bbox 1412 1618 1509 1648; x_wconf 89' lang='lat' dir='ltr'>martii</span> <span class='ocrx_word' id='word_1_411' title='bbox 1528 1628 1603 1648; x_wconf 88' lang='lat' dir='ltr'>anno</span> <span class='ocrx_word' id='word_1_412' title='bbox 1622 1618 1738 1648; x_wconf 88' lang='lat' dir='ltr'>Domini</span> <span class='ocrx_word' id='word_1_413' title='bbox 1754 1619 1841 1656; x_wconf 72' lang='lat'>1101,</span> 
     </span>
     <span class='ocr_line' id='line_1_80' title="bbox 1414 1663 1659 1702; baseline 0.004 -10"><span class='ocrx_word' id='word_1_414' title='bbox 1414 1663 1517 1702; x_wconf 84' lang='lat' dir='ltr'>pontis.</span> <span class='ocrx_word' id='word_1_415' title='bbox 1535 1672 1612 1693; x_wconf 85' lang='lat' dir='ltr'>auno</span> <span class='ocrx_word' id='word_1_416' title='bbox 1630 1672 1659 1693; x_wconf 82' lang='grc' dir='ltr'>ιι.</span> 
     </span>
    </p>
   </div>
   <div class='ocr_carea' id='block_1_10' title="bbox 1484 1743 1586 1752">
    <p class='ocr_par' dir='ltr' id='par_1_11' title="bbox 1484 1743 1586 1752">
     <span class='ocr_line' id='line_1_81' title="bbox 1484 1743 1586 1752; baseline 0.01 -1"><span class='ocrx_word' id='word_1_417' title='bbox 1484 1743 1586 1752; x_wconf 74' lang='lat' dir='ltr'>·—n—</span> 
     </span>
    </p>
   </div>
   <div class='ocr_carea' id='block_1_11' title="bbox 1506 1826 1571 1861">
    <p class='ocr_par' dir='ltr' id='par_1_12' title="bbox 1506 1826 1571 1861">
     <span class='ocr_line' id='line_1_82' title="bbox 1506 1826 1571 1861; baseline -0.015 0"><span class='ocrx_word' id='word_1_418' title='bbox 1506 1826 1571 1861; x_wconf 87' lang='lat' dir='ltr'>vlt.</span> 
     </span>
    </p>
   </div>
   <div class='ocr_carea' id='block_1_12' title="bbox 1165 1908 1913 2058">
    <p class='ocr_par' dir='ltr' id='par_1_13' title="bbox 1165 1908 1913 2058">
     <span class='ocr_line' id='line_1_83' title="bbox 1165 1908 1913 1954; baseline 0.001 -12"><span class='ocrx_word' id='word_1_419' title='bbox 1165 1909 1365 1954; x_wconf 75' lang='lat' dir='ltr'>Confirmatio</span> <span class='ocrx_word' id='word_1_420' title='bbox 1390 1910 1541 1953; x_wconf 73' lang='lat' dir='ltr'>primatus</span> <span class='ocrx_word' id='word_1_421' title='bbox 1570 1908 1732 1942; x_wconf 78' lang='lat' dir='ltr'>Toletanae</span> <span class='ocrx_word' id='word_1_422' title='bbox 1758 1909 1913 1943; x_wconf 60' lang='lat' dir='ltr'>Ecclesiae</span> 
     </span>
     <span class='ocr_line' id='line_1_84' title="bbox 1210 1961 1913 2006; baseline -0.001 -11"><span class='ocrx_word' id='word_1_423' title='bbox 1210 1975 1301 2005; x_wconf 48' lang='lat' dir='ltr'>&gt;upra</span> <span class='ocrx_word' id='word_1_424' title='bbox 1325 1970 1457 1995; x_wconf 62' lang='lat' dir='ltr'>caeteras</span> <span class='ocrx_word' id='word_1_425' title='bbox 1478 1973 1579 1994; x_wconf 85' lang='lat' dir='ltr'>omnes</span> <span class='ocrx_word' id='word_1_426' title='bbox 1599 1961 1828 2006; x_wconf 76' lang='lat' dir='ltr'>Hispaniarum</span> <span class='ocrx_word' id='word_1_427' title='bbox 1852 1962 1913 1994; x_wconf 81' lang='lat' dir='ltr'>Ec-</span> 
     </span>
     <span class='ocr_line' id='line_1_85' title="bbox 1211 2017 1398 2058; baseline -0.005 -9"><span class='ocrx_word' id='word_1_428' title='bbox 1211 2017 1313 2049; x_wconf 74' lang='lat' dir='ltr'>ctesias</span> <span class='ocrx_word' id='word_1_429' title='bbox 1337 2018 1398 2058; x_wconf 66' lang='lat' dir='ltr'><em>(A).</em></span> 
     </span>
    </p>
   </div>
   <div class='ocr_carea' id='block_1_13' title="bbox 1162 2088 1912 2240">
    <p class='ocr_par' dir='ltr' id='par_1_14' title="bbox 1162 2088 1912 2240">
     <span class='ocr_line' id='line_1_86' title="bbox 1429 2088 1643 2120; baseline -0.005 0"><span class='ocrx_word' id='word_1_430' title='bbox 1429 2088 1643 2120; x_wconf 68' lang='lat' dir='ltr'>SUmtARtmt</span> 
     </span>
     <span class='ocr_line' id='line_1_87' title="bbox 1162 2145 1911 2195; baseline -0.001 -9"><span class='ocrx_word' id='word_1_431' title='bbox 1162 2155 1318 2186; x_wconf 86' lang='lat' dir='ltr'>Toletanae</span> <span class='ocrx_word' id='word_1_432' title='bbox 1348 2155 1495 2185; x_wconf 86' lang='lat' dir='ltr'>Ecclesiae</span> <span class='ocrx_word' id='word_1_433' title='bbox 1523 2155 1650 2194; x_wconf 81' lang='lat' dir='ltr'>dignitas</span> <span class='ocrx_word' id='word_1_434' title='bbox 1679 2156 1708 2185; x_wconf 90' lang='lat' dir='ltr'>iu</span> <span class='ocrx_word' id='word_1_435' title='bbox 1731 2145 1911 2195; x_wconf 42' lang='lat' dir='ltr'>multis&#39;sy-</span> 
     </span>
     <span class='ocr_line' id='line_1_88' title="bbox 1202 2199 1912 2240; baseline -0.001 -10"><span class='ocrx_word' id='word_1_436' title='bbox 1202 2202 1287 2231; x_wconf 91' lang='lat' dir='ltr'>nodis</span> <span class='ocrx_word' id='word_1_437' title='bbox 1317 2200 1516 2240; x_wconf 88' lang='lat' dir='ltr'>comprobata.</span> <span class='ocrx_word' id='word_1_438' title='bbox 1547 2217 1587 2222; x_wconf 91' lang='lat'>-—</span> <span class='ocrx_word' id='word_1_439' title='bbox 1616 2199 1756 2230; x_wconf 84' lang='lat' dir='ltr'>Toletana</span> <span class='ocrx_word' id='word_1_440' title='bbox 1783 2199 1854 2229; x_wconf 89' lang='lat' dir='ltr'>urbs</span> <span class='ocrx_word' id='word_1_441' title='bbox 1876 2199 1912 2229; x_wconf 85' lang='lat' dir='ltr'>ab</span> 
     </span>
    </p>
   </div>
   <div class='ocr_carea' id='block_1_14' title="bbox 1201 2243 1914 2590">
    <p class='ocr_par' dir='ltr' id='par_1_15' title="bbox 1201 2243 1914 2590">
     <span class='ocr_line' id='line_1_89' title="bbox 1201 2243 1914 2283; baseline -0.001 -9"><span class='ocrx_word' id='word_1_442' title='bbox 1201 2245 1348 2275; x_wconf 77' lang='lat' dir='ltr'>ildefonso</span> <span class='ocrx_word' id='word_1_443' title='bbox 1367 2253 1434 2283; x_wconf 78' lang='lat' dir='ltr'>rege</span> <span class='ocrx_word' id='word_1_444' title='bbox 1454 2254 1487 2273; x_wconf 79' lang='lat' dir='ltr'>ex</span> <span class='ocrx_word' id='word_1_445' title='bbox 1505 2244 1670 2274; x_wconf 74' lang='lat' dir='ltr'>Maurorum</span> <span class='ocrx_word' id='word_1_446' title='bbox 1690 2245 1830 2274; x_wconf 87' lang='lat' dir='ltr'>servitute</span> <span class='ocrx_word' id='word_1_447' title='bbox 1851 2243 1914 2273; x_wconf 90' lang='lat' dir='ltr'>vin·</span> 
     </span>
     <span class='ocr_line' id='line_1_90' title="bbox 1202 2288 1910 2328; baseline -0.001 -10"><span class='ocrx_word' id='word_1_448' title='bbox 1202 2290 1310 2325; x_wconf 90' lang='lat' dir='ltr'>dicata,</span> <span class='ocrx_word' id='word_1_449' title='bbox 1337 2289 1429 2328; x_wconf 89' lang='lat' dir='ltr'>prima</span> <span class='ocrx_word' id='word_1_450' title='bbox 1456 2288 1664 2328; x_wconf 86' lang='lat' dir='ltr'>Hispaniarum</span> <span class='ocrx_word' id='word_1_451' title='bbox 1693 2289 1778 2319; x_wconf 84' lang='lat' dir='ltr'>sedes</span> <span class='ocrx_word' id='word_1_452' title='bbox 1806 2288 1910 2318; x_wconf 84' lang='lat' dir='ltr'>decta-</span> 
     </span>
     <span class='ocr_line' id='line_1_91' title="bbox 1203 2332 1912 2372; baseline 0 -10"><span class='ocrx_word' id='word_1_453' title='bbox 1203 2338 1296 2362; x_wconf 88' lang='lat' dir='ltr'>ratur:</span> <span class='ocrx_word' id='word_1_454' title='bbox 1325 2334 1448 2372; x_wconf 84' lang='lat' dir='ltr'>eiusque</span> <span class='ocrx_word' id='word_1_455' title='bbox 1476 2333 1699 2372; x_wconf 88' lang='lat' dir='ltr'>archiepiscopo</span> <span class='ocrx_word' id='word_1_456' title='bbox 1729 2332 1811 2372; x_wconf 89' lang='lat' dir='ltr'>pallii</span> <span class='ocrx_word' id='word_1_457' title='bbox 1841 2341 1912 2361; x_wconf 90' lang='lat' dir='ltr'>usus</span> 
     </span>
     <span class='ocr_line' id='line_1_92' title="bbox 1202 2376 1911 2415; baseline 0.001 -10"><span class='ocrx_word' id='word_1_458' title='bbox 1202 2376 1382 2406; x_wconf 88' lang='lat' dir='ltr'>conceditur.</span> <span class='ocrx_word' id='word_1_459' title='bbox 1399 2393 1439 2398; x_wconf 89' lang='lat'>—</span> <span class='ocrx_word' id='word_1_460' title='bbox 1455 2376 1580 2406; x_wconf 78' lang='lat' dir='ltr'>Minores</span> <span class='ocrx_word' id='word_1_461' title='bbox 1603 2377 1726 2406; x_wconf 86' lang='lat' dir='ltr'>aliorum</span> <span class='ocrx_word' id='word_1_462' title='bbox 1753 2376 1911 2415; x_wconf 84' lang='lat' dir='ltr'>episcopo-</span> 
     </span>
     <span class='ocr_line' id='line_1_93' title="bbox 1202 2420 1914 2460; baseline -0.003 -10"><span class='ocrx_word' id='word_1_463' title='bbox 1202 2430 1266 2450; x_wconf 89' lang='lat' dir='ltr'>rum</span> <span class='ocrx_word' id='word_1_464' title='bbox 1286 2430 1393 2451; x_wconf 87' lang='lat' dir='ltr'>causac</span> <span class='ocrx_word' id='word_1_465' title='bbox 1421 2429 1472 2460; x_wconf 86' lang='lat' dir='ltr'>per</span> <span class='ocrx_word' id='word_1_466' title='bbox 1501 2421 1597 2459; x_wconf 90' lang='lat' dir='ltr'>ipsum</span> <span class='ocrx_word' id='word_1_467' title='bbox 1620 2420 1852 2458; x_wconf 79' lang='lat' dir='ltr'>cognoscendae.</span> <span class='ocrx_word' id='word_1_468' title='bbox 1873 2435 1914 2442; x_wconf 91' lang='lat'>--·</span> 
     </span>
     <span class='ocr_line' id='line_1_94' title="bbox 1202 2464 1911 2504; baseline -0.003 -9"><span class='ocrx_word' id='word_1_469' title='bbox 1202 2465 1293 2504; x_wconf 88' lang='lat' dir='ltr'>Eique</span> <span class='ocrx_word' id='word_1_470' title='bbox 1312 2465 1432 2495; x_wconf 88' lang='lat' dir='ltr'>subiicit</span> <span class='ocrx_word' id='word_1_471' title='bbox 1453 2465 1604 2495; x_wconf 89' lang='lat' dir='ltr'>dioeceses</span> <span class='ocrx_word' id='word_1_472' title='bbox 1628 2464 1839 2494; x_wconf 88' lang='lat' dir='ltr'>Saracenorum</span> <span class='ocrx_word' id='word_1_473' title='bbox 1862 2464 1911 2494; x_wconf 89' lang='lat' dir='ltr'>di-</span> 
     </span>
     <span class='ocr_line' id='line_1_95' title="bbox 1204 2508 1910 2547; baseline -0.004 -8"><span class='ocrx_word' id='word_1_474' title='bbox 1204 2509 1522 2544; x_wconf 87' lang='lat' dir='ltr'>tionisubiectas,cum</span> <span class='ocrx_word' id='word_1_475' title='bbox 1542 2509 1669 2547; x_wconf 89' lang='lat' dir='ltr'>primum</span> <span class='ocrx_word' id='word_1_476' title='bbox 1685 2508 1720 2537; x_wconf 88' lang='lat' dir='ltr'>de</span> <span class='ocrx_word' id='word_1_477' title='bbox 1739 2508 1910 2537; x_wconf 89' lang='lat' dir='ltr'>eorumdem</span> 
     </span>
     <span class='ocr_line' id='line_1_96' title="bbox 1205 2551 1911 2590; baseline -0.006 -6"><span class='ocrx_word' id='word_1_478' title='bbox 1205 2554 1342 2584; x_wconf 88' lang='lat' dir='ltr'>manibus</span> <span class='ocrx_word' id='word_1_479' title='bbox 1361 2553 1480 2583; x_wconf 84' lang='lat' dir='ltr'>liberari</span> <span class='ocrx_word' id='word_1_480' title='bbox 1501 2552 1665 2590; x_wconf 84' lang='lat' dir='ltr'>contigerit.</span> <span class='ocrx_word' id='word_1_481' title='bbox 1699 2569 1738 2574; x_wconf 94' lang='lat'><strong>—</strong></span> <span class='ocrx_word' id='word_1_482' title='bbox 1765 2551 1834 2581; x_wconf 91' lang='lat' dir='ltr'>lllos</span> <span class='ocrx_word' id='word_1_483' title='bbox 1861 2552 1911 2581; x_wconf 93' lang='lat' dir='ltr'>in-</span> 
     </span>
    </p>
   </div>
   <div class='ocr_carea' id='block_1_15' title="bbox 1163 2603 1912 2695">
    <p class='ocr_par' dir='ltr' id='par_1_16' title="bbox 1163 2603 1912 2695">
     <span class='ocr_line' id='line_1_97' title="bbox 1199 2603 1912 2654; baseline -0.003 -8"><span class='ocrx_word' id='word_1_484' title='bbox 1199 2621 1238 2654; x_wconf 83' lang='lat' dir='ltr'>(t)</span> <span class='ocrx_word' id='word_1_485' title='bbox 1256 2621 1374 2647; x_wconf 86' lang='lat' dir='ltr'>Forsitan</span> <span class='ocrx_word' id='word_1_486' title='bbox 1391 2623 1433 2646; x_wconf 83' lang='lat' dir='ltr'>nb.</span> <span class='ocrx_word' id='word_1_487' title='bbox 1471 2620 1510 2654; x_wconf 66' lang='lat'>(⁹2)</span> <span class='ocrx_word' id='word_1_488' title='bbox 1526 2620 1565 2646; x_wconf 78' lang='lat' dir='ltr'>Ex</span> <span class='ocrx_word' id='word_1_489' title='bbox 1586 2603 1649 2645; x_wconf 83' lang='lat' dir='ltr'>tom.</span> <span class='ocrx_word' id='word_1_490' title='bbox 1667 2625 1707 2645; x_wconf 86' lang='lat' dir='ltr'>xu</span> <span class='ocrx_word' id='word_1_491' title='bbox 1723 2618 1824 2646; x_wconf 86' lang='lat' dir='ltr'>Concil.</span> <span class='ocrx_word' id='word_1_492' title='bbox 1841 2618 1912 2645; x_wconf 82' lang='lat' dir='ltr'>iuter</span> 
     </span>
     <span class='ocr_line' id='line_1_98' title="bbox 1163 2659 1505 2695; baseline -0.006 -8"><span class='ocrx_word' id='word_1_493' title='bbox 1163 2660 1288 2695; x_wconf 79' lang='lat' dir='ltr'>epistolas</span> <span class='ocrx_word' id='word_1_494' title='bbox 1307 2659 1435 2686; x_wconf 85' lang='lat' dir='ltr'>Paschalis</span> <span class='ocrx_word' id='word_1_495' title='bbox 1456 2659 1505 2685; x_wconf 65' lang='lat' dir='ltr'>Pi).</span> 
     </span>
    </p>
   </div>
   <div class='ocr_carea' id='block_1_16' title="bbox 1943 284 2121 314">
    <p class='ocr_par' dir='ltr' id='par_1_17' title="bbox 1943 284 2121 314">
     <span class='ocr_line' id='line_1_99' title="bbox 1943 284 2121 314; baseline 0.011 -2"><span class='ocrx_word' id='word_1_496' title='bbox 1943 284 1993 312; x_wconf 77' lang='lat' dir='ltr'>An.</span> <span class='ocrx_word' id='word_1_497' title='bbox 2012 284 2121 314; x_wconf 81' lang='lat' dir='ltr'>c.1101</span> 
     </span>
    </p>
   </div>
   <div class='ocr_carea' id='block_1_17' title="bbox 1943 461 2163 518">
    <p class='ocr_par' dir='ltr' id='par_1_18' title="bbox 1943 461 2163 518">
     <span class='ocr_line' id='line_1_100' title="bbox 1967 461 2127 483; baseline 0 0"><span class='ocrx_word' id='word_1_498' title='bbox 1967 461 2023 483; x_wconf 75' lang='lat' dir='ltr'>Falsi</span> <span class='ocrx_word' id='word_1_499' title='bbox 2039 467 2127 483; x_wconf 79' lang='lat' dir='ltr'>accusa-</span> 
     </span>
     <span class='ocr_line' id='line_1_101' title="bbox 1943 488 2163 518; baseline 0.009 -9"><span class='ocrx_word' id='word_1_500' title='bbox 1943 491 1998 518; x_wconf 55' lang='lat' dir='ltr'>&#39;ores</span> <span class='ocrx_word' id='word_1_501' title='bbox 2028 488 2126 510; x_wconf 78' lang='lat' dir='ltr'>condem·</span> <span class='ocrx_word' id='word_1_502' title='bbox 2159 503 2163 506; x_wconf 93' lang='lat'>-</span> 
     </span>
    </p>
   </div>
   <div class='ocr_carea' id='block_1_18' title="bbox 2160 2149 2169 2282">
    <p class='ocr_par' dir='ltr' id='par_1_19' title="bbox 2160 2149 2169 2282">
     <span class='ocr_line' id='line_1_102' title="bbox 2160 2149 2169 2282; textangle 90"><span class='ocrx_word' id='word_1_503' title='bbox 2161 2227 2167 2282; x_wconf 41' lang='lat' dir='ltr'>*.-ae</span> <span class='ocrx_word' id='word_1_504' title='bbox 2160 2149 2169 2215; x_wconf 38' lang='grc' dir='ltr'>Ἄκη-ο</span> 
     </span>
    </p>
   </div>
  </div>
 </body>
</html>
