<?xml version="1.0" encoding="UTF-8"?>
<!DOCTYPE html PUBLIC "-//W3C//DTD XHTML 1.0 Transitional//EN"
    "http://www.w3.org/TR/xhtml1/DTD/xhtml1-transitional.dtd">
<html xmlns="http://www.w3.org/1999/xhtml" xml:lang="en" lang="en">
 <head>
  <title>
</title>
<meta http-equiv="Content-Type" content="text/html;charset=utf-8" />
  <meta name='ocr-system' content='tesseract 3.04.00' />
  <meta name='ocr-capabilities' content='ocr_page ocr_carea ocr_par ocr_line ocrx_word'/>
</head>
<body>
  <div class='ocr_page' id='page_1' title='image "./bullarumdiplomat02cath_0823.png"; bbox 0 0 2180 3205; ppageno 0'>
   <div class='ocr_carea' id='block_1_1' title="bbox 35 250 214 280">
    <p class='ocr_par' dir='ltr' id='par_1_1' title="bbox 35 250 214 280">
     <span class='ocr_line' id='line_1_1' title="bbox 35 250 214 280; baseline -0.006 0"><span class='ocrx_word' id='word_1_1' title='bbox 35 250 84 280; x_wconf 70' lang='lat' dir='ltr'>Aa.</span> <span class='ocrx_word' id='word_1_2' title='bbox 99 251 127 279; x_wconf 94' lang='lat' dir='ltr'>C.</span> <span class='ocrx_word' id='word_1_3' title='bbox 148 252 214 279; x_wconf 87' lang='grc'>1177</span> 
     </span>
    </p>
   </div>
   <div class='ocr_carea' id='block_1_2' title="bbox 19 305 976 1769">
    <p class='ocr_par' dir='ltr' id='par_1_2' title="bbox 19 305 976 1769">
     <span class='ocr_line' id='line_1_2' title="bbox 230 305 976 353; baseline 0.001 -12"><span class='ocrx_word' id='word_1_4' title='bbox 230 306 368 350; x_wconf 85' lang='lat' dir='ltr'>vitatem,</span> <span class='ocrx_word' id='word_1_5' title='bbox 389 306 522 351; x_wconf 69' lang='lat' dir='ltr'>Taven,</span> <span class='ocrx_word' id='word_1_6' title='bbox 544 306 651 342; x_wconf 80' lang='lat' dir='ltr'>Sancti</span> <span class='ocrx_word' id='word_1_7' title='bbox 674 305 836 353; x_wconf 75' lang='lat' dir='ltr'>Stephani,</span> <span class='ocrx_word' id='word_1_8' title='bbox 865 306 899 341; x_wconf 93' lang='lat' dir='ltr'>S.</span> <span class='ocrx_word' id='word_1_9' title='bbox 914 306 976 342; x_wconf 78' lang='lat' dir='ltr'>Fe-</span> 
     </span>
     <span class='ocr_line' id='line_1_3' title="bbox 229 355 974 396; baseline 0 -6"><span class='ocrx_word' id='word_1_10' title='bbox 229 356 307 396; x_wconf 84' lang='lat' dir='ltr'>licis,</span> <span class='ocrx_word' id='word_1_11' title='bbox 346 355 451 391; x_wconf 86' lang='lat' dir='ltr'>Sancti</span> <span class='ocrx_word' id='word_1_12' title='bbox 483 355 638 396; x_wconf 75' lang='lat' dir='ltr'>oldarici,</span> <span class='ocrx_word' id='word_1_13' title='bbox 672 356 837 391; x_wconf 88' lang='lat' dir='ltr'>ecclesiam</span> <span class='ocrx_word' id='word_1_14' title='bbox 867 355 974 390; x_wconf 84' lang='lat' dir='ltr'>Sancti</span> 
     </span>
     <span class='ocr_line' id='line_1_4' title="bbox 228 404 974 451; baseline -0.003 -11"><span class='ocrx_word' id='word_1_15' title='bbox 228 405 355 451; x_wconf 79' lang='lat' dir='ltr'>Georgii</span> <span class='ocrx_word' id='word_1_16' title='bbox 383 405 414 440; x_wconf 93' lang='lat' dir='ltr'>in</span> <span class='ocrx_word' id='word_1_17' title='bbox 443 405 519 440; x_wconf 90' lang='lat' dir='ltr'>urbe</span> <span class='ocrx_word' id='word_1_18' title='bbox 542 405 743 440; x_wconf 85' lang='lat' dir='ltr'>Venetiarum</span> <span class='ocrx_word' id='word_1_19' title='bbox 771 404 860 438; x_wconf 88' lang='lat' dir='ltr'>sitam</span> <span class='ocrx_word' id='word_1_20' title='bbox 891 404 974 438; x_wconf 79' lang='lat' dir='ltr'>iuxta</span> 
     </span>
     <span class='ocr_line' id='line_1_5' title="bbox 227 453 975 501; baseline -0.004 -12"><span class='ocrx_word' id='word_1_21' title='bbox 227 453 439 501; x_wconf 85' lang='lat' dir='ltr'>episcopalem</span> <span class='ocrx_word' id='word_1_22' title='bbox 474 454 581 489; x_wconf 91' lang='lat' dir='ltr'>sedem</span> <span class='ocrx_word' id='word_1_23' title='bbox 614 466 687 488; x_wconf 92' lang='lat' dir='ltr'>cum</span> <span class='ocrx_word' id='word_1_24' title='bbox 709 453 857 488; x_wconf 91' lang='lat' dir='ltr'>omnibus</span> <span class='ocrx_word' id='word_1_25' title='bbox 879 453 975 499; x_wconf 87' lang='lat' dir='ltr'>perti-</span> 
     </span>
     <span class='ocr_line' id='line_1_6' title="bbox 43 502 973 538; baseline -0.003 0"><span class='ocrx_word' id='word_1_26' title='bbox 43 505 212 533; x_wconf 64' lang='lat' dir='ltr'>¹³⁸92¹¹¹¹fl⁸¹¹¹¹¹·</span> <span class='ocrx_word' id='word_1_27' title='bbox 228 503 343 538; x_wconf 89' lang='lat' dir='ltr'>nentiis</span> <span class='ocrx_word' id='word_1_28' title='bbox 364 503 440 538; x_wconf 89' lang='lat' dir='ltr'>suis.</span> <span class='ocrx_word' id='word_1_29' title='bbox 468 502 557 537; x_wconf 82' lang='lat' dir='ltr'>Pallii</span> <span class='ocrx_word' id='word_1_30' title='bbox 581 514 653 537; x_wconf 88' lang='lat' dir='ltr'>vero</span> <span class='ocrx_word' id='word_1_31' title='bbox 680 514 771 537; x_wconf 90' lang='lat' dir='ltr'>usum</span> <span class='ocrx_word' id='word_1_32' title='bbox 801 502 973 536; x_wconf 71' lang='lat' dir='ltr'>rationabili</span> 
     </span>
     <span class='ocr_line' id='line_1_7' title="bbox 226 550 975 599; baseline -0.003 -13"><span class='ocrx_word' id='word_1_33' title='bbox 226 560 320 599; x_wconf 88' lang='lat' dir='ltr'>atque</span> <span class='ocrx_word' id='word_1_34' title='bbox 355 552 475 595; x_wconf 84' lang='lat' dir='ltr'>veraci,</span> <span class='ocrx_word' id='word_1_35' title='bbox 509 552 562 599; x_wconf 88' lang='lat' dir='ltr'>qui</span> <span class='ocrx_word' id='word_1_36' title='bbox 590 550 886 598; x_wconf 77' lang='lat' dir='ltr'>praedecessoribus</span> <span class='ocrx_word' id='word_1_37' title='bbox 914 551 975 585; x_wconf 88' lang='lat' dir='ltr'>tuis</span> 
     </span>
     <span class='ocr_line' id='line_1_8' title="bbox 226 600 974 648; baseline 0 -13"><span class='ocrx_word' id='word_1_38' title='bbox 226 613 285 648; x_wconf 88' lang='lat' dir='ltr'>pro</span> <span class='ocrx_word' id='word_1_39' title='bbox 307 601 406 647; x_wconf 89' lang='lat' dir='ltr'>ipsius</span> <span class='ocrx_word' id='word_1_40' title='bbox 432 600 594 635; x_wconf 80' lang='lat' dir='ltr'>Ecclesiae</span> <span class='ocrx_word' id='word_1_41' title='bbox 627 600 781 646; x_wconf 83' lang='lat' dir='ltr'>dignitate</span> <span class='ocrx_word' id='word_1_42' title='bbox 812 612 828 634; x_wconf 92' lang='lat' dir='ltr'>a</span> <span class='ocrx_word' id='word_1_43' title='bbox 861 601 974 635; x_wconf 81' lang='lat' dir='ltr'>nostris</span> 
     </span>
     <span class='ocr_line' id='line_1_9' title="bbox 225 649 972 689; baseline -0.003 -4"><span class='ocrx_word' id='word_1_44' title='bbox 225 649 480 685; x_wconf 76' lang='lat' dir='ltr'>antecessoribus</span> <span class='ocrx_word' id='word_1_45' title='bbox 513 657 562 684; x_wconf 86' lang='lat' dir='ltr'>est</span> <span class='ocrx_word' id='word_1_46' title='bbox 593 661 782 689; x_wconf 86' lang='lat' dir='ltr'>concessus,</span> <span class='ocrx_word' id='word_1_47' title='bbox 821 661 879 683; x_wconf 91' lang='lat' dir='ltr'>nos</span> <span class='ocrx_word' id='word_1_48' title='bbox 912 657 972 683; x_wconf 85' lang='lat' dir='ltr'>tam</span> 
     </span>
     <span class='ocr_line' id='line_1_10' title="bbox 225 698 974 745; baseline -0.003 -12"><span class='ocrx_word' id='word_1_49' title='bbox 225 698 281 733; x_wconf 90' lang='lat' dir='ltr'>tibi</span> <span class='ocrx_word' id='word_1_50' title='bbox 308 710 403 745; x_wconf 88' lang='lat' dir='ltr'>quam</span> <span class='ocrx_word' id='word_1_51' title='bbox 431 698 493 733; x_wconf 90' lang='lat' dir='ltr'>tuis</span> <span class='ocrx_word' id='word_1_52' title='bbox 524 698 761 733; x_wconf 86' lang='lat' dir='ltr'>successoribus</span> <span class='ocrx_word' id='word_1_53' title='bbox 799 699 974 732; x_wconf 81' lang='lat' dir='ltr'>conlirina—</span> 
     </span>
     <span class='ocr_line' id='line_1_11' title="bbox 224 746 974 793; baseline -0.003 -11"><span class='ocrx_word' id='word_1_54' title='bbox 224 759 309 792; x_wconf 86' lang='lat' dir='ltr'>mus,</span> <span class='ocrx_word' id='word_1_55' title='bbox 332 747 380 782; x_wconf 83' lang='lat' dir='ltr'>liis</span> <span class='ocrx_word' id='word_1_56' title='bbox 406 747 551 782; x_wconf 88' lang='lat' dir='ltr'>videlicet</span> <span class='ocrx_word' id='word_1_57' title='bbox 572 746 703 787; x_wconf 88' lang='lat' dir='ltr'>diebus,</span> <span class='ocrx_word' id='word_1_58' title='bbox 729 746 783 793; x_wconf 87' lang='lat' dir='ltr'>qui</span> <span class='ocrx_word' id='word_1_59' title='bbox 807 746 838 780; x_wconf 90' lang='lat' dir='ltr'>in</span> <span class='ocrx_word' id='word_1_60' title='bbox 861 746 974 781; x_wconf 84' lang='lat' dir='ltr'>Eccle-</span> 
     </span>
     <span class='ocr_line' id='line_1_12' title="bbox 224 795 973 843; baseline -0.001 -12"><span class='ocrx_word' id='word_1_61' title='bbox 224 796 290 831; x_wconf 82' lang='lat' dir='ltr'>siae</span> <span class='ocrx_word' id='word_1_62' title='bbox 320 804 391 831; x_wconf 87' lang='lat' dir='ltr'>tuae</span> <span class='ocrx_word' id='word_1_63' title='bbox 433 795 596 843; x_wconf 85' lang='lat' dir='ltr'>privilegio</span> <span class='ocrx_word' id='word_1_64' title='bbox 636 795 848 830; x_wconf 86' lang='lat' dir='ltr'>continentur.</span> <span class='ocrx_word' id='word_1_65' title='bbox 889 795 973 830; x_wconf 89' lang='lat' dir='ltr'>Sane</span> 
     </span>
     <span class='ocr_line' id='line_1_13' title="bbox 225 845 973 892; baseline -0.003 -12"><span class='ocrx_word' id='word_1_66' title='bbox 225 857 426 892; x_wconf 87' lang='lat' dir='ltr'>quocumque</span> <span class='ocrx_word' id='word_1_67' title='bbox 449 845 641 892; x_wconf 80' lang='lat' dir='ltr'>perrexeris,</span> <span class='ocrx_word' id='word_1_68' title='bbox 679 856 804 880; x_wconf 81' lang='lat' dir='ltr'>crucem</span> <span class='ocrx_word' id='word_1_69' title='bbox 840 852 909 878; x_wconf 87' lang='lat' dir='ltr'>ante</span> <span class='ocrx_word' id='word_1_70' title='bbox 945 853 973 879; x_wconf 89' lang='lat' dir='ltr'>te</span> 
     </span>
     <span class='ocr_line' id='line_1_14' title="bbox 224 893 971 929; baseline -0.003 0"><span class='ocrx_word' id='word_1_71' title='bbox 224 901 256 929; x_wconf 89' lang='lat' dir='ltr'>et</span> <span class='ocrx_word' id='word_1_72' title='bbox 288 902 360 929; x_wconf 91' lang='lat' dir='ltr'>tuos</span> <span class='ocrx_word' id='word_1_73' title='bbox 397 905 595 929; x_wconf 85' lang='lat' dir='ltr'>successores</span> <span class='ocrx_word' id='word_1_74' title='bbox 621 893 781 928; x_wconf 79' lang='lat' dir='ltr'>deferendi</span> <span class='ocrx_word' id='word_1_75' title='bbox 816 893 971 928; x_wconf 83' lang='lat' dir='ltr'>licentiam</span> 
     </span>
     <span class='ocr_line' id='line_1_15' title="bbox 223 942 971 988; baseline -0.001 -11"><span class='ocrx_word' id='word_1_76' title='bbox 223 944 406 978; x_wconf 85' lang='lat' dir='ltr'>auctoritate</span> <span class='ocrx_word' id='word_1_77' title='bbox 426 942 509 977; x_wconf 87' lang='lat' dir='ltr'>beati</span> <span class='ocrx_word' id='word_1_78' title='bbox 531 942 616 978; x_wconf 85' lang='lat' dir='ltr'>Petri</span> <span class='ocrx_word' id='word_1_79' title='bbox 634 951 665 977; x_wconf 90' lang='lat' dir='ltr'>et</span> <span class='ocrx_word' id='word_1_80' title='bbox 686 951 788 977; x_wconf 83' lang='lat' dir='ltr'>nostra</span> <span class='ocrx_word' id='word_1_81' title='bbox 811 942 971 988; x_wconf 76' lang='lat' dir='ltr'>largimus.</span> 
     </span>
     <span class='ocr_line' id='line_1_16' title="bbox 30 988 970 1044; baseline 0 -19"><span class='ocrx_word' id='word_1_82' title='bbox 30 988 134 1042; x_wconf 13' lang='grc' dir='ltr'>’ξ’-Ἓξ,</span> <span class='ocrx_word' id='word_1_83' title='bbox 154 997 210 1044; x_wconf 53' lang='grc' dir='ltr'>Ψῑζζ</span> <span class='ocrx_word' id='word_1_84' title='bbox 225 991 323 1026; x_wconf 87' lang='lat' dir='ltr'>Porro</span> <span class='ocrx_word' id='word_1_85' title='bbox 343 992 538 1036; x_wconf 84' lang='lat' dir='ltr'>comitatum,</span> <span class='ocrx_word' id='word_1_86' title='bbox 572 991 741 1026; x_wconf 82' lang='lat' dir='ltr'>marchiam</span> <span class='ocrx_word' id='word_1_87' title='bbox 769 999 799 1026; x_wconf 92' lang='lat' dir='ltr'>et</span> <span class='ocrx_word' id='word_1_88' title='bbox 823 991 970 1025; x_wconf 85' lang='lat' dir='ltr'>ducatum</span> 
     </span>
     <span class='ocr_line' id='line_1_17' title="bbox 19 1026 973 1087; baseline 0.001 -13"><span class='ocrx_word' id='word_1_89' title='bbox 19 1026 155 1074; x_wconf 50' lang='lat' dir='ltr'>guntione}</span> <span class='ocrx_word' id='word_1_90' title='bbox 165 1059 210 1074; x_wconf 76' lang='lat' dir='ltr'>om-</span> <span class='ocrx_word' id='word_1_91' title='bbox 224 1040 381 1086; x_wconf 85' lang='lat' dir='ltr'>regalibus</span> <span class='ocrx_word' id='word_1_92' title='bbox 401 1053 457 1076; x_wconf 91' lang='lat' dir='ltr'>seu</span> <span class='ocrx_word' id='word_1_93' title='bbox 484 1040 699 1086; x_wconf 83' lang='lat' dir='ltr'>imperialibus</span> <span class='ocrx_word' id='word_1_94' title='bbox 722 1040 892 1087; x_wconf 78' lang='lat' dir='ltr'>privilegiis</span> <span class='ocrx_word' id='word_1_95' title='bbox 912 1040 973 1075; x_wconf 89' lang='lat' dir='ltr'>Ec-</span> 
     </span>
     <span class='ocr_line' id='line_1_18' title="bbox 22 1083 972 1136; baseline -0.003 -11"><span class='ocrx_word' id='word_1_96' title='bbox 22 1083 208 1106; x_wconf 74' lang='lat'>⁸‘⁸&#39;⁸‘⁸⁸¹¹¹¹&#39;⁰²·</span> <span class='ocrx_word' id='word_1_97' title='bbox 221 1089 335 1125; x_wconf 88' lang='lat' dir='ltr'>ciesiae</span> <span class='ocrx_word' id='word_1_98' title='bbox 360 1098 432 1125; x_wconf 89' lang='lat' dir='ltr'>tuae</span> <span class='ocrx_word' id='word_1_99' title='bbox 453 1101 618 1133; x_wconf 86' lang='lat' dir='ltr'>concessa,</span> <span class='ocrx_word' id='word_1_100' title='bbox 646 1101 704 1123; x_wconf 91' lang='lat' dir='ltr'>nos</span> <span class='ocrx_word' id='word_1_101' title='bbox 731 1101 858 1135; x_wconf 90' lang='lat' dir='ltr'>quoque</span> <span class='ocrx_word' id='word_1_102' title='bbox 882 1101 972 1136; x_wconf 85' lang='lat' dir='ltr'>prae-</span> 
     </span>
     <span class='ocr_line' id='line_1_19' title="bbox 221 1137 972 1174; baseline -0.003 -1"><span class='ocrx_word' id='word_1_103' title='bbox 221 1139 320 1174; x_wconf 89' lang='lat' dir='ltr'>sentis</span> <span class='ocrx_word' id='word_1_104' title='bbox 345 1139 463 1174; x_wconf 87' lang='lat' dir='ltr'>decreti</span> <span class='ocrx_word' id='word_1_105' title='bbox 491 1139 652 1173; x_wconf 75' lang='lat' dir='ltr'>sanctione</span> <span class='ocrx_word' id='word_1_106' title='bbox 683 1137 890 1172; x_wconf 87' lang='lat' dir='ltr'>nihilominus</span> <span class='ocrx_word' id='word_1_107' title='bbox 913 1150 972 1172; x_wconf 91' lang='lat' dir='ltr'>ro-</span> 
     </span>
     <span class='ocr_line' id='line_1_20' title="bbox 221 1186 972 1233; baseline -0.003 -11"><span class='ocrx_word' id='word_1_108' title='bbox 221 1186 382 1223; x_wconf 86' lang='lat' dir='ltr'>boramus.</span> <span class='ocrx_word' id='word_1_109' title='bbox 406 1187 582 1222; x_wconf 89' lang='lat' dir='ltr'>Statuimus</span> <span class='ocrx_word' id='word_1_110' title='bbox 602 1187 707 1227; x_wconf 85' lang='lat' dir='ltr'>etiam,</span> <span class='ocrx_word' id='word_1_111' title='bbox 739 1195 771 1220; x_wconf 88' lang='lat' dir='ltr'>ut</span> <span class='ocrx_word' id='word_1_112' title='bbox 801 1199 972 1233; x_wconf 84' lang='lat' dir='ltr'>quascum-</span> 
     </span>
     <span class='ocr_line' id='line_1_21' title="bbox 221 1235 972 1284; baseline 0 -14"><span class='ocrx_word' id='word_1_113' title='bbox 221 1248 283 1283; x_wconf 88' lang='lat' dir='ltr'>que</span> <span class='ocrx_word' id='word_1_114' title='bbox 294 1236 521 1284; x_wconf 87' lang='lat' dir='ltr'>possessiones‚</span> <span class='ocrx_word' id='word_1_115' title='bbox 536 1247 756 1284; x_wconf 88' lang='lat' dir='ltr'>quaecumque</span> <span class='ocrx_word' id='word_1_116' title='bbox 771 1235 854 1270; x_wconf 90' lang='lat' dir='ltr'>bona</span> <span class='ocrx_word' id='word_1_117' title='bbox 872 1236 972 1282; x_wconf 84' lang='lat' dir='ltr'>Aqui-</span> 
     </span>
     <span class='ocr_line' id='line_1_22' title="bbox 221 1285 970 1331; baseline 0.001 -12"><span class='ocrx_word' id='word_1_118' title='bbox 221 1285 351 1321; x_wconf 89' lang='lat' dir='ltr'>leiensis</span> <span class='ocrx_word' id='word_1_119' title='bbox 383 1285 524 1320; x_wconf 87' lang='lat' dir='ltr'>Ecclesia</span> <span class='ocrx_word' id='word_1_120' title='bbox 560 1285 851 1331; x_wconf 75' lang='lat' dir='ltr'>impraesentiarum</span> <span class='ocrx_word' id='word_1_121' title='bbox 891 1286 970 1320; x_wconf 86' lang='lat' dir='ltr'>iuste</span> 
     </span>
     <span class='ocr_line' id='line_1_23' title="bbox 220 1333 970 1381; baseline -0.004 -12"><span class='ocrx_word' id='word_1_122' title='bbox 220 1346 258 1370; x_wconf 89' lang='lat' dir='ltr'>ac</span> <span class='ocrx_word' id='word_1_123' title='bbox 284 1335 423 1380; x_wconf 79' lang='lat' dir='ltr'>legitime</span> <span class='ocrx_word' id='word_1_124' title='bbox 459 1333 619 1381; x_wconf 85' lang='lat' dir='ltr'>possidet,</span> <span class='ocrx_word' id='word_1_125' title='bbox 657 1343 711 1368; x_wconf 91' lang='lat' dir='ltr'>aut</span> <span class='ocrx_word' id='word_1_126' title='bbox 738 1334 768 1368; x_wconf 91' lang='lat' dir='ltr'>in</span> <span class='ocrx_word' id='word_1_127' title='bbox 807 1333 970 1374; x_wconf 85' lang='lat' dir='ltr'>futurum,</span> 
     </span>
     <span class='ocr_line' id='line_1_24' title="bbox 220 1382 968 1430; baseline -0.004 -11"><span class='ocrx_word' id='word_1_128' title='bbox 220 1391 400 1430; x_wconf 86' lang='lat' dir='ltr'>praestante</span> <span class='ocrx_word' id='word_1_129' title='bbox 426 1382 505 1427; x_wconf 88' lang='lat' dir='ltr'>Deo,</span> <span class='ocrx_word' id='word_1_130' title='bbox 548 1382 663 1429; x_wconf 90' lang='lat' dir='ltr'>poterit</span> <span class='ocrx_word' id='word_1_131' title='bbox 702 1382 854 1428; x_wconf 84' lang='lat' dir='ltr'>adipisci,</span> <span class='ocrx_word' id='word_1_132' title='bbox 882 1382 968 1416; x_wconf 81' lang='lat' dir='ltr'>lirina</span> 
     </span>
     <span class='ocr_line' id='line_1_25' title="bbox 221 1431 970 1478; baseline -0.001 -12"><span class='ocrx_word' id='word_1_133' title='bbox 221 1431 277 1467; x_wconf 88' lang='lat' dir='ltr'>tibi</span> <span class='ocrx_word' id='word_1_134' title='bbox 305 1433 430 1478; x_wconf 86' lang='lat' dir='ltr'>tuisque</span> <span class='ocrx_word' id='word_1_135' title='bbox 451 1431 687 1466; x_wconf 88' lang='lat' dir='ltr'>successoribus</span> <span class='ocrx_word' id='word_1_136' title='bbox 709 1439 741 1465; x_wconf 89' lang='lat' dir='ltr'>et</span> <span class='ocrx_word' id='word_1_137' title='bbox 761 1431 877 1466; x_wconf 87' lang='lat' dir='ltr'>illibata</span> <span class='ocrx_word' id='word_1_138' title='bbox 898 1444 970 1477; x_wconf 91' lang='lat' dir='ltr'>per-</span> 
     </span>
     <span class='ocr_line' id='line_1_26' title="bbox 219 1480 965 1516; baseline -0.004 0"><span class='ocrx_word' id='word_1_139' title='bbox 219 1489 386 1516; x_wconf 84' lang='lat' dir='ltr'>maneant:</span> <span class='ocrx_word' id='word_1_140' title='bbox 413 1481 499 1516; x_wconf 86' lang='lat' dir='ltr'>salvo</span> <span class='ocrx_word' id='word_1_141' title='bbox 526 1480 678 1514; x_wconf 88' lang='lat' dir='ltr'>nimirum</span> <span class='ocrx_word' id='word_1_142' title='bbox 700 1480 731 1513; x_wconf 90' lang='lat' dir='ltr'>in</span> <span class='ocrx_word' id='word_1_143' title='bbox 760 1480 910 1514; x_wconf 86' lang='lat' dir='ltr'>omnibus</span> <span class='ocrx_word' id='word_1_144' title='bbox 931 1480 965 1514; x_wconf 92' lang='lat' dir='ltr'>S.</span> 
     </span>
     <span class='ocr_line' id='line_1_27' title="bbox 220 1529 967 1565; baseline -0.004 0"><span class='ocrx_word' id='word_1_145' title='bbox 220 1529 382 1565; x_wconf 87' lang='lat' dir='ltr'>Romanae</span> <span class='ocrx_word' id='word_1_146' title='bbox 424 1529 586 1564; x_wconf 87' lang='lat' dir='ltr'>Ecclesiae</span> <span class='ocrx_word' id='word_1_147' title='bbox 628 1529 695 1563; x_wconf 92' lang='lat' dir='ltr'>iure</span> <span class='ocrx_word' id='word_1_148' title='bbox 726 1537 757 1563; x_wconf 91' lang='lat' dir='ltr'>et</span> <span class='ocrx_word' id='word_1_149' title='bbox 785 1529 967 1563; x_wconf 83' lang='lat' dir='ltr'>reverentia.</span> 
     </span>
     <span class='ocr_line' id='line_1_28' title="bbox 219 1577 969 1624; baseline -0.004 -10"><span class='ocrx_word' id='word_1_150' title='bbox 219 1578 430 1614; x_wconf 86' lang='lat' dir='ltr'>Deccrnimus</span> <span class='ocrx_word' id='word_1_151' title='bbox 455 1590 546 1624; x_wconf 83' lang='lat' dir='ltr'>ergo,</span> <span class='ocrx_word' id='word_1_152' title='bbox 574 1585 608 1612; x_wconf 90' lang='lat' dir='ltr'>ut</span> <span class='ocrx_word' id='word_1_153' title='bbox 642 1577 719 1612; x_wconf 90' lang='lat' dir='ltr'>nulli</span> <span class='ocrx_word' id='word_1_154' title='bbox 746 1577 876 1612; x_wconf 89' lang='lat' dir='ltr'>omnino</span> <span class='ocrx_word' id='word_1_155' title='bbox 913 1578 969 1612; x_wconf 85' lang='lat' dir='ltr'>ho-</span> 
     </span>
     <span class='ocr_line' id='line_1_29' title="bbox 219 1626 969 1674; baseline -0.001 -12"><span class='ocrx_word' id='word_1_156' title='bbox 219 1627 341 1662; x_wconf 90' lang='lat' dir='ltr'>minum</span> <span class='ocrx_word' id='word_1_157' title='bbox 381 1627 474 1662; x_wconf 85' lang='lat' dir='ltr'>liceat</span> <span class='ocrx_word' id='word_1_158' title='bbox 509 1627 678 1674; x_wconf 82' lang='lat' dir='ltr'>praefatam</span> <span class='ocrx_word' id='word_1_159' title='bbox 705 1626 880 1661; x_wconf 89' lang='lat' dir='ltr'>Ecclesiam</span> <span class='ocrx_word' id='word_1_160' title='bbox 916 1634 969 1661; x_wconf 89' lang='lat' dir='ltr'>te-</span> 
     </span>
     <span class='ocr_line' id='line_1_30' title="bbox 219 1675 967 1723; baseline -0.001 -13"><span class='ocrx_word' id='word_1_161' title='bbox 219 1688 306 1712; x_wconf 87' lang='lat' dir='ltr'>mere</span> <span class='ocrx_word' id='word_1_162' title='bbox 344 1676 526 1723; x_wconf 87' lang='lat' dir='ltr'>perturbare</span> <span class='ocrx_word' id='word_1_163' title='bbox 558 1684 612 1710; x_wconf 82' lang='lat' dir='ltr'>etc.</span> <span class='ocrx_word' id='word_1_164' title='bbox 641 1675 676 1710; x_wconf 90' lang='lat' dir='ltr'>Si</span> <span class='ocrx_word' id='word_1_165' title='bbox 711 1688 772 1722; x_wconf 90' lang='lat' dir='ltr'>qua</span> <span class='ocrx_word' id='word_1_166' title='bbox 800 1676 893 1721; x_wconf 81' lang='lat' dir='ltr'>igitur</span> <span class='ocrx_word' id='word_1_167' title='bbox 914 1683 967 1710; x_wconf 84' lang='lat' dir='ltr'>etc.</span> 
     </span>
     <span class='ocr_line' id='line_1_31' title="bbox 217 1723 896 1769; baseline -0.003 -9"><span class='ocrx_word' id='word_1_168' title='bbox 217 1723 352 1762; x_wconf 88' lang='lat' dir='ltr'>Cunctis</span> <span class='ocrx_word' id='word_1_169' title='bbox 378 1733 483 1761; x_wconf 89' lang='lat' dir='ltr'>autem</span> <span class='ocrx_word' id='word_1_170' title='bbox 509 1733 562 1759; x_wconf 83' lang='lat' dir='ltr'>etc.</span> <span class='ocrx_word' id='word_1_171' title='bbox 590 1724 706 1769; x_wconf 88' lang='lat' dir='ltr'>Arnen,</span> <span class='ocrx_word' id='word_1_172' title='bbox 727 1737 818 1760; x_wconf 89' lang='lat' dir='ltr'>amen</span> <span class='ocrx_word' id='word_1_173' title='bbox 842 1728 896 1769; x_wconf 85' lang='lat'>(1).</span> 
     </span>
    </p>
   </div>
   <div class='ocr_carea' id='block_1_3' title="bbox 0 842 212 896">
    <p class='ocr_par' dir='ltr' id='par_1_3' title="bbox 0 842 212 896">
     <span class='ocr_line' id='line_1_32' title="bbox 0 842 212 876; baseline 0.005 -11"><span class='ocrx_word' id='word_1_174' title='bbox 0 866 1 876; x_wconf 16' lang='grc' dir='ltr'>ἵ</span> <span class='ocrx_word' id='word_1_175' title='bbox 34 842 66 865; x_wconf 71' lang='lat' dir='ltr'>Ac</span> <span class='ocrx_word' id='word_1_176' title='bbox 73 844 144 865; x_wconf 76' lang='lat' dir='ltr'>eneis</span> <span class='ocrx_word' id='word_1_177' title='bbox 150 849 212 872; x_wconf 74' lang='lat' dir='ltr'>prae-</span> 
     </span>
     <span class='ocr_line' id='line_1_33' title="bbox 0 871 135 896; baseline 0 -1"><span class='ocrx_word' id='word_1_178' title='bbox 0 882 1 885; x_wconf 51' lang='lat'><em>*</em></span> <span class='ocrx_word' id='word_1_179' title='bbox 22 871 135 896; x_wconf 64' lang='lat' dir='ltr'>›hnic-em.</span> 
     </span>
    </p>
   </div>
   <div class='ocr_carea' id='block_1_4' title="bbox 537 1873 649 1908">
    <p class='ocr_par' dir='ltr' id='par_1_4' title="bbox 537 1873 649 1908">
     <span class='ocr_line' id='line_1_34' title="bbox 537 1873 649 1908; baseline -0.009 0"><span class='ocrx_word' id='word_1_180' title='bbox 537 1873 649 1908; x_wconf 88' lang='lat' dir='ltr'>XCIV.</span> 
     </span>
    </p>
   </div>
   <div class='ocr_carea' id='block_1_5' title="bbox 253 1945 936 2028">
    <p class='ocr_par' dir='ltr' id='par_1_5' title="bbox 253 1945 936 2028">
     <span class='ocr_line' id='line_1_35' title="bbox 253 1945 936 1990; baseline -0.001 -10"><span class='ocrx_word' id='word_1_181' title='bbox 253 1945 388 1981; x_wconf 78' lang='lat' dir='ltr'>Indictio</span> <span class='ocrx_word' id='word_1_182' title='bbox 414 1946 465 1980; x_wconf 84' lang='lat' dir='ltr'>XI</span> <span class='ocrx_word' id='word_1_183' title='bbox 481 1946 565 1979; x_wconf 79' lang='lat' dir='ltr'>sacri</span> <span class='ocrx_word' id='word_1_184' title='bbox 588 1952 614 1978; x_wconf 81' lang='lat' dir='ltr'>et</span> <span class='ocrx_word' id='word_1_185' title='bbox 635 1946 786 1990; x_wconf 73' lang='lat' dir='ltr'>qeneralis</span> <span class='ocrx_word' id='word_1_186' title='bbox 814 1946 936 1979; x_wconf 81' lang='lat' dir='ltr'>concilii</span> 
     </span>
     <span class='ocr_line' id='line_1_36' title="bbox 445 1995 739 2028; baseline -0.003 0"><span class='ocrx_word' id='word_1_187' title='bbox 445 1995 662 2028; x_wconf 76' lang='lat' dir='ltr'>Lateranensis</span> <span class='ocrx_word' id='word_1_188' title='bbox 676 1995 739 2028; x_wconf 83' lang='grc'>111.</span> 
     </span>
    </p>
   </div>
   <div class='ocr_carea' id='block_1_6' title="bbox 485 2062 701 2093">
    <p class='ocr_par' dir='ltr' id='par_1_6' title="bbox 485 2062 701 2093">
     <span class='ocr_line' id='line_1_37' title="bbox 485 2062 701 2093; baseline -0.005 0"><span class='ocrx_word' id='word_1_189' title='bbox 485 2062 701 2093; x_wconf 75' lang='lat' dir='ltr'><strong>SUMMARIUM</strong></span> 
     </span>
    </p>
   </div>
   <div class='ocr_carea' id='block_1_7' title="bbox 218 2125 967 2205">
    <p class='ocr_par' dir='ltr' id='par_1_7' title="bbox 218 2125 967 2205">
     <span class='ocr_line' id='line_1_38' title="bbox 218 2125 967 2166; baseline -0.003 -9"><span class='ocrx_word' id='word_1_190' title='bbox 218 2125 250 2157; x_wconf 89' lang='lat' dir='ltr'>Si</span> <span class='ocrx_word' id='word_1_191' title='bbox 267 2135 343 2166; x_wconf 87' lang='lat' dir='ltr'>quae</span> <span class='ocrx_word' id='word_1_192' title='bbox 365 2126 395 2155; x_wconf 91' lang='lat' dir='ltr'>in</span> <span class='ocrx_word' id='word_1_193' title='bbox 420 2125 550 2155; x_wconf 85' lang='lat' dir='ltr'>Ecclesia</span> <span class='ocrx_word' id='word_1_194' title='bbox 573 2125 649 2155; x_wconf 87' lang='lat' dir='ltr'>mala</span> <span class='ocrx_word' id='word_1_195' title='bbox 679 2125 891 2161; x_wconf 88' lang='lat' dir='ltr'>suboriuntur,</span> <span class='ocrx_word' id='word_1_196' title='bbox 920 2125 967 2155; x_wconf 88' lang='lat' dir='ltr'>illa</span> 
     </span>
     <span class='ocr_line' id='line_1_39' title="bbox 259 2165 967 2205; baseline -0.001 -10"><span class='ocrx_word' id='word_1_197' title='bbox 259 2169 412 2205; x_wconf 85' lang='lat' dir='ltr'>amputare</span> <span class='ocrx_word' id='word_1_198' title='bbox 439 2174 563 2195; x_wconf 88' lang='lat' dir='ltr'>necesse</span> <span class='ocrx_word' id='word_1_199' title='bbox 581 2170 643 2195; x_wconf 87' lang='lat' dir='ltr'>est:</span> <span class='ocrx_word' id='word_1_200' title='bbox 665 2182 704 2187; x_wconf 97' lang='lat'><strong>—</strong></span> <span class='ocrx_word' id='word_1_201' title='bbox 730 2165 812 2201; x_wconf 85' lang='lat' dir='ltr'>Quod</span> <span class='ocrx_word' id='word_1_202' title='bbox 836 2165 967 2194; x_wconf 88' lang='lat' dir='ltr'>omnium</span> 
     </span>
    </p>
   </div>
   <div class='ocr_carea' id='block_1_8' title="bbox 218 2225 969 2649">
    <p class='ocr_par' dir='ltr' id='par_1_8' title="bbox 218 2225 969 2649">
     <span class='ocr_line' id='line_1_40' title="bbox 254 2225 967 2261; baseline -0.003 -8"><span class='ocrx_word' id='word_1_203' title='bbox 254 2225 295 2261; x_wconf 82' lang='lat'>(¹)</span> <span class='ocrx_word' id='word_1_204' title='bbox 310 2225 446 2261; x_wconf 82' lang='lat' dir='ltr'>Ughellius</span> <span class='ocrx_word' id='word_1_205' title='bbox 460 2230 522 2261; x_wconf 84' lang='lat' dir='ltr'>post</span> <span class='ocrx_word' id='word_1_206' title='bbox 536 2226 643 2253; x_wconf 86' lang='lat' dir='ltr'>allatum</span> <span class='ocrx_word' id='word_1_207' title='bbox 659 2226 791 2261; x_wconf 86' lang='lat' dir='ltr'>diploma:</span> <span class='ocrx_word' id='word_1_208' title='bbox 808 2228 949 2252; x_wconf 79' lang='lat' dir='ltr'>Probabile</span> <span class='ocrx_word' id='word_1_209' title='bbox 960 2246 967 2257; x_wconf 96' lang='lat'>,</span> 
     </span>
     <span class='ocr_line' id='line_1_41' title="bbox 218 2265 967 2301; baseline -0.001 -9"><span class='ocrx_word' id='word_1_210' title='bbox 218 2265 316 2301; x_wconf 86' lang='lat' dir='ltr'>inquit,</span> <span class='ocrx_word' id='word_1_211' title='bbox 335 2269 407 2292; x_wconf 80' lang='lat' dir='ltr'>certe</span> <span class='ocrx_word' id='word_1_212' title='bbox 424 2268 538 2298; x_wconf 76' lang='lat' dir='ltr'>videtur,</span> <span class='ocrx_word' id='word_1_213' title='bbox 564 2267 639 2292; x_wconf 80' lang='lat' dir='ltr'>hocce</span> <span class='ocrx_word' id='word_1_214' title='bbox 660 2267 828 2298; x_wconf 62' lang='lat' dir='ltr'>privilegium</span> <span class='ocrx_word' id='word_1_215' title='bbox 846 2267 879 2291; x_wconf 82' lang='lat' dir='ltr'>ab</span> <span class='ocrx_word' id='word_1_216' title='bbox 904 2268 967 2291; x_wconf 79' lang='lat' dir='ltr'>Ale-</span> 
     </span>
     <span class='ocr_line' id='line_1_42' title="bbox 219 2304 967 2337; baseline -0.003 -5"><span class='ocrx_word' id='word_1_217' title='bbox 219 2306 326 2332; x_wconf 73' lang='lat' dir='ltr'>:candro</span> <span class='ocrx_word' id='word_1_218' title='bbox 344 2305 435 2331; x_wconf 71' lang='lat' dir='ltr'>Uli-ico</span> <span class='ocrx_word' id='word_1_219' title='bbox 451 2313 600 2331; x_wconf 80' lang='lat' dir='ltr'>concessum</span> <span class='ocrx_word' id='word_1_220' title='bbox 612 2304 726 2330; x_wconf 63' lang='lat' dir='ltr'>Veneriis</span> <span class='ocrx_word' id='word_1_221' title='bbox 737 2313 808 2330; x_wconf 79' lang='lat' dir='ltr'>anno</span> <span class='ocrx_word' id='word_1_222' title='bbox 822 2305 898 2337; x_wconf 80' lang='lat'>1177,</span> <span class='ocrx_word' id='word_1_223' title='bbox 910 2314 967 2330; x_wconf 77' lang='lat' dir='ltr'>cum</span> 
     </span>
     <span class='ocr_line' id='line_1_43' title="bbox 219 2344 967 2376; baseline -0.001 -6"><span class='ocrx_word' id='word_1_224' title='bbox 219 2345 286 2370; x_wconf 71' lang='lat' dir='ltr'>idem</span> <span class='ocrx_word' id='word_1_225' title='bbox 305 2345 410 2370; x_wconf 73' lang='lat' dir='ltr'>olricus</span> <span class='ocrx_word' id='word_1_226' title='bbox 425 2346 452 2370; x_wconf 80' lang='lat' dir='ltr'>in</span> <span class='ocrx_word' id='word_1_227' title='bbox 467 2346 586 2376; x_wconf 71' lang='lat' dir='ltr'>qratiam</span> <span class='ocrx_word' id='word_1_228' title='bbox 602 2344 672 2369; x_wconf 82' lang='lat' dir='ltr'>Sedis</span> <span class='ocrx_word' id='word_1_229' title='bbox 692 2345 855 2376; x_wconf 76' lang='lat' dir='ltr'>Apostolicae</span> <span class='ocrx_word' id='word_1_230' title='bbox 871 2347 967 2370; x_wconf 74' lang='lat' dir='ltr'>rediis-</span> 
     </span>
     <span class='ocr_line' id='line_1_44' title="bbox 218 2383 968 2418; baseline 0.001 -9"><span class='ocrx_word' id='word_1_231' title='bbox 218 2387 274 2411; x_wconf 67' lang='lat' dir='ltr'>set:</span> <span class='ocrx_word' id='word_1_232' title='bbox 288 2383 436 2411; x_wconf 78' lang='lat' dir='ltr'>Octaviano</span> <span class='ocrx_word' id='word_1_233' title='bbox 451 2384 521 2411; x_wconf 87' lang='lat' dir='ltr'>enim</span> <span class='ocrx_word' id='word_1_234' title='bbox 537 2385 677 2418; x_wconf 82' lang='lat' dir='ltr'>antipapae</span> <span class='ocrx_word' id='word_1_235' title='bbox 690 2383 854 2416; x_wconf 84' lang='lat' dir='ltr'>adhaeserat,</span> <span class='ocrx_word' id='word_1_236' title='bbox 872 2385 968 2411; x_wconf 82' lang='lat' dir='ltr'>sacris-</span> 
     </span>
     <span class='ocr_line' id='line_1_45' title="bbox 219 2423 968 2458; baseline -0.003 -7"><span class='ocrx_word' id='word_1_237' title='bbox 219 2431 273 2458; x_wconf 84' lang='lat' dir='ltr'>que</span> <span class='ocrx_word' id='word_1_238' title='bbox 285 2423 428 2451; x_wconf 83' lang='lat' dir='ltr'>innodatus</span> <span class='ocrx_word' id='word_1_239' title='bbox 451 2423 485 2450; x_wconf 84' lang='lat' dir='ltr'>ad</span> <span class='ocrx_word' id='word_1_240' title='bbox 501 2423 664 2450; x_wconf 85' lang='lat' dir='ltr'>Fridericum</span> <span class='ocrx_word' id='word_1_241' title='bbox 682 2423 864 2450; x_wconf 86' lang='lat' dir='ltr'>AEnobarbum</span> <span class='ocrx_word' id='word_1_242' title='bbox 883 2423 968 2450; x_wconf 87' lang='lat' dir='ltr'>desci-</span> 
     </span>
     <span class='ocr_line' id='line_1_46' title="bbox 219 2463 969 2494; baseline -0.003 -3"><span class='ocrx_word' id='word_1_243' title='bbox 219 2467 306 2494; x_wconf 85' lang='lat' dir='ltr'>verat.</span> <span class='ocrx_word' id='word_1_244' title='bbox 323 2463 375 2491; x_wconf 89' lang='lat' dir='ltr'>Sed</span> <span class='ocrx_word' id='word_1_245' title='bbox 390 2471 460 2490; x_wconf 89' lang='lat' dir='ltr'>anno</span> <span class='ocrx_word' id='word_1_246' title='bbox 479 2464 545 2490; x_wconf 85' lang='lat'><strong>1177</strong></span> <span class='ocrx_word' id='word_1_247' title='bbox 557 2463 676 2490; x_wconf 81' lang='lat' dir='ltr'>Venetiis</span> <span class='ocrx_word' id='word_1_248' title='bbox 690 2471 750 2489; x_wconf 85' lang='lat' dir='ltr'>cum</span> <span class='ocrx_word' id='word_1_249' title='bbox 765 2468 837 2490; x_wconf 86' lang='lat' dir='ltr'>esset</span> <span class='ocrx_word' id='word_1_250' title='bbox 853 2463 969 2490; x_wconf 73' lang='lat' dir='ltr'>Alexan-</span> 
     </span>
     <span class='ocr_line' id='line_1_47' title="bbox 219 2502 968 2536; baseline -0.003 -6"><span class='ocrx_word' id='word_1_251' title='bbox 219 2504 266 2531; x_wconf 88' lang='lat' dir='ltr'>der</span> <span class='ocrx_word' id='word_1_252' title='bbox 278 2503 341 2535; x_wconf 63' lang='lat' dir='ltr'>PP„</span> <span class='ocrx_word' id='word_1_253' title='bbox 357 2503 381 2530; x_wconf 83' lang='lat' dir='ltr'>ei</span> <span class='ocrx_word' id='word_1_254' title='bbox 396 2511 458 2530; x_wconf 89' lang='lat' dir='ltr'>cum</span> <span class='ocrx_word' id='word_1_255' title='bbox 469 2503 524 2529; x_wconf 90' lang='lat' dir='ltr'>suis</span> <span class='ocrx_word' id='word_1_256' title='bbox 538 2502 710 2536; x_wconf 77' lang='lat' dir='ltr'>suffraganeis</span> <span class='ocrx_word' id='word_1_257' title='bbox 725 2502 851 2535; x_wconf 81' lang='lat' dir='ltr'>accurrit,</span> <span class='ocrx_word' id='word_1_258' title='bbox 863 2502 968 2529; x_wconf 87' lang='lat' dir='ltr'>abiura-</span> 
     </span>
     <span class='ocr_line' id='line_1_48' title="bbox 219 2541 966 2578; baseline -0.003 -8"><span class='ocrx_word' id='word_1_259' title='bbox 219 2547 301 2578; x_wconf 83' lang='lat' dir='ltr'>toque</span> <span class='ocrx_word' id='word_1_260' title='bbox 315 2543 451 2575; x_wconf 73' lang='lat' dir='ltr'>sffismate,</span> <span class='ocrx_word' id='word_1_261' title='bbox 463 2550 559 2569; x_wconf 87' lang='lat' dir='ltr'>verum</span> <span class='ocrx_word' id='word_1_262' title='bbox 574 2541 669 2568; x_wconf 79' lang='lat' dir='ltr'>Christi</span> <span class='ocrx_word' id='word_1_263' title='bbox 686 2542 819 2568; x_wconf 82' lang='lat' dir='ltr'>Vicarium</span> <span class='ocrx_word' id='word_1_264' title='bbox 835 2542 966 2568; x_wconf 74' lang='lat' dir='ltr'>adoravit.</span> 
     </span>
     <span class='ocr_line' id='line_1_49' title="bbox 218 2581 967 2617; baseline -0.001 -8"><span class='ocrx_word' id='word_1_265' title='bbox 218 2582 330 2609; x_wconf 90' lang='lat' dir='ltr'>Nonnisi</span> <span class='ocrx_word' id='word_1_266' title='bbox 347 2585 406 2616; x_wconf 87' lang='lat' dir='ltr'>post</span> <span class='ocrx_word' id='word_1_267' title='bbox 420 2581 470 2609; x_wconf 89' lang='lat' dir='ltr'>hoc</span> <span class='ocrx_word' id='word_1_268' title='bbox 486 2585 592 2617; x_wconf 87' lang='lat' dir='ltr'>tempus</span> <span class='ocrx_word' id='word_1_269' title='bbox 609 2581 701 2609; x_wconf 88' lang='lat' dir='ltr'>datum</span> <span class='ocrx_word' id='word_1_270' title='bbox 711 2581 837 2617; x_wconf 88' lang='lat' dir='ltr'>diploma,</span> <span class='ocrx_word' id='word_1_271' title='bbox 853 2583 967 2617; x_wconf 88' lang='lat' dir='ltr'>quisque</span> 
     </span>
     <span class='ocr_line' id='line_1_50' title="bbox 219 2620 414 2649; baseline -0.005 0"><span class='ocrx_word' id='word_1_272' title='bbox 219 2628 299 2649; x_wconf 82' lang='lat' dir='ltr'>sanus</span> <span class='ocrx_word' id='word_1_273' title='bbox 313 2620 414 2648; x_wconf 85' lang='lat' dir='ltr'>credet.</span> 
     </span>
    </p>
   </div>
   <div class='ocr_carea' id='block_1_9' title="bbox 832 253 1168 276">
    <p class='ocr_par' dir='ltr' id='par_1_9' title="bbox 832 253 1168 276">
     <span class='ocr_line' id='line_1_51' title="bbox 832 253 1168 276; baseline -0.003 0"><span class='ocrx_word' id='word_1_274' title='bbox 832 253 917 276; x_wconf 74' lang='lat' dir='ltr'>ALEx</span> <span class='ocrx_word' id='word_1_275' title='bbox 923 253 1029 276; x_wconf 70' lang='lat' dir='ltr'>ANDER</span> <span class='ocrx_word' id='word_1_276' title='bbox 1056 253 1094 275; x_wconf 88' lang='lat' dir='ltr'>nl</span> <span class='ocrx_word' id='word_1_277' title='bbox 1120 253 1168 275; x_wconf 75' lang='lat' dir='ltr'>Pv.</span> 
     </span>
    </p>
   </div>
   <div class='ocr_carea' id='block_1_10' title="bbox 1646 242 1716 275">
    <p class='ocr_par' dir='ltr' id='par_1_10' title="bbox 1646 242 1716 275">
     <span class='ocr_line' id='line_1_52' title="bbox 1646 242 1716 275; baseline 0 0"><span class='ocrx_word' id='word_1_278' title='bbox 1646 242 1716 275; x_wconf 69' lang='lat'>2505</span> 
     </span>
    </p>
   </div>
   <div class='ocr_carea' id='block_1_11' title="bbox 1055 305 1767 522">
    <p class='ocr_par' dir='ltr' id='par_1_11' title="bbox 1055 305 1767 522">
     <span class='ocr_line' id='line_1_53' title="bbox 1056 305 1766 342; baseline 0.003 -7"><span class='ocrx_word' id='word_1_279' title='bbox 1056 311 1201 336; x_wconf 86' lang='lat' dir='ltr'>rectorum</span> <span class='ocrx_word' id='word_1_280' title='bbox 1219 305 1416 335; x_wconf 74' lang='lat' dir='ltr'>Ecclesiarum</span> <span class='ocrx_word' id='word_1_281' title='bbox 1433 309 1486 342; x_wconf 91' lang='lat' dir='ltr'>est,</span> <span class='ocrx_word' id='word_1_282' title='bbox 1503 305 1626 335; x_wconf 79' lang='lat' dir='ltr'>maxime</span> <span class='ocrx_word' id='word_1_283' title='bbox 1644 306 1766 337; x_wconf 79' lang='lat' dir='ltr'>Romani</span> 
     </span>
     <span class='ocr_line' id='line_1_54' title="bbox 1056 349 1766 382; baseline 0.003 -3"><span class='ocrx_word' id='word_1_284' title='bbox 1056 349 1217 380; x_wconf 70' lang='lat' dir='ltr'>pontilicis.</span> <span class='ocrx_word' id='word_1_285' title='bbox 1248 367 1287 372; x_wconf 92' lang='lat'>—</span> <span class='ocrx_word' id='word_1_286' title='bbox 1319 349 1391 380; x_wconf 91' lang='lat' dir='ltr'>llinc</span> <span class='ocrx_word' id='word_1_287' title='bbox 1423 350 1556 379; x_wconf 86' lang='lat' dir='ltr'>decernit</span> <span class='ocrx_word' id='word_1_288' title='bbox 1577 359 1698 380; x_wconf 81' lang='lat' dir='ltr'>evocare</span> <span class='ocrx_word' id='word_1_289' title='bbox 1731 353 1766 382; x_wconf 84' lang='lat' dir='ltr'>ad</span> 
     </span>
     <span class='ocr_line' id='line_1_55' title="bbox 1056 394 1767 432; baseline 0.006 -10"><span class='ocrx_word' id='word_1_290' title='bbox 1056 394 1214 423; x_wconf 88' lang='lat' dir='ltr'>concilium</span> <span class='ocrx_word' id='word_1_291' title='bbox 1235 394 1454 423; x_wconf 77' lang='lat' dir='ltr'>ecclesiasticas</span> <span class='ocrx_word' id='word_1_292' title='bbox 1479 403 1621 432; x_wconf 75' lang='lat' dir='ltr'>personas</span> <span class='ocrx_word' id='word_1_293' title='bbox 1642 400 1672 424; x_wconf 91' lang='lat' dir='ltr'>ut</span> <span class='ocrx_word' id='word_1_294' title='bbox 1691 395 1767 426; x_wconf 86' lang='lat' dir='ltr'>bono</span> 
     </span>
     <span class='ocr_line' id='line_1_56' title="bbox 1056 436 1765 469; baseline 0.006 -4"><span class='ocrx_word' id='word_1_295' title='bbox 1056 436 1205 467; x_wconf 82' lang='lat' dir='ltr'>Ecclesiae</span> <span class='ocrx_word' id='word_1_296' title='bbox 1237 438 1404 467; x_wconf 83' lang='lat' dir='ltr'>consulant.</span> <span class='ocrx_word' id='word_1_297' title='bbox 1432 454 1470 459; x_wconf 92' lang='lat'>—</span> <span class='ocrx_word' id='word_1_298' title='bbox 1498 437 1620 467; x_wconf 74' lang='lat' dir='ltr'>indictio</span> <span class='ocrx_word' id='word_1_299' title='bbox 1647 440 1765 469; x_wconf 88' lang='lat' dir='ltr'>concilii</span> 
     </span>
     <span class='ocr_line' id='line_1_57' title="bbox 1055 481 1764 522; baseline 0.006 -13"><span class='ocrx_word' id='word_1_300' title='bbox 1055 489 1106 519; x_wconf 87' lang='lat' dir='ltr'>pro</span> <span class='ocrx_word' id='word_1_301' title='bbox 1123 481 1215 519; x_wconf 88' lang='lat' dir='ltr'>prima</span> <span class='ocrx_word' id='word_1_302' title='bbox 1233 481 1377 510; x_wconf 87' lang='lat' dir='ltr'>dominica</span> <span class='ocrx_word' id='word_1_303' title='bbox 1394 482 1639 520; x_wconf 78' lang='lat' dir='ltr'>quadragesimae</span> <span class='ocrx_word' id='word_1_304' title='bbox 1659 484 1699 519; x_wconf 79' lang='lat' dir='ltr'>(u.</span> <span class='ocrx_word' id='word_1_305' title='bbox 1712 485 1764 522; x_wconf 84' lang='grc' dir='ltr'>τ.).</span> 
     </span>
    </p>
   </div>
   <div class='ocr_carea' id='block_1_12' title="bbox 1783 252 1962 279">
    <p class='ocr_par' dir='ltr' id='par_1_12' title="bbox 1783 252 1962 279">
     <span class='ocr_line' id='line_1_58' title="bbox 1783 252 1962 279; baseline 0.006 -1"><span class='ocrx_word' id='word_1_306' title='bbox 1783 253 1831 278; x_wconf 70' lang='lat' dir='ltr'>An.</span> <span class='ocrx_word' id='word_1_307' title='bbox 1849 252 1876 277; x_wconf 91' lang='lat' dir='ltr'>C.</span> <span class='ocrx_word' id='word_1_308' title='bbox 1898 253 1962 279; x_wconf 76' lang='lat'>¹177</span> 
     </span>
    </p>
   </div>
   <div class='ocr_carea' id='block_1_13' title="bbox 1015 545 1766 773">
    <p class='ocr_par' dir='ltr' id='par_1_13' title="bbox 1015 545 1766 773">
     <span class='ocr_line' id='line_1_59' title="bbox 1015 545 1766 583; baseline 0.005 -10"><span class='ocrx_word' id='word_1_309' title='bbox 1015 545 1163 574; x_wconf 77' lang='lat' dir='ltr'>Alexander</span> <span class='ocrx_word' id='word_1_310' title='bbox 1176 547 1314 582; x_wconf 81' lang='lat' dir='ltr'>episcopus</span> <span class='ocrx_word' id='word_1_311' title='bbox 1328 555 1422 576; x_wconf 87' lang='lat' dir='ltr'>servus</span> <span class='ocrx_word' id='word_1_312' title='bbox 1437 555 1574 577; x_wconf 84' lang='lat' dir='ltr'>servorum</span> <span class='ocrx_word' id='word_1_313' title='bbox 1585 549 1639 583; x_wconf 84' lang='lat' dir='ltr'>Dei,</span> <span class='ocrx_word' id='word_1_314' title='bbox 1652 556 1766 579; x_wconf 83' lang='lat' dir='ltr'>venera-</span> 
     </span>
     <span class='ocr_line' id='line_1_60' title="bbox 1060 594 1766 636; baseline 0.011 -15"><span class='ocrx_word' id='word_1_315' title='bbox 1060 594 1157 622; x_wconf 83' lang='lat' dir='ltr'>bilibus</span> <span class='ocrx_word' id='word_1_316' title='bbox 1187 594 1333 629; x_wconf 81' lang='lat' dir='ltr'>fratribus,</span> <span class='ocrx_word' id='word_1_317' title='bbox 1365 596 1457 625; x_wconf 84' lang='lat' dir='ltr'>Pisano</span> <span class='ocrx_word' id='word_1_318' title='bbox 1492 598 1701 636; x_wconf 80' lang='lat' dir='ltr'>archiepiscopo.</span> <span class='ocrx_word' id='word_1_319' title='bbox 1735 601 1766 628; x_wconf 88' lang='lat' dir='ltr'>et</span> 
     </span>
     <span class='ocr_line' id='line_1_61' title="bbox 1059 643 1765 680; baseline 0.01 -10"><span class='ocrx_word' id='word_1_320' title='bbox 1059 643 1194 671; x_wconf 86' lang='lat' dir='ltr'>universis</span> <span class='ocrx_word' id='word_1_321' title='bbox 1221 644 1354 680; x_wconf 81' lang='lat' dir='ltr'>episcopis</span> <span class='ocrx_word' id='word_1_322' title='bbox 1371 646 1400 673; x_wconf 84' lang='lat' dir='ltr'>et</span> <span class='ocrx_word' id='word_1_323' title='bbox 1417 646 1523 675; x_wconf 79' lang='lat' dir='ltr'>dilectis</span> <span class='ocrx_word' id='word_1_324' title='bbox 1538 647 1601 675; x_wconf 83' lang='lat' dir='ltr'>filiis</span> <span class='ocrx_word' id='word_1_325' title='bbox 1621 649 1765 677; x_wconf 71' lang='lat' dir='ltr'>abbatibus</span> 
     </span>
     <span class='ocr_line' id='line_1_62' title="bbox 1058 693 1766 733; baseline 0.01 -14"><span class='ocrx_word' id='word_1_326' title='bbox 1058 699 1107 728; x_wconf 83' lang='lat' dir='ltr'>per</span> <span class='ocrx_word' id='word_1_327' title='bbox 1126 693 1250 721; x_wconf 82' lang='lat' dir='ltr'>Tusciam</span> <span class='ocrx_word' id='word_1_328' title='bbox 1269 694 1441 728; x_wconf 80' lang='lat' dir='ltr'>constitutis.</span> <span class='ocrx_word' id='word_1_329' title='bbox 1465 695 1586 724; x_wconf 78' lang='lat' dir='ltr'>salutem</span> <span class='ocrx_word' id='word_1_330' title='bbox 1605 697 1634 725; x_wconf 82' lang='lat' dir='ltr'>et</span> <span class='ocrx_word' id='word_1_331' title='bbox 1653 698 1766 733; x_wconf 76' lang='lat' dir='ltr'>aposto-</span> 
     </span>
     <span class='ocr_line' id='line_1_63' title="bbox 1057 742 1377 773; baseline 0.006 -3"><span class='ocrx_word' id='word_1_332' title='bbox 1057 742 1138 771; x_wconf 86' lang='lat' dir='ltr'>licam</span> <span class='ocrx_word' id='word_1_333' title='bbox 1156 744 1377 773; x_wconf 83' lang='lat' dir='ltr'>benedictionem.</span> 
     </span>
    </p>
   </div>
   <div class='ocr_carea' id='block_1_14' title="bbox 1009 806 1957 2179">
    <p class='ocr_par' dir='ltr' id='par_1_14' title="bbox 1009 806 1957 2179">
     <span class='ocr_line' id='line_1_64' title="bbox 1064 806 1764 857; baseline 0.007 -17"><span class='ocrx_word' id='word_1_334' title='bbox 1064 806 1220 848; x_wconf 85' lang='lat' dir='ltr'>Quoniam</span> <span class='ocrx_word' id='word_1_335' title='bbox 1249 807 1279 841; x_wconf 89' lang='lat' dir='ltr'>in</span> <span class='ocrx_word' id='word_1_336' title='bbox 1303 819 1377 855; x_wconf 82' lang='lat' dir='ltr'>agro</span> <span class='ocrx_word' id='word_1_337' title='bbox 1399 808 1538 853; x_wconf 79' lang='lat' dir='ltr'>Domini,</span> <span class='ocrx_word' id='word_1_338' title='bbox 1561 811 1614 857; x_wconf 89' lang='lat' dir='ltr'>qui</span> <span class='ocrx_word' id='word_1_339' title='bbox 1641 818 1687 845; x_wconf 88' lang='lat' dir='ltr'>est</span> <span class='ocrx_word' id='word_1_340' title='bbox 1705 810 1764 845; x_wconf 90' lang='lat' dir='ltr'>Ec-</span> 
     </span>
     <span class='ocr_line' id='line_1_65' title="bbox 1014 855 1755 904; baseline 0.007 -15"><span class='ocrx_word' id='word_1_341' title='bbox 1014 855 1121 899; x_wconf 81' lang='lat' dir='ltr'>clesia,</span> <span class='ocrx_word' id='word_1_342' title='bbox 1160 864 1318 903; x_wconf 89' lang='lat' dir='ltr'>tamquam</span> <span class='ocrx_word' id='word_1_343' title='bbox 1357 858 1467 904; x_wconf 86' lang='lat' dir='ltr'>spinae</span> <span class='ocrx_word' id='word_1_344' title='bbox 1502 867 1532 893; x_wconf 91' lang='lat' dir='ltr'>et</span> <span class='ocrx_word' id='word_1_345' title='bbox 1560 859 1665 893; x_wconf 87' lang='lat' dir='ltr'>tribuli</span> <span class='ocrx_word' id='word_1_346' title='bbox 1701 872 1755 894; x_wconf 89' lang='lat' dir='ltr'>na-</span> 
     </span>
     <span class='ocr_line' id='line_1_66' title="bbox 1013 905 1760 954; baseline 0.008 -17"><span class='ocrx_word' id='word_1_347' title='bbox 1013 912 1146 939; x_wconf 89' lang='lat' dir='ltr'>scuntur</span> <span class='ocrx_word' id='word_1_348' title='bbox 1182 905 1335 952; x_wconf 90' lang='lat' dir='ltr'>quotidie,</span> <span class='ocrx_word' id='word_1_349' title='bbox 1372 915 1404 941; x_wconf 89' lang='lat' dir='ltr'>et</span> <span class='ocrx_word' id='word_1_350' title='bbox 1438 907 1592 954; x_wconf 89' lang='lat' dir='ltr'>pullulant</span> <span class='ocrx_word' id='word_1_351' title='bbox 1618 909 1760 954; x_wconf 81' lang='lat' dir='ltr'>germina</span> 
     </span>
     <span class='ocr_line' id='line_1_67' title="bbox 1013 953 1763 1003; baseline 0.008 -17"><span class='ocrx_word' id='word_1_352' title='bbox 1013 953 1178 994; x_wconf 83' lang='lat' dir='ltr'>vitiorum;</span> <span class='ocrx_word' id='word_1_353' title='bbox 1205 966 1278 988; x_wconf 92' lang='lat' dir='ltr'>cum</span> <span class='ocrx_word' id='word_1_354' title='bbox 1306 955 1462 1000; x_wconf 71' lang='lat' dir='ltr'>videlicet,</span> <span class='ocrx_word' id='word_1_355' title='bbox 1484 958 1558 1003; x_wconf 84' lang='lat' dir='ltr'>quia</span> <span class='ocrx_word' id='word_1_356' title='bbox 1583 958 1672 1003; x_wconf 89' lang='lat' dir='ltr'>proni</span> <span class='ocrx_word' id='word_1_357' title='bbox 1687 966 1763 993; x_wconf 88' lang='lat' dir='ltr'>sunt</span> 
     </span>
     <span class='ocr_line' id='line_1_68' title="bbox 1013 1003 1761 1042; baseline 0.007 -6"><span class='ocrx_word' id='word_1_358' title='bbox 1013 1014 1125 1037; x_wconf 87' lang='lat' dir='ltr'>sensus</span> <span class='ocrx_word' id='word_1_359' title='bbox 1144 1003 1280 1038; x_wconf 88' lang='lat' dir='ltr'>hominis</span> <span class='ocrx_word' id='word_1_360' title='bbox 1295 1004 1332 1038; x_wconf 90' lang='lat' dir='ltr'>ad</span> <span class='ocrx_word' id='word_1_361' title='bbox 1357 1005 1471 1039; x_wconf 88' lang='lat' dir='ltr'>malum</span> <span class='ocrx_word' id='word_1_362' title='bbox 1495 1006 1535 1040; x_wconf 89' lang='lat' dir='ltr'>ab</span> <span class='ocrx_word' id='word_1_363' title='bbox 1550 1006 1761 1042; x_wconf 86' lang='lat' dir='ltr'>adolescentia</span> 
     </span>
     <span class='ocr_line' id='line_1_69' title="bbox 1012 1053 1762 1099; baseline 0.008 -15"><span class='ocrx_word' id='word_1_364' title='bbox 1012 1062 1081 1094; x_wconf 76' lang='lat' dir='ltr'>sua,</span> <span class='ocrx_word' id='word_1_365' title='bbox 1108 1060 1172 1086; x_wconf 90' lang='lat' dir='ltr'>tum</span> <span class='ocrx_word' id='word_1_366' title='bbox 1195 1053 1268 1099; x_wconf 91' lang='lat' dir='ltr'>quia</span> <span class='ocrx_word' id='word_1_367' title='bbox 1291 1053 1437 1088; x_wconf 89' lang='lat' dir='ltr'>inimicus</span> <span class='ocrx_word' id='word_1_368' title='bbox 1458 1054 1553 1090; x_wconf 90' lang='lat' dir='ltr'>homo</span> <span class='ocrx_word' id='word_1_369' title='bbox 1577 1055 1616 1089; x_wconf 89' lang='lat' dir='ltr'>de</span> <span class='ocrx_word' id='word_1_370' title='bbox 1644 1056 1762 1091; x_wconf 90' lang='lat' dir='ltr'>malitia</span> 
     </span>
     <span class='ocr_line' id='line_1_70' title="bbox 1012 1103 1761 1148; baseline 0.008 -14"><span class='ocrx_word' id='word_1_371' title='bbox 1012 1112 1067 1134; x_wconf 89' lang='lat' dir='ltr'>sua</span> <span class='ocrx_word' id='word_1_372' title='bbox 1105 1113 1221 1135; x_wconf 86' lang='lat' dir='ltr'>z1zan1a</span> <span class='ocrx_word' id='word_1_373' title='bbox 1261 1103 1514 1148; x_wconf 86' lang='lat' dir='ltr'>superseminare</span> <span class='ocrx_word' id='word_1_374' title='bbox 1553 1117 1615 1138; x_wconf 91' lang='lat' dir='ltr'>non</span> <span class='ocrx_word' id='word_1_375' title='bbox 1643 1114 1761 1146; x_wconf 88' lang='lat' dir='ltr'>cessat,</span> 
     </span>
     <span class='ocr_line' id='line_1_71' title="bbox 1012 1150 1762 1198; baseline 0.009 -16"><span class='ocrx_word' id='word_1_376' title='bbox 1012 1157 1042 1183; x_wconf 86' lang='lat' dir='ltr'>et</span> <span class='ocrx_word' id='word_1_377' title='bbox 1069 1161 1197 1195; x_wconf 85' lang='lat' dir='ltr'>germen</span> <span class='ocrx_word' id='word_1_378' title='bbox 1223 1150 1340 1185; x_wconf 91' lang='lat' dir='ltr'>bonum</span> <span class='ocrx_word' id='word_1_379' title='bbox 1363 1151 1471 1186; x_wconf 86' lang='lat' dir='ltr'>nititur</span> <span class='ocrx_word' id='word_1_380' title='bbox 1505 1153 1677 1198; x_wconf 81' lang='lat' dir='ltr'>suffocare,</span> <span class='ocrx_word' id='word_1_381' title='bbox 1705 1167 1762 1189; x_wconf 91' lang='lat' dir='ltr'>ne-</span> 
     </span>
     <span class='ocr_line' id='line_1_72' title="bbox 1012 1199 1762 1245; baseline 0.008 -12"><span class='ocrx_word' id='word_1_382' title='bbox 1012 1210 1099 1233; x_wconf 81' lang='lat' dir='ltr'>cesse</span> <span class='ocrx_word' id='word_1_383' title='bbox 1122 1207 1169 1233; x_wconf 89' lang='lat' dir='ltr'>est</span> <span class='ocrx_word' id='word_1_384' title='bbox 1190 1199 1383 1245; x_wconf 76' lang='lat' dir='ltr'>diligentiam</span> <span class='ocrx_word' id='word_1_385' title='bbox 1405 1201 1516 1236; x_wconf 87' lang='lat' dir='ltr'>adesse</span> <span class='ocrx_word' id='word_1_386' title='bbox 1537 1203 1708 1244; x_wconf 83' lang='lat' dir='ltr'>cultorum,</span> <span class='ocrx_word' id='word_1_387' title='bbox 1731 1213 1762 1239; x_wconf 92' lang='lat' dir='ltr'>et</span> 
     </span>
     <span class='ocr_line' id='line_1_73' title="bbox 1012 1247 1762 1295; baseline 0.008 -14"><span class='ocrx_word' id='word_1_388' title='bbox 1012 1259 1096 1282; x_wconf 91' lang='lat' dir='ltr'>nunc</span> <span class='ocrx_word' id='word_1_389' title='bbox 1113 1247 1246 1282; x_wconf 85' lang='lat' dir='ltr'>evellere</span> <span class='ocrx_word' id='word_1_390' title='bbox 1267 1257 1298 1283; x_wconf 90' lang='lat' dir='ltr'>et</span> <span class='ocrx_word' id='word_1_391' title='bbox 1318 1258 1479 1295; x_wconf 89' lang='lat' dir='ltr'>amputare</span> <span class='ocrx_word' id='word_1_392' title='bbox 1495 1251 1556 1286; x_wconf 89' lang='lat' dir='ltr'>iam</span> <span class='ocrx_word' id='word_1_393' title='bbox 1575 1260 1656 1293; x_wconf 86' lang='lat' dir='ltr'>nata,</span> <span class='ocrx_word' id='word_1_394' title='bbox 1676 1265 1762 1287; x_wconf 90' lang='lat' dir='ltr'>nunc</span> 
     </span>
     <span class='ocr_line' id='line_1_74' title="bbox 1011 1297 1760 1346; baseline 0.008 -16"><span class='ocrx_word' id='word_1_395' title='bbox 1011 1297 1104 1330; x_wconf 89' lang='lat' dir='ltr'>etiam</span> <span class='ocrx_word' id='word_1_396' title='bbox 1132 1298 1299 1332; x_wconf 86' lang='lat' dir='ltr'>nascituris</span> <span class='ocrx_word' id='word_1_397' title='bbox 1322 1299 1442 1333; x_wconf 87' lang='lat' dir='ltr'>nocivis</span> <span class='ocrx_word' id='word_1_398' title='bbox 1463 1301 1698 1345; x_wconf 82' lang='lat' dir='ltr'>gravaminibus</span> <span class='ocrx_word' id='word_1_399' title='bbox 1715 1305 1760 1346; x_wconf 88' lang='lat' dir='ltr'>(l)</span> 
     </span>
     <span class='ocr_line' id='line_1_75' title="bbox 1012 1345 1762 1397; baseline 0.009 -18"><span class='ocrx_word' id='word_1_400' title='bbox 1012 1345 1196 1391; x_wconf 88' lang='lat' dir='ltr'>proficiendi</span> <span class='ocrx_word' id='word_1_401' title='bbox 1218 1346 1337 1381; x_wconf 89' lang='lat' dir='ltr'>aditum</span> <span class='ocrx_word' id='word_1_402' title='bbox 1365 1347 1547 1390; x_wconf 84' lang='lat' dir='ltr'>observare;</span> <span class='ocrx_word' id='word_1_403' title='bbox 1569 1350 1762 1397; x_wconf 88' lang='lat' dir='ltr'>subsequen-</span> 
     </span>
     <span class='ocr_line' id='line_1_76' title="bbox 1013 1396 1762 1445; baseline 0.009 -18"><span class='ocrx_word' id='word_1_404' title='bbox 1013 1402 1058 1428; x_wconf 88' lang='lat' dir='ltr'>ter</span> <span class='ocrx_word' id='word_1_405' title='bbox 1085 1402 1207 1435; x_wconf 89' lang='lat' dir='ltr'>autem,</span> <span class='ocrx_word' id='word_1_406' title='bbox 1247 1403 1277 1430; x_wconf 91' lang='lat' dir='ltr'>et</span> <span class='ocrx_word' id='word_1_407' title='bbox 1305 1396 1441 1431; x_wconf 89' lang='lat' dir='ltr'>inserere</span> <span class='ocrx_word' id='word_1_408' title='bbox 1469 1397 1663 1433; x_wconf 75' lang='lat' dir='ltr'>fructiferum</span> <span class='ocrx_word' id='word_1_409' title='bbox 1690 1412 1762 1445; x_wconf 81' lang='lat' dir='ltr'>ger-</span> 
     </span>
     <span class='ocr_line' id='line_1_77' title="bbox 1012 1444 1761 1495; baseline 0.011 -19"><span class='ocrx_word' id='word_1_410' title='bbox 1012 1455 1095 1482; x_wconf 84' lang='lat' dir='ltr'>men,</span> <span class='ocrx_word' id='word_1_411' title='bbox 1131 1451 1162 1477; x_wconf 92' lang='lat' dir='ltr'>et</span> <span class='ocrx_word' id='word_1_412' title='bbox 1192 1444 1348 1479; x_wconf 88' lang='lat' dir='ltr'>seminare</span> <span class='ocrx_word' id='word_1_413' title='bbox 1378 1457 1487 1480; x_wconf 91' lang='lat' dir='ltr'>semen</span> <span class='ocrx_word' id='word_1_414' title='bbox 1509 1446 1647 1489; x_wconf 86' lang='lat' dir='ltr'>bonum,</span> <span class='ocrx_word' id='word_1_415' title='bbox 1674 1449 1761 1495; x_wconf 84' lang='lat' dir='ltr'>quod</span> 
     </span>
     <span class='ocr_line' id='line_1_78' title="bbox 1012 1491 1760 1539; baseline 0.009 -14"><span class='ocrx_word' id='word_1_416' title='bbox 1012 1491 1219 1537; x_wconf 81' lang='lat' dir='ltr'>trigesimum,</span> <span class='ocrx_word' id='word_1_417' title='bbox 1242 1495 1485 1539; x_wconf 78' lang='lat' dir='ltr'>sexagesimum,</span> <span class='ocrx_word' id='word_1_418' title='bbox 1508 1504 1538 1530; x_wconf 90' lang='lat' dir='ltr'>et</span> <span class='ocrx_word' id='word_1_419' title='bbox 1552 1498 1760 1532; x_wconf 87' lang='lat' dir='ltr'>centesimum</span> 
     </span>
     <span class='ocr_line' id='line_1_79' title="bbox 1010 1540 1759 1591; baseline 0.009 -17"><span class='ocrx_word' id='word_1_420' title='bbox 1010 1540 1147 1575; x_wconf 86' lang='lat' dir='ltr'>fructum</span> <span class='ocrx_word' id='word_1_421' title='bbox 1178 1542 1388 1578; x_wconf 84' lang='lat' dir='ltr'>foecundante</span> <span class='ocrx_word' id='word_1_422' title='bbox 1416 1543 1484 1578; x_wconf 90' lang='lat' dir='ltr'>Deo</span> <span class='ocrx_word' id='word_1_423' title='bbox 1515 1546 1616 1591; x_wconf 89' lang='lat' dir='ltr'>possit</span> <span class='ocrx_word' id='word_1_424' title='bbox 1636 1546 1759 1582; x_wconf 83' lang='lat' dir='ltr'>afferre.</span> 
     </span>
     <span class='ocr_line' id='line_1_80' title="bbox 1010 1589 1762 1631; baseline 0.009 -8"><span class='ocrx_word' id='word_1_425' title='bbox 1010 1589 1089 1624; x_wconf 84' lang='lat' dir='ltr'>Nam</span> <span class='ocrx_word' id='word_1_426' title='bbox 1112 1597 1143 1624; x_wconf 91' lang='lat' dir='ltr'>et</span> <span class='ocrx_word' id='word_1_427' title='bbox 1165 1590 1241 1625; x_wconf 75' lang='lat' dir='ltr'>ltaec</span> <span class='ocrx_word' id='word_1_428' title='bbox 1269 1592 1359 1626; x_wconf 73' lang='lat' dir='ltr'>verba</span> <span class='ocrx_word' id='word_1_429' title='bbox 1387 1592 1440 1627; x_wconf 90' lang='lat' dir='ltr'>illa</span> <span class='ocrx_word' id='word_1_430' title='bbox 1461 1592 1625 1629; x_wconf 89' lang='lat' dir='ltr'>Dominica</span> <span class='ocrx_word' id='word_1_431' title='bbox 1649 1607 1762 1631; x_wconf 90' lang='lat' dir='ltr'>sonare</span> 
     </span>
     <span class='ocr_line' id='line_1_81' title="bbox 1013 1638 1760 1690; baseline 0.009 -18"><span class='ocrx_word' id='word_1_432' title='bbox 1013 1638 1168 1680; x_wconf 86' lang='lat' dir='ltr'>videntur,</span> <span class='ocrx_word' id='word_1_433' title='bbox 1195 1640 1311 1686; x_wconf 89' lang='lat' dir='ltr'>quibus</span> <span class='ocrx_word' id='word_1_434' title='bbox 1342 1641 1535 1677; x_wconf 89' lang='lat' dir='ltr'>Hieremiam</span> <span class='ocrx_word' id='word_1_435' title='bbox 1559 1644 1760 1690; x_wconf 88' lang='lat' dir='ltr'>prophetam,</span> 
     </span>
     <span class='ocr_line' id='line_1_82' title="bbox 1010 1688 1762 1735; baseline 0.009 -14"><span class='ocrx_word' id='word_1_436' title='bbox 1010 1695 1041 1722; x_wconf 89' lang='lat' dir='ltr'>et</span> <span class='ocrx_word' id='word_1_437' title='bbox 1067 1688 1097 1721; x_wconf 93' lang='lat' dir='ltr'>in</span> <span class='ocrx_word' id='word_1_438' title='bbox 1121 1700 1158 1722; x_wconf 93' lang='lat' dir='ltr'>eo</span> <span class='ocrx_word' id='word_1_439' title='bbox 1186 1689 1403 1735; x_wconf 79' lang='lat' dir='ltr'>evangelicum</span> <span class='ocrx_word' id='word_1_440' title='bbox 1425 1691 1620 1727; x_wconf 83' lang='lat' dir='ltr'>sacerdotem</span> <span class='ocrx_word' id='word_1_441' title='bbox 1647 1693 1762 1728; x_wconf 89' lang='lat' dir='ltr'>instru-</span> 
     </span>
     <span class='ocr_line' id='line_1_83' title="bbox 1010 1737 1759 1777; baseline 0.009 -7"><span class='ocrx_word' id='word_1_442' title='bbox 1010 1737 1071 1777; x_wconf 77' lang='lat' dir='ltr'>xit,</span> <span class='ocrx_word' id='word_1_443' title='bbox 1093 1737 1217 1772; x_wconf 91' lang='lat' dir='ltr'>dicens:</span> <span class='ocrx_word' id='word_1_444' title='bbox 1247 1738 1326 1772; x_wconf 89' lang='lat' dir='ltr'>Dedi</span> <span class='ocrx_word' id='word_1_445' title='bbox 1353 1739 1444 1774; x_wconf 83' lang='lat' dir='ltr'>verba</span> <span class='ocrx_word' id='word_1_446' title='bbox 1473 1753 1541 1775; x_wconf 87' lang='lat' dir='ltr'>mea</span> <span class='ocrx_word' id='word_1_447' title='bbox 1565 1741 1596 1775; x_wconf 89' lang='lat' dir='ltr'>in</span> <span class='ocrx_word' id='word_1_448' title='bbox 1618 1753 1672 1776; x_wconf 91' lang='lat' dir='ltr'>ore</span> <span class='ocrx_word' id='word_1_449' title='bbox 1695 1751 1759 1777; x_wconf 90' lang='lat' dir='ltr'>tuo.</span> 
     </span>
     <span class='ocr_line' id='line_1_84' title="bbox 1010 1785 1759 1836; baseline 0.008 -17"><span class='ocrx_word' id='word_1_450' title='bbox 1010 1785 1094 1820; x_wconf 88' lang='lat' dir='ltr'>Ecce</span> <span class='ocrx_word' id='word_1_451' title='bbox 1115 1786 1263 1821; x_wconf 85' lang='lat' dir='ltr'>constitui</span> <span class='ocrx_word' id='word_1_452' title='bbox 1290 1795 1320 1822; x_wconf 89' lang='lat' dir='ltr'>te</span> <span class='ocrx_word' id='word_1_453' title='bbox 1346 1800 1441 1835; x_wconf 90' lang='lat' dir='ltr'>super</span> <span class='ocrx_word' id='word_1_454' title='bbox 1462 1797 1572 1835; x_wconf 86' lang='lat' dir='ltr'>gentes</span> <span class='ocrx_word' id='word_1_455' title='bbox 1593 1798 1624 1824; x_wconf 89' lang='lat' dir='ltr'>et</span> <span class='ocrx_word' id='word_1_456' title='bbox 1646 1803 1759 1836; x_wconf 83' lang='lat' dir='ltr'>regna,</span> 
     </span>
     <span class='ocr_line' id='line_1_85' title="bbox 1010 1834 1761 1885; baseline 0.008 -17"><span class='ocrx_word' id='word_1_457' title='bbox 1010 1842 1045 1869; x_wconf 88' lang='lat' dir='ltr'>ut</span> <span class='ocrx_word' id='word_1_458' title='bbox 1071 1834 1184 1869; x_wconf 85' lang='lat' dir='ltr'>evellas</span> <span class='ocrx_word' id='word_1_459' title='bbox 1213 1845 1242 1870; x_wconf 91' lang='lat' dir='ltr'>et</span> <span class='ocrx_word' id='word_1_460' title='bbox 1280 1836 1436 1882; x_wconf 86' lang='lat' dir='ltr'>destruas,</span> <span class='ocrx_word' id='word_1_461' title='bbox 1463 1846 1493 1872; x_wconf 88' lang='lat' dir='ltr'>et</span> <span class='ocrx_word' id='word_1_462' title='bbox 1526 1838 1702 1885; x_wconf 84' lang='lat' dir='ltr'>disperdas,</span> <span class='ocrx_word' id='word_1_463' title='bbox 1729 1849 1761 1874; x_wconf 86' lang='lat' dir='ltr'>et</span> 
     </span>
     <span class='ocr_line' id='line_1_86' title="bbox 1011 1883 1757 1933; baseline 0.008 -16"><span class='ocrx_word' id='word_1_464' title='bbox 1011 1883 1158 1930; x_wconf 82' lang='lat' dir='ltr'>dissipes,</span> <span class='ocrx_word' id='word_1_465' title='bbox 1185 1892 1215 1918; x_wconf 92' lang='lat' dir='ltr'>et</span> <span class='ocrx_word' id='word_1_466' title='bbox 1248 1885 1405 1926; x_wconf 86' lang='lat' dir='ltr'>aedifices,</span> <span class='ocrx_word' id='word_1_467' title='bbox 1441 1894 1471 1920; x_wconf 89' lang='lat' dir='ltr'>et</span> <span class='ocrx_word' id='word_1_468' title='bbox 1493 1887 1616 1933; x_wconf 89' lang='lat' dir='ltr'>plantes</span> <span class='ocrx_word' id='word_1_469' title='bbox 1642 1893 1696 1932; x_wconf 84' lang='grc' dir='ltr'>(α).</span> <span class='ocrx_word' id='word_1_470' title='bbox 1723 1888 1757 1923; x_wconf 94' lang='lat' dir='ltr'>Id</span> 
     </span>
     <span class='ocr_line' id='line_1_87' title="bbox 1010 1933 1957 1977; baseline 0.006 -11"><span class='ocrx_word' id='word_1_471' title='bbox 1010 1941 1115 1967; x_wconf 90' lang='lat' dir='ltr'>autem</span> <span class='ocrx_word' id='word_1_472' title='bbox 1137 1933 1209 1968; x_wconf 89' lang='lat' dir='ltr'>licet</span> <span class='ocrx_word' id='word_1_473' title='bbox 1234 1935 1390 1969; x_wconf 81' lang='lat' dir='ltr'>universis</span> <span class='ocrx_word' id='word_1_474' title='bbox 1416 1935 1629 1971; x_wconf 86' lang='lat' dir='ltr'>Ecclesiarum</span> <span class='ocrx_word' id='word_1_475' title='bbox 1658 1946 1759 1972; x_wconf 87' lang='lat' dir='ltr'>recto·</span> <span class='ocrx_word' id='word_1_476' title='bbox 1786 1950 1845 1977; x_wconf 73' lang='lat' dir='ltr'>Quod</span> <span class='ocrx_word' id='word_1_477' title='bbox 1866 1953 1957 1971; x_wconf 80' lang='lat' dir='ltr'>omnium</span> 
     </span>
     <span class='ocr_line' id='line_1_88' title="bbox 1010 1981 1957 2032; baseline 0.008 -17"><span class='ocrx_word' id='word_1_478' title='bbox 1010 1981 1098 2016; x_wconf 85' lang='lat' dir='ltr'>ribus</span> <span class='ocrx_word' id='word_1_479' title='bbox 1120 1982 1293 2023; x_wconf 80' lang='lat' dir='ltr'>incumbat,</span> <span class='ocrx_word' id='word_1_480' title='bbox 1322 1983 1422 2018; x_wconf 90' lang='lat' dir='ltr'>multo</span> <span class='ocrx_word' id='word_1_481' title='bbox 1444 1992 1548 2019; x_wconf 85' lang='lat' dir='ltr'>tamen</span> <span class='ocrx_word' id='word_1_482' title='bbox 1571 1985 1681 2020; x_wconf 81' lang='lat' dir='ltr'>fortius</span> <span class='ocrx_word' id='word_1_483' title='bbox 1703 1985 1883 2032; x_wconf 48' lang='lat' dir='ltr'>im-{legss&#39;fffi</span> <span class='ocrx_word' id='word_1_484' title='bbox 1910 1982 1957 2032; x_wconf 37' lang='lat' dir='ltr'>,Es</span> 
     </span>
     <span class='ocr_line' id='line_1_89' title="bbox 1010 2026 1957 2082; baseline 0.01 -19"><span class='ocrx_word' id='word_1_485' title='bbox 1010 2030 1109 2064; x_wconf 87' lang='lat' dir='ltr'>minet</span> <span class='ocrx_word' id='word_1_486' title='bbox 1143 2031 1306 2066; x_wconf 84' lang='lat' dir='ltr'>Romanae</span> <span class='ocrx_word' id='word_1_487' title='bbox 1339 2032 1423 2067; x_wconf 90' lang='lat' dir='ltr'>urbis</span> <span class='ocrx_word' id='word_1_488' title='bbox 1449 2033 1608 2075; x_wconf 85' lang='lat' dir='ltr'>Antistiti,</span> <span class='ocrx_word' id='word_1_489' title='bbox 1647 2036 1701 2082; x_wconf 90' lang='lat' dir='ltr'>qui</span> <span class='ocrx_word' id='word_1_490' title='bbox 1741 2026 1957 2078; x_wconf 36' lang='grc' dir='ltr'>υπξυῑῶεᾞφηῖάῖ</span> 
     </span>
     <span class='ocr_line' id='line_1_90' title="bbox 1009 2073 1925 2129; baseline 0.008 -16"><span class='ocrx_word' id='word_1_491' title='bbox 1009 2078 1150 2114; x_wconf 90' lang='lat' dir='ltr'>Domino</span> <span class='ocrx_word' id='word_1_492' title='bbox 1175 2080 1248 2114; x_wconf 87' lang='lat' dir='ltr'>Iesu</span> <span class='ocrx_word' id='word_1_493' title='bbox 1263 2080 1400 2122; x_wconf 84' lang='lat' dir='ltr'>Christo,</span> <span class='ocrx_word' id='word_1_494' title='bbox 1428 2089 1463 2116; x_wconf 87' lang='lat' dir='ltr'>ut</span> <span class='ocrx_word' id='word_1_495' title='bbox 1483 2091 1577 2129; x_wconf 88' lang='lat' dir='ltr'>caput</span> <span class='ocrx_word' id='word_1_496' title='bbox 1598 2094 1680 2118; x_wconf 86' lang='lat' dir='ltr'>esset</span> <span class='ocrx_word' id='word_1_497' title='bbox 1695 2085 1758 2119; x_wconf 87' lang='lat' dir='ltr'>Ec·</span> <span class='ocrx_word' id='word_1_498' title='bbox 1771 2079 1793 2094; x_wconf 80' lang='lat'>¹¹¹</span> <span class='ocrx_word' id='word_1_499' title='bbox 1808 2073 1925 2094; x_wconf 65' lang='lat' dir='ltr'>P⁰⁰¹¹fi⁶&#39;⁵&#39;</span> 
     </span>
     <span class='ocr_line' id='line_1_91' title="bbox 1009 2127 1758 2179; baseline 0.009 -18"><span class='ocrx_word' id='word_1_500' title='bbox 1009 2127 1122 2163; x_wconf 87' lang='lat' dir='ltr'>clesiae</span> <span class='ocrx_word' id='word_1_501' title='bbox 1145 2129 1175 2162; x_wconf 92' lang='lat' dir='ltr'>in</span> <span class='ocrx_word' id='word_1_502' title='bbox 1197 2129 1234 2163; x_wconf 89' lang='lat' dir='ltr'>B.</span> <span class='ocrx_word' id='word_1_503' title='bbox 1256 2129 1350 2164; x_wconf 87' lang='lat' dir='ltr'>Petro</span> <span class='ocrx_word' id='word_1_504' title='bbox 1368 2131 1498 2177; x_wconf 86' lang='lat' dir='ltr'>accepit,</span> <span class='ocrx_word' id='word_1_505' title='bbox 1520 2141 1550 2166; x_wconf 84' lang='lat' dir='ltr'>et</span> <span class='ocrx_word' id='word_1_506' title='bbox 1568 2132 1607 2166; x_wconf 87' lang='lat' dir='ltr'>de</span> <span class='ocrx_word' id='word_1_507' title='bbox 1626 2145 1758 2179; x_wconf 85' lang='lat' dir='ltr'>pascen—</span> 
     </span>
    </p>
   </div>
   <div class='ocr_carea' id='block_1_15' title="bbox 1009 2176 1955 2509">
    <p class='ocr_par' dir='ltr' id='par_1_15' title="bbox 1009 2176 1759 2318">
     <span class='ocr_line' id='line_1_92' title="bbox 1010 2176 1758 2219; baseline 0.008 -8"><span class='ocrx_word' id='word_1_508' title='bbox 1010 2176 1058 2211; x_wconf 92' lang='lat' dir='ltr'>dis</span> <span class='ocrx_word' id='word_1_509' title='bbox 1084 2177 1260 2212; x_wconf 90' lang='lat' dir='ltr'>Dominicis</span> <span class='ocrx_word' id='word_1_510' title='bbox 1293 2179 1415 2219; x_wconf 82' lang='lat' dir='ltr'>ovibus,</span> <span class='ocrx_word' id='word_1_511' title='bbox 1442 2187 1473 2213; x_wconf 85' lang='lat' dir='ltr'>et</span> <span class='ocrx_word' id='word_1_512' title='bbox 1506 2180 1654 2216; x_wconf 88' lang='lat' dir='ltr'>fratribus</span> <span class='ocrx_word' id='word_1_513' title='bbox 1680 2195 1758 2217; x_wconf 88' lang='lat' dir='ltr'>con-</span> 
     </span>
     <span class='ocr_line' id='line_1_93' title="bbox 1009 2230 1759 2280; baseline 0.009 -16"><span class='ocrx_word' id='word_1_514' title='bbox 1009 2230 1182 2272; x_wconf 87' lang='lat' dir='ltr'>firmandis,</span> <span class='ocrx_word' id='word_1_515' title='bbox 1204 2243 1387 2278; x_wconf 78' lang='lat' dir='ltr'>expressum</span> <span class='ocrx_word' id='word_1_516' title='bbox 1409 2240 1439 2266; x_wconf 92' lang='lat' dir='ltr'>et</span> <span class='ocrx_word' id='word_1_517' title='bbox 1460 2234 1595 2280; x_wconf 87' lang='lat' dir='ltr'>speciale</span> <span class='ocrx_word' id='word_1_518' title='bbox 1617 2237 1759 2271; x_wconf 85' lang='lat' dir='ltr'>noscitur</span> 
     </span>
     <span class='ocr_line' id='line_1_94' title="bbox 1010 2283 1368 2318; baseline 0.003 -1"><span class='ocrx_word' id='word_1_519' title='bbox 1010 2283 1157 2318; x_wconf 85' lang='lat' dir='ltr'>habuisse</span> <span class='ocrx_word' id='word_1_520' title='bbox 1175 2285 1368 2318; x_wconf 88' lang='lat' dir='ltr'>mandatum.</span> 
     </span>
    </p>

    <p class='ocr_par' dir='ltr' id='par_1_16' title="bbox 1009 2336 1955 2509">
     <span class='ocr_line' id='line_1_95' title="bbox 1057 2336 1955 2388; baseline 0.01 -18"><span class='ocrx_word' id='word_1_521' title='bbox 1057 2336 1134 2371; x_wconf 89' lang='lat' dir='ltr'>Inde</span> <span class='ocrx_word' id='word_1_522' title='bbox 1155 2337 1311 2383; x_wconf 90' lang='lat' dir='ltr'>siquidem</span> <span class='ocrx_word' id='word_1_523' title='bbox 1332 2346 1390 2382; x_wconf 87' lang='lat' dir='ltr'>est,</span> <span class='ocrx_word' id='word_1_524' title='bbox 1412 2339 1495 2385; x_wconf 91' lang='lat' dir='ltr'>quod</span> <span class='ocrx_word' id='word_1_525' title='bbox 1519 2353 1587 2381; x_wconf 88' lang='lat' dir='ltr'>nos,</span> <span class='ocrx_word' id='word_1_526' title='bbox 1609 2341 1684 2377; x_wconf 90' lang='lat' dir='ltr'>lieet</span> <span class='ocrx_word' id='word_1_527' title='bbox 1706 2343 1757 2377; x_wconf 91' lang='lat' dir='ltr'>in-</span> <span class='ocrx_word' id='word_1_528' title='bbox 1783 2365 1837 2387; x_wconf 61' lang='lat' dir='ltr'>Em</span> <span class='ocrx_word' id='word_1_529' title='bbox 1856 2367 1955 2388; x_wconf 57' lang='lat' dir='ltr'>decem„</span> 
     </span>
     <span class='ocr_line' id='line_1_96' title="bbox 1009 2390 1955 2449; baseline 0.011 -26"><span class='ocrx_word' id='word_1_530' title='bbox 1009 2390 1199 2425; x_wconf 84' lang='lat' dir='ltr'>sufficientes</span> <span class='ocrx_word' id='word_1_531' title='bbox 1221 2392 1352 2432; x_wconf 84' lang='lat' dir='ltr'>meritis,</span> <span class='ocrx_word' id='word_1_532' title='bbox 1378 2393 1416 2426; x_wconf 91' lang='lat' dir='ltr'>ad</span> <span class='ocrx_word' id='word_1_533' title='bbox 1431 2394 1656 2439; x_wconf 77' lang='lat' dir='ltr'>providentiam</span> <span class='ocrx_word' id='word_1_534' title='bbox 1674 2397 1955 2449; x_wconf 49' lang='lat' dir='ltr'>AP0·{{?J,2&#39;§C{‘1¹,⁶32&#39;</span> 
     </span>
     <span class='ocr_line' id='line_1_97' title="bbox 1009 2437 1955 2509; baseline 0.01 -32"><span class='ocrx_word' id='word_1_535' title='bbox 1009 2444 1135 2478; x_wconf 87' lang='lat' dir='ltr'>stolicae</span> <span class='ocrx_word' id='word_1_536' title='bbox 1156 2444 1265 2488; x_wconf 85' lang='lat' dir='ltr'>Sedis,</span> <span class='ocrx_word' id='word_1_537' title='bbox 1287 2453 1315 2479; x_wconf 90' lang='lat' dir='ltr'>et</span> <span class='ocrx_word' id='word_1_538' title='bbox 1338 2446 1546 2482; x_wconf 88' lang='lat' dir='ltr'>ministerium</span> <span class='ocrx_word' id='word_1_539' title='bbox 1569 2449 1754 2486; x_wconf 81' lang='lat' dir='ltr'>universalis</span> <span class='ocrx_word' id='word_1_540' title='bbox 1768 2437 1955 2509; x_wconf 51' lang='grc' dir='ltr'>ῑιιίῗῖῠοῡοὲᾖιὲῖ</span> 
     </span>
    </p>
   </div>
   <div class='ocr_carea' id='block_1_16' title="bbox 1008 2497 1952 2598">
    <p class='ocr_par' dir='ltr' id='par_1_17' title="bbox 1008 2497 1952 2598">
     <span class='ocr_line' id='line_1_98' title="bbox 1008 2497 1952 2550; baseline 0.012 -19"><span class='ocrx_word' id='word_1_541' title='bbox 1008 2497 1171 2532; x_wconf 88' lang='lat' dir='ltr'>Ecclesiae</span> <span class='ocrx_word' id='word_1_542' title='bbox 1197 2509 1213 2531; x_wconf 89' lang='lat' dir='ltr'>a</span> <span class='ocrx_word' id='word_1_543' title='bbox 1234 2497 1303 2532; x_wconf 91' lang='lat' dir='ltr'>Deo</span> <span class='ocrx_word' id='word_1_544' title='bbox 1330 2500 1375 2542; x_wconf 92' lang='lat' dir='ltr'>(ut</span> <span class='ocrx_word' id='word_1_545' title='bbox 1402 2499 1459 2546; x_wconf 89' lang='lat' dir='ltr'>ipsi</span> <span class='ocrx_word' id='word_1_546' title='bbox 1488 2500 1615 2547; x_wconf 84' lang='lat' dir='ltr'>placuit)</span> <span class='ocrx_word' id='word_1_547' title='bbox 1650 2503 1813 2550; x_wconf 65' lang='lat' dir='ltr'>dispo-siae</span> <span class='ocrx_word' id='word_1_548' title='bbox 1832 2521 1952 2542; x_wconf 74' lang='lat' dir='ltr'>consulunt.</span> 
     </span>
     <span class='ocr_line' id='line_1_99' title="bbox 1009 2551 1755 2598; baseline 0.009 -14"><span class='ocrx_word' id='word_1_549' title='bbox 1009 2558 1102 2585; x_wconf 90' lang='lat' dir='ltr'>nente</span> <span class='ocrx_word' id='word_1_550' title='bbox 1124 2551 1239 2591; x_wconf 74' lang='lat' dir='ltr'>vocati,</span> <span class='ocrx_word' id='word_1_551' title='bbox 1266 2552 1340 2598; x_wconf 92' lang='lat' dir='ltr'>quia</span> <span class='ocrx_word' id='word_1_552' title='bbox 1372 2553 1402 2587; x_wconf 93' lang='lat' dir='ltr'>in</span> <span class='ocrx_word' id='word_1_553' title='bbox 1430 2553 1572 2589; x_wconf 85' lang='lat' dir='ltr'>Ecclesia</span> <span class='ocrx_word' id='word_1_554' title='bbox 1595 2555 1652 2589; x_wconf 81' lang='lat' dir='ltr'>Dei</span> <span class='ocrx_word' id='word_1_555' title='bbox 1681 2569 1755 2591; x_wconf 84' lang='lat' dir='ltr'>cor-</span> 
     </span>
    </p>
   </div>
   <div class='ocr_carea' id='block_1_17' title="bbox 1776 822 1962 968">
    <p class='ocr_par' dir='ltr' id='par_1_18' title="bbox 1776 822 1962 968">
     <span class='ocr_line' id='line_1_100' title="bbox 1790 822 1962 849; baseline 0.006 -8"><span class='ocrx_word' id='word_1_556' title='bbox 1790 822 1810 842; x_wconf 81' lang='lat' dir='ltr'>Si</span> <span class='ocrx_word' id='word_1_557' title='bbox 1822 827 1874 849; x_wconf 77' lang='lat' dir='ltr'>quae</span> <span class='ocrx_word' id='word_1_558' title='bbox 1890 823 1910 842; x_wconf 87' lang='lat' dir='ltr'>in</span> <span class='ocrx_word' id='word_1_559' title='bbox 1925 827 1962 842; x_wconf 65' lang='lat'><em>120.-</em></span> 
     </span>
     <span class='ocr_line' id='line_1_101' title="bbox 1777 854 1962 874; baseline 0 -1"><span class='ocrx_word' id='word_1_560' title='bbox 1777 854 1902 874; x_wconf 55' lang='lat' dir='ltr'>etesiarum·</span> <span class='ocrx_word' id='word_1_561' title='bbox 1914 855 1962 873; x_wconf 78' lang='lat' dir='ltr'>sub-</span> 
     </span>
     <span class='ocr_line' id='line_1_102' title="bbox 1777 885 1960 908; baseline -0.005 -3"><span class='ocrx_word' id='word_1_562' title='bbox 1777 886 1880 908; x_wconf 69' lang='lat' dir='ltr'>oriuntur,</span> <span class='ocrx_word' id='word_1_563' title='bbox 1925 885 1960 905; x_wconf 67' lang='lat' dir='ltr'>illa</span> 
     </span>
     <span class='ocr_line' id='line_1_103' title="bbox 1777 919 1961 942; baseline 0.005 -7"><span class='ocrx_word' id='word_1_564' title='bbox 1777 919 1884 942; x_wconf 61' lang='lat' dir='ltr'>amputate</span> <span class='ocrx_word' id='word_1_565' title='bbox 1921 922 1961 936; x_wconf 79' lang='lat' dir='ltr'>ue-</span> 
     </span>
     <span class='ocr_line' id='line_1_104' title="bbox 1776 949 1894 968; baseline -0.017 0"><span class='ocrx_word' id='word_1_566' title='bbox 1776 952 1838 968; x_wconf 80' lang='lat' dir='ltr'>ccsse</span> <span class='ocrx_word' id='word_1_567' title='bbox 1853 949 1894 967; x_wconf 82' lang='lat' dir='ltr'>est:</span> 
     </span>
    </p>
   </div>
   <div class='ocr_carea' id='block_1_18' title="bbox 1043 2620 1753 2662">
    <p class='ocr_par' dir='ltr' id='par_1_19' title="bbox 1043 2620 1753 2662">
     <span class='ocr_line' id='line_1_105' title="bbox 1043 2620 1753 2662; baseline 0.01 -16"><span class='ocrx_word' id='word_1_568' title='bbox 1043 2620 1081 2655; x_wconf 89' lang='lat' dir='ltr'>(t)</span> <span class='ocrx_word' id='word_1_569' title='bbox 1098 2620 1164 2655; x_wconf 82' lang='lat' dir='ltr'>Lege</span> <span class='ocrx_word' id='word_1_570' title='bbox 1179 2623 1352 2653; x_wconf 67' lang='lat' dir='ltr'>germinibus.</span> <span class='ocrx_word' id='word_1_571' title='bbox 1390 2622 1429 2658; x_wconf 90' lang='grc' dir='ltr'>(α)</span> <span class='ocrx_word' id='word_1_572' title='bbox 1446 2623 1539 2651; x_wconf 88' lang='lat' dir='ltr'>lerem.</span> <span class='ocrx_word' id='word_1_573' title='bbox 1556 2632 1576 2654; x_wconf 82' lang='grc' dir='ltr'>ι,</span> <span class='ocrx_word' id='word_1_574' title='bbox 1599 2626 1640 2652; x_wconf 86' lang='grc'>10.</span> <span class='ocrx_word' id='word_1_575' title='bbox 1659 2625 1696 2661; x_wconf 80' lang='lat' dir='ltr'>(n.</span> <span class='ocrx_word' id='word_1_576' title='bbox 1714 2626 1753 2662; x_wconf 88' lang='grc' dir='ltr'>τ.)</span> 
     </span>
    </p>
   </div>
  </div>
 </body>
</html>
