2180 3205
37 252 86 281 Αιι.
107 251 136 279 C.
153 251 217 280 ¹09¹

64 453 135 474 Poena
145 453 164 473 iu
173 457 219 478 per-

37 479 161 502 urbatum.

63 1001 106 1024 Pu
121 1007 159 1028 pro
173 1001 219 1032 etus

49 1032 204 1050 conservatori-

49 1055 96 1077 hus.

893 253 1038 275 [nun-rs
1061 253 1083 274 ιι
1107 253 1154 275 ιιι».
1673 243 1740 275 '155

248 321 337 343 mana
353 307 492 343 Ecclesia
508 307 658 342 libertatis
671 319 726 354 per
739 319 839 342 annos
857 307 999 354 singulos
1041 306 1213 341 iores-ticet.
1227 307 1340 341 siarum
1356 319 1467 342 causae
1482 308 1681 355 Apostolicac
1695 308 1788 346 Sedis

249 357 416 392 duodecim
439 357 514 403 sagi.
533 385 538 391 .
556 384 562 390 .
580 384 586 390 .
611 356 763 391 Laterano
789 356 904 404 palatio
932 369 999 403 per-
1041 355 1155 388 indii-io
1178 357 1397 395 termini-ntur,
1417 357 1464 391 cui
1481 370 1548 397 nos,
1568 357 1639 392 licet
1655 358 1787 405 indigni,

246 407 387 442 solvefis,
1039 404 1161 438 diiinac
1197 405 1415 451 dispositionis
1447 407 1575 441 arbitrio
1604 409 1788 454 praesiden—

294 456 315 503 ἓ
343 457 399 490 10.
430 454 514 489 Sane
541 456 565 489 si
591 455 662 502 quis
685 455 714 489 in
738 455 910 489 crastinum
940 465 996 487 ar-

245 505 480 552 chiepiscopus,
515 513 568 538 aut
598 504 780 551 episcopus,
816 504 996 550 imperator,

245 563 297 589 aut
319 566 385 597 rex,
421 553 579 600 princeps,
613 561 665 588 aut
693 553 770 596 dux,
802 565 920 591 comes,
943 560 997 586 aut

244 603 432 643 vicecomes,
457 611 510 637 aut
533 601 639 642 iudex,
668 610 721 636 aut
744 613 875 649 persona
899 613 997 648 quac-

243 652 321 688 libet
343 664 454 698 magna
487 651 535 686 vel
570 663 676 698 parva,
704 659 816 697 potens
847 659 899 685 aut
935 650 996 684 im-

245 709 377 749 potens,
409 700 504 735 liuius
531 700 629 735 nostri
665 699 815 746 privilegii
850 699 994 747 paginam

243 751 365 792 sciens,
392 758 500 785 contra
523 761 590 784 eam
619 749 725 784 venire
752 757 870 784 temere
893 757 995 783 tenta-

242 801 334 841 verit,
369 799 509 834 secundo
547 799 679 834 tertiove
713 798 936 840 commonitus,
970 798 993 833 si

242 861 305 884 non
328 848 541 884 satisfactione
567 860 708 894 congrua
731 847 956 888 emendaverit,
978 860 995 882 a

243 898 362 934 Clu-isti
389 906 418 933 et
439 897 603 932 Ecclesiae
626 909 758 944 corpore
785 910 856 932 eum
879 905 996 932 aucto-

243 948 332 983 ritate
354 948 517 994 potestatis
537 947 730 993 apostolicae
754 958 969 993 segregamus.

291 997 312 1044 g
342 999 397 1031 tt.
436 995 706 1030 Conseri-antibus
741 1004 844 1031 autem
885 1009 942 1043 pax
979 1007 994 1029 a

243 1046 311 1081 Deo
345 1054 376 1080 et
403 1045 617 1080 misericordia
646 1045 863 1091 praesentibus
887 1057 922 1080 ac
945 1045 996 1079 l'u-

243 1096 322 1131 turis
344 1095 480 1143 saeculis
502 1102 714 1129 conservetur.
745 1095 859 1139 Amen,
889 1107 995 1138 amen,

243 1157 347 1180 amen.

291 1193 362 1228 Dat.
385 1192 505 1228 Romae
533 1205 588 1240 per
610 1204 722 1227 manus
748 1192 876 1227 loannis
902 1191 936 1227 S.
954 1192 993 1227 R.

242 1243 282 1278 E.
312 1244 392 1278 diac.
430 1243 598 1277 cardinalis
630 1254 712 1276 anno
741 1242 918 1277 dominicae
946 1243 995 1276 in-

243 1293 434 1328 carnationis
454 1303 531 1333 nxc,
555 1291 725 1325 indictione
753 1304 827 1333 xiii,
846 1304 905 1326 vul
926 1292 996 1326 idus

242 1342 369 1390 aprilis,
403 1351 490 1388 pout.
519 1341 640 1375 domini
668 1340 786 1375 Urbani
815 1341 916 1388 Papae
944 1354 996 1376 se-

243 1391 340 1427 cundi
363 1392 467 1426 tertio.

302 1448 364 1479 Dat.
383 1449 430 1478 die
453 1448 470 1478 6
492 1447 594 1486 aprilis
618 1456 693 1476 anno
712 1446 827 1477 Domini
854 1448 936 1485 lOth,

456 1524 458 1526 v
492 1486 594 1527 pontis.
613 1496 689 1516 auno
707 1495 747 1517 111.

588 1601 645 1635 lx.

245 1676 485 1721 Monopolitana
520 1677 676 1721 Ecclesia,
711 1678 750 1710 ab
776 1678 860 1710 οιηηί
886 1683 996 1710 nit-tro-

291 1727 393 1770 poli'co
430 1727 496 1760 iure
534 1727 651 1766 libera,
691 1727 921 1770 inunediuteque
959 1727 994 1759 S.

296 1776 486 1820 Apostolicae
501 1776 578 1809 Secti
590 1777 721 1809 subiecta
736 1777 914 1809 declaratur
933 1778 994 1817 (l).

515 1848 729 1879 SL'MMARIL'M

245 1909 385 1940 Maioruin
397 1909 597 1939 Ecclesiarum
616 1919 724 1940 causae
747 1910 933 1949 Apostolicae
948 1909 997 1939 Se-

285 1949 331 1979 dis
361 1950 473 1980 iudicio
499 1950 710 1979 terminandae.
732 1966 771 1971 —
798 1950 936 1985 Quaestio
961 1950 996 1979 de

286 1989 469 2019 subiectione
491 1990 536 2019 vel
564 1989 748 2019 immunitate
771 1989 920 2019 Ecclesiae
944 1989 998 2018 liu-

285 2029 333 2058 ius
355 2039 369 2059 a
388 2030 452 2058 iure
470 2028 677 2058 Brundusinae
701 2029 862 2058 examinata
881 2030 908 2058 in
929 2038 998 2058 con—

286 2068 354 2098 cilio
375 2067 531 2098 Benevent.
556 2078 632 2098 anno
656 2069 741 2098 1091.
762 2085 802 2090 —
823 2069 995 2098 Adiudicata

286 2116 354 2139 vero
371 2108 604 2147 Monopolitanae
627 2109 780 2146 exemptio,
797 2125 837 2129 —
854 2108 887 2137 Et
899 2108 933 2137 ab
946 2107 998 2137 L'r-

285 2147 362 2177 bano
384 2147 408 2177 lt
429 2148 611 2178 confirmata.
632 2165 672 2170 —
689 2147 788 2178 Eidem
819 2148 998 2177 confirman-

281 2191 335 2229 tur
351 2197 468 2227 quoque
483 2187 557 2217 bona
575 2188 684 2217 omnia.
697 2187 881 2226 —Episcopi
893 2187 997 2216 electio

287 2235 341 2265 per
358 2227 469 2257 clerum
493 2233 520 2256 et
536 2227 675 2266 populum
693 2227 868 2266 peragenda.
886 2243 925 2248 —
940 2225 996 2256 So-

287 2267 358 2296 litae
377 2266 538 2296 clausulae.

249 2333 372 2362 artimus
389 2333 529 2369 episcopus
545 2340 639 2361 servus
662 2339 801 2361 servorum
827 2332 882 2365 Dei,
903 2333 1000 2361 dilecto

293 2377 379 2407 tratri
397 2378 540 2418 Ramaaida
560 2378 773 2413 monopolitanae
794 2377 924 2405 Ecclesiae
944 2380 998 2413 epi-

295 2428 375 2459 acopo
393 2423 502 2459 suisque
527 2424 726 2450 successoribus
745 2425 871 2450 canonice
899 2424 999 2450 sabath

295 2468 416 2501 tuendis.
435 2468 464 2495 tn
483 2472 654 2503 perpetuum.

301 2529 472 2565 Sacrorum
517 2542 675 2565 canonum
726 2539 756 2564 et
801 2529 1000 2565 decretorum

254 2579 480 2627 pontificalium
503 2580 645 2626 deposcit
671 2580 851 2618 auctoritas,
878 2591 911 2614 ut
933 2592 1001 2614 ma-

290 2634 330 2674 (1)
344 2635 385 2663 Ex
403 2636 504 2668 Ugbelt.
523 2637 580 2663 Ital.
598 2636 656 2663 Sac.
675 2642 738 2662 toni.
756 2643 775 2663 ι.

1040 461 1101 493 tes,
1129 453 1271 488 eamdem
1295 455 1526 491 solicitudinem
1551 457 1704 492 universis
1732 471 1788 506 per

1037 502 1145 537 orbem
1171 502 1331 544 Ecclesiis,
1356 513 1447 550 prout
1470 505 1558 540 nobis
1571 507 1785 552 apostolorum

1037 564 1167 586 suorum
1197 552 1321 587 divinae
1350 552 1490 599 dignatio
1514 555 1684 591 maiestatis
1705 557 1785 592 scire

1037 609 1067 635 et
1103 613 1194 647 posse
1235 601 1407 648 impendit,
1436 603 1662 650 impendimus.
1703 605 1785 641 Cum

1037 662 1123 696 erga,
1139 658 1313 697 praestante
1331 651 1477 696 Domino,
1492 653 1717 689 incarnationis
1729 655 1787 690 do-

1038 700 1171 734 minicae
1192 712 1275 734 anno
1298 712 1382 734 mxci
1400 701 1549 747 synodale
1571 704 1737 738 concilium
1754 705 1784 739 in

1036 748 1257 783 Beneventana
1295 758 1376 784 essct
1416 750 1554 786 Ecclesia
1588 753 1647 786 sub
1681 762 1786 789 nostra

1039 799 1211 844 praesentia
1240 807 1475 844 congregatum,
1498 808 1528 835 et
1549 800 1700 836 adversus
1722 803 1787 838 sra-

1038 848 1212 882 teruitatem
1243 856 1325 882 tuam
1353 848 1577 885 Brundusinus
1602 863 1656 885 seu
1680 851 1786 887 Orita-

1037 909 1095 931 nus
1117 905 1365 944 conquereretur
1379 899 1490 945 episc.,
1506 907 1537 934 et
1558 908 1629 935 tuae
1651 909 1682 936 et
1704 901 1786 937 illius

1039 945 1197 981 Ecclesiae
1210 947 1405 982 munimenta
1428 957 1589 996 perspecta
1605 958 1688 984 sunt.
1711 950 1788 993 Qui-

1037 995 1107 1039 bus,
1130 996 1160 1030 in
1180 1004 1349 1043 conspectu
1367 1005 1485 1042 nostro,
1508 999 1632 1033 concilii
1649 1000 1785 1035 universi

1036 1044 1224 1091 diligentiori
1249 1045 1396 1092 indagine
1419 1048 1619 1095 perquisitis,
1650 1061 1666 1084 a
1689 1062 1784 1085 vene-

1037 1094 1187 1129 rabilibus
1210 1096 1325 1130 nostris
1339 1096 1509 1144 episcopis,
1534 1098 1786 1146 presbyterisque

1036 1143 1249 1179 cardinalibus
1286 1144 1499 1180 adiudicatum
1531 1156 1596 1187 est,
1629 1148 1786 1196 Monopo-

1037 1193 1163 1227 litauain
1191 1193 1376 1235 Ecclesiam,
1406 1197 1559 1230 maiorum
1594 1197 1785 1243 scriptorum

1038 1243 1263 1289 pontificalium
1285 1244 1474 1279 authoritate
1496 1245 1617 1286 sultam,
1640 1246 1784 1282 Brundu-

1037 1292 1121 1326 siuae
1144 1292 1304 1334 Ecclesiae
1326 1293 1556 1329 subiectionem
1585 1303 1614 1329 et
1636 1295 1787 1331 obedien-

1038 1341 1109 1375 tiam
1139 1354 1200 1376 non
1229 1341 1354 1376 debere.
1392 1342 1535 1384 Quorum
1566 1357 1622 1378 nos
1648 1353 1784 1380 seuten-

1037 1390 1109 1424 tiam
1153 1390 1379 1437 approbantes,
1424 1401 1547 1427 nostrae
1592 1395 1784 1429 auctoritatis

1038 1439 1149 1474 robore
1171 1440 1445 1485 confirmavimus,
1473 1450 1503 1476 ct
1530 1454 1586 1489 per
1613 1444 1786 1490 praesentis

1039 1488 1190 1535 privilegii
1215 1492 1358 1536 paginam
1382 1499 1410 1525 te
1433 1499 1565 1538 tuosque
1583 1505 1786 1528 successores

1037 1538 1075 1572 ab
1102 1538 1251 1573 Oritauae
1285 1552 1340 1574 seu
1368 1540 1589 1575 Brundusinae
1624 1541 1786 1578 Ecclesiae

1037 1588 1233 1623 subiectione
1255 1590 1381 1627 liberos,
1400 1589 1461 1623 sub
1474 1590 1572 1624 solius
1586 1590 1787 1638 Apostolicae

1036 1637 1129 1672 Sedis
1160 1638 1337 1673 obedientia
1372 1639 1400 1672 in
1436 1648 1620 1686 perpetuum
1661 1653 1787 1688 perina-

1038 1699 1111 1721 nere
1144 1687 1366 1728 decernimus;
1400 1696 1590 1725 statuentes.
1622 1698 1656 1724 ut
1688 1702 1786 1737 quae-

1038 1748 1175 1783 cumque
1202 1736 1435 1784 Monopolitana
1465 1737 1606 1773 Ecclesia
1633 1739 1786 1774 hactenus

1038 1786 1118 1820 iuste
1141 1788 1291 1833 possedit,
1313 1794 1365 1821 aut
1393 1787 1486 1821 bodie
1509 1788 1646 1834 possidet
1667 1788 1732 1823 sive
1755 1789 1784 1823 in

1037 1835 1206 1870 crastinum
1244 1837 1325 1870 iuste
1361 1845 1454 1883 atquc
1487 1838 1638 1872 canonice
1674 1839 1787 1884 poterit

1038 1885 1183 1931 adipisci,
1211 1885 1241 1919 in
1270 1886 1417 1928 castellis,
1447 1885 1537 1930 titiis,
1559 1886 1661 1930 silvis,
1684 1887 1714 1921 in
1735 1899 1788 1931 ec-

1038 1935 1151 1971 clesiis.
1176 1934 1207 1968 in
1229 1934 1445 1975 Monasteriis,
1473 1935 1525 1969 tibi
1554 1935 1680 1982 tuisque
1713 1948 1787 1971 suc-

1039 1983 1216 2017 cessoribus
1238 1984 1410 2031 episcopali
1428 1984 1494 2019 iure
1510 1984 1656 2030 regenda,
1679 1984 1787 2032 dispo-

1039 2033 1151 2076 nenda,
1184 2045 1219 2067 ac
1254 2033 1458 2080 possidenda,
1495 2034 1582 2068 firma
1607 2042 1637 2068 et
1670 2034 1786 2069 illibata

1040 2083 1220 2127 persistant:
1249 2083 1331 2117 salva
1351 2083 1380 2116 in
1403 2083 1552 2117 omnibus
1573 2083 1736 2118 Romanae
1755 2092 1786 2118 et

1040 2131 1237 2177 Apostolicae
1255 2131 1415 2166 Ecclesiae
1438 2132 1621 2166 reverentia.
1643 2131 1790 2167 Obeunte

1040 2187 1080 2224 te,
1100 2182 1145 2214 vel
1161 2192 1285 2214 tuorum
1300 2180 1441 2228 quolibet
1454 2193 1686 2221 successorum,
1702 2181 1787 2217 clero

1041 2229 1219 2276 populoque
1241 2229 1478 2277 Mouopolitano
1502 2230 1631 2264 facultas
1653 2230 1710 2271 sit,
1737 2243 1789 2265 se-

1041 2286 1121 2312 mota
1144 2280 1229 2312 omni
1249 2280 1412 2325 pravitate,
1434 2279 1618 2325 episcopum
1635 2280 1788 2315 canonice

1040 2327 1196 2373 eligendi;
1225 2329 1342 2362 electus
1369 2338 1470 2363 autem
1495 2342 1510 2362 a
1536 2328 1680 2363 Romano
1703 2329 1802 2364 Pon-·

1017 2370 1022 2394 ²
1041 2376 1123 2410 tisice
1145 2377 1392 2411 consecrabitur.
1421 2376 1504 2412 Sane
1525 2377 1550 2411 si
1574 2378 1645 2424 quis
1668 2378 1696 2412 in
1720 2391 1790 2414 cra-

1018 2439 1022 2481 Ι
1041 2427 1157 2460 stinum
1186 2426 1461 2473 archiepiscopus,
1484 2438 1536 2460 aut
1557 2427 1668 2474 episc,
1692 2427 1790 2475 impe-

1018 2483 1144 2529 trator,
1179 2485 1232 2509 aut
1254 2488 1324 2516 rex,
1359 2485 1412 2509 aut
1445 2476 1605 2523 princeps,
1632 2485 1684 2511 aut
1710 2476 1787 2518 dux,

1018 2532 1023 2571 ᾗ
1042 2537 1159 2564 corn-es,
1181 2536 1235 2559 aut
1254 2527 1440 2564 vicecomes,
1463 2525 1568 2566 iudex,
1586 2535 1639 2560 aut
1654 2538 1788 2573 persona

1019 2573 1201 2628 {quaelibet
1223 2586 1333 2621 magna
1368 2576 1414 2608 vel
1447 2587 1556 2621 parva,
1592 2586 1703 2622 potens
1737 2582 1790 2610 aut

1018 2626 1209 2682 timp-meus,
1232 2623 1326 2658 liuius
1352 2624 1449 2658 nostri
1471 2625 1621 2673 privilegii
1644 2626 1788 2672 paginam

1813 236 1863 262 Αη.
1883 235 1911 262 C.
1930 235 1993 263 1091

1839 298 1944 319 Malorum
1960 299 1997 319 Ec·

1813 325 1924 345 etesiarum
1949 331 1998 345 cau-

1814 357 1850 372 tae
1863 353 1998 377 Apostolum-³

1821 378 1884 399 Sedis
1911 379 1991 399 iudicio

1814 405 1965 426 terminandae.

1850 812 1952 836 Quaestio
1974 813 1999 834 de

1815 839 1946 860 ιιιὶιιοςιιοοῡ
1969 841 2001 860 vet

1815 866 1945 886 immunitate
1960 866 2001 886 Ec-

1815 893 1893 912 clesiae
1908 893 1971 913 huius
1987 899 1999 913 a

1816 919 1860 938 iure
1886 919 2001 939 Brundusi-

1815 951 1855 965 nae
1880 947 2000 966 examinata

1815 972 1836 991 in
1857 973 1946 992 concilio
1962 973 2001 993 Be·

1828 1002 1911 1019 nerent.
1932 1005 1986 1019 anno

1816 1024 1873 1046 1091.

1855 1353 1981 1373 Adiudicata

1816 1385 1866 1400 vero
1884 1380 2002 1406 Monopoti-

1815 1409 1877 1427 tanae
1890 1407 2002 1433 exemptt0‚

1840 1507 1865 1528 Et
1876 1507 1902 1527 ab
1913 1507 2002 1528 L'rbano

1817 1535 1833 1555 ll
1849 1534 1978 1554 confirmata.

1843 1892 1917 1913 Eidem
1927 1892 2002 1912 confir-

1817 1921 1901 1939 mantur
1917 1924 2003 1945 qnoque

1817 1946 1873 1966 bona
1889 1946 1965 1966 omnia.

1844 2086 1945 2113 Episcopi
1962 2086 2003 2107 ale-

1818 2114 1860 2134 ctio
1876 2119 1914 2139 per
1925 2113 2004 2133 clerum

1817 2142 1838 2160 et
1846 2140 1946 2166 poputum
1956 2145 2003 2165 por-

1817 2167 1908 2192 agenda.

1844 2364 1925 2387 Solitas
1945 2364 2003 2385 clau·

1818 2392 1883 2412 sulae.
