2180 3205
421 255 484 289 862
997 265 1181 289 minatum
1199 264 1355 290 nomnen

398 327 570 362 Ministeria
590 324 749 360 Ecclesiae
770 337 834 359 non
856 325 1038 366 ditioribus,
1062 326 1117 360 sed
1138 325 1379 370 probatioribus
1401 326 1518 366 danda,
1542 326 1584 360 53
1610 327 1637 360 b.

397 380 552 414 Miseraici
573 380 745 414 Biturieen.
770 379 909 412 Ecclesia
929 379 959 413 S.
984 379 1104 413 Nicolai
1131 379 1190 413 sub
1212 379 1413 423 protectione
1445 379 1646 424 Apostolicae
1668 380 1758 414 Sedis
1787 381 1952 426 recipitur,

487 425 580 468 cique
601 425 686 457 bona
707 423 814 457 onmia
837 424 1083 465 confirmantur,
1108 423 1171 457 448
1192 435 1212 457 a
1232 430 1261 458 et
1282 435 1346 468 seq.

398 478 613 512 Misericordia
633 478 699 521 (de)
721 478 878 522 hospitale
900 478 1103 511 Placentinae
1125 478 1270 511 civitatis.
1298 478 1330 511 V.
1357 479 1558 512 Placentinae
1579 478 1715 512 civitatis
1735 480 1897 524 Hospitale
1919 481 1957 514 de

486 523 714 556 Misericordia.

397 577 487 610 Missa
505 587 577 609 cum
599 576 683 623 sicca
697 577 782 610 faece
796 576 859 609 vini
874 582 902 610 et
918 577 1008 610 micis
1027 577 1117 621 panis
1138 577 1210 611 vino
1232 576 1374 610 intinctis
1395 577 1556 610 celebrata
1577 577 1730 611 altissime
1751 579 1953 623 reprobatur.

488 620 552 654 734
573 622 600 654 b.
625 622 734 654 Solum
756 632 872 665 panem
894 628 924 655 et
944 622 1052 655 vinum
1075 633 1157 666 aqua
1180 622 1311 654 mixtum
1334 621 1442 655 offerri
1475 622 1505 654 in
1535 622 1694 656 sacrificio
1716 622 1825 656 Missae
1847 623 1957 656 deberi

487 678 521 699 ex
544 666 720 710 apostolica
741 666 942 704 auctoritate,
968 666 1030 699 7:35
1055 678 1084 700 a..

397 721 501 754 Monte
521 720 659 754 Caveoso
673 721 739 763 (de)
755 720 997 759 monasterium,
1015 720 1078 753 772
1098 732 1128 753 a.
1153 722 1238 754 Bona
1261 722 1287 754 ei
1310 721 1511 755 confirmata.
1538 721 1615 754 ibid.
1642 722 1669 754 b.
1695 721 1860 762 Privilegia
1882 732 1958 755 con-

488 775 586 803 cessa,
612 764 691 797 ibid.
715 765 796 798 Usus
818 764 931 798 mitrae
949 771 978 798 et
1000 765 1086 799 anuli
1108 776 1167 809 pro
1187 765 1255 799 eius
1281 766 1407 805 abbate,
1428 765 1507 798 ibid.

397 818 610 864 Moysiacense
632 818 864 852 monasterium
887 830 1022 859 magnae
1044 820 1147 853 famae
1168 826 1300 864 propter
1321 820 1502 862 regularem
1524 819 1740 864 disciplinam,
1766 819 1829 853 ‘168
1850 821 1878 853 b.
1893 821 1957 855 Suo

487 874 523 897 ex
553 864 725 908 splendore
758 864 903 909 lapsum,
928 864 1007 897 ibid.
1031 864 1171 898 Cluniae.
1206 865 1358 898 abbatum
1392 865 1549 899 industria
1580 864 1785 905 restitutum,
1816 865 1896 898 ibid.
1928 871 1959 899 et

492 908 550 942 169
571 919 600 941 α.
624 908 686 942 Pro
706 909 907 943 restitutione
928 909 1102 944 honorum.
1125 909 1192 942 eius
1214 909 1417 943 immunitate
1439 915 1467 943 et
1489 909 1646 952 regimine
1664 910 1820 943 nonnulla
1839 910 1953 943 decer-

489 959 620 990 nuntur,
650 953 729 986 ibid.

399 1006 610 1041 Molismensis
631 1008 816 1041 monasterii
838 1014 868 1041 et
889 1008 1106 1041 Cisterciensis
1127 1008 1301 1041 concordia
1327 1010 1549 1045 contii-matur.
1574 1008 1638 1040 210
1659 1019 1687 1041 a.

398 1060 618 1094 Monomachia
641 1060 740 1094 sacris
760 1061 938 1094 canonibus
959 1061 1131 1099 contraria,
1158 1061 1220 1095 7:239
1241 1073 1270 1094 a.

399 1114 637 1157 Monopolitana
658 1115 796 1148 Ecclesia
818 1115 856 1147 ali
878 1114 966 1148 omni
987 1115 1198 1159 metropolico
1217 1115 1296 1151 iure.
1319 1115 1419 1148 libera
1440 1115 1690 1159 immediateque
1708 1115 1738 1149 S.
1755 1115 1958 1160 Apostolicae

487 1158 560 1193 sedi
581 1159 724 1192 subiecta
745 1160 938 1199 declaratur,
962 1159 1027 1192 ¹1:35
1047 1171 1066 1192 a
1088 1166 1117 1193 et
1139 1171 1217 1204 seq..
1241 1159 1306 1193 :3:30
1328 1161 1355 1197 b,
1380 1159 1444 1191 5⁴5ss
1464 1171 1494 1197 a,
1519 1158 1582 1193 818
1603 1171 1632 1192 (ι.

399 1212 512 1246 Montis
531 1212 638 1246 Bonizi
661 1213 811 1246 Ecclesia.
840 1213 871 1245 V.
896 1213 1055 1258 Raynerio
1076 1213 1206 1246 Senensi
1229 1213 1393 1258 episcopo,
1418 1218 1473 1246 ctc.

399 1266 512 1300 Montis
532 1266 685 1300 Desidcrii
708 1267 859 1302 Ecclesia.
883 1267 1082 1300 Cluniacensi
1107 1268 1302 1301 monasterio
1324 1279 1339 1300 a
1360 1267 1501 1301 Guarino
1524 1268 1739 1301 Amburnensi
1770 1273 1797 1300 et
1829 1268 1959 1301 Simone

489 1311 687 1345 Novisn‘iensi
709 1312 868 1355 episeopis
900 1312 1040 1349 donata,
1065 1313 1237 1345 accedente
1258 1323 1387 1356 quoque
1409 1323 1567 1346 consensu
1589 1312 1739 1346 Ludovici
1761 1313 1957 1346 Francorum

486 1356 587 1435 53³ng
617 1356 722 1390 eidem
755 1357 981 1393 confirmatur,
1014 1367 1086 1390 cum
1119 1358 1248 1390 decreto
1281 1357 1493 1401 exemptionis
1514 1368 1530 1390 a
1555 1367 1759 1401 quacumque
1791 1357 1954 1395 molestia,

495 1412 507 1434 t-
608 1407 638 1435 ct
658 1412 722 1445 seq.

397 1455 511 1490 Montis
531 1456 659 1489 Maioris
681 1456 912 1489 monasterium
933 1456 1010 1489 iuris
1032 1456 1232 1500 Apostolicae
1253 1457 1343 1490 Sedis
1364 1457 1555 1491 declaratur.
1586 1456 1644 1488 114
1665 1456 1691 1488 b.
1718 1456 1831 1489 Abbati
1854 1456 1959 1489 Massi-

488 1500 593 1539 liensi,
619 1500 684 1534 vice
705 1501 795 1534 Sedis
816 1500 960 1534 eiusdem
979 1502 1158 1544 regendum
1181 1501 1404 1541 committitur,
1429 1501 1508 1533 ibid.

398 1554 693 1588 Montis-Pessulani
715 1555 832 1588 domus
853 1555 1065 1588 confirmatur
1084 1555 1283 1588 Cluniae-ensi
1307 1554 1513 1595 monasterio,
1537 1554 1602 1587 42¹.)
1622 1565 1652 1587 a.

398 1608 659 1651 Montis-Regalis
680 1608 910 1641 monasterium
934 1608 1057 1641 ordinis
1078 1608 1107 1641 S.
1132 1608 1294 1641 Benedicti
1317 1620 1333 1641 a
1354 1608 1527 1642 Guillelmo
1553 1608 1577 1641 ll
1609 1607 1734 1641 Siciliae
1768 1618 1842 1650 rege
1875 1619 1954 1641 con-

486 1658 655 1693 structum,
681 1653 882 1697 Apostolicae
902 1653 975 1687 Sedi
998 1652 1182 1686 immediate
1203 1653 1382 1686 subiectum
1406 1651 1676 1692 declaratu1·‚775
1698 1653 1725 1685 b.
1743 1653 1831 1686 Bona
1849 1652 1957 1686 onmia

488 1697 668 1742 praesentia
690 1704 716 1730 et
741 1698 847 1731 futura
866 1698 892 1731 ei
915 1698 1160 1734 confirmantur.
1186 1697 1248 1730 776
1270 1709 1300 1730 a.
1326 1698 1399 1730 Eius
1420 1698 1528 1731 abbati
1549 1708 1626 1730 usus
1647 1696 1771 1734 mitrae,
1793 1697 1956 1730 sandalio-

488 1753 571 1783 rum,
597 1742 735 1779 tunicae,
760 1742 962 1783 dalmaticae,
986 1746 1057 1778 etc..
1082 1742 1280 1779 conceditur,
1306 1742 1384 1775 ibid.
1410 1743 1437 1775 b.

399 1796 632 1830 Morabatinum
655 1796 731 1840 quid
753 1796 802 1837 sit,
827 1796 890 1828 ’195
912 1797 939 1829 b.
970 1796 1002 1829 V.
1028 1802 1092 1829 not.
1117 1797 1157 1829 ad
1178 1796 1256 1829 calc.
1281 1797 1399 1829 colum.
1422 1796 1576 1829 eiusdem.

398 1850 583 1884 Morviensis
612 1857 640 1884 et
675 1850 843 1892 Bragensis
867 1850 1094 1894 episcoporum
1127 1850 1344 1883 controversia
1374 1860 1391 1883 a
1411 1850 1566 1892 Gregorio
1588 1849 1637 1883 Vll
1666 1850 1722 1882 PP.
1749 1849 1779 1882 in
1801 1849 1956 1889 concilio,

488 1895 656 1928 ambarum
678 1895 818 1939 partium
840 1905 999 1928 consensu
1022 1895 1239 1939 componitur,
1264 1894 1305 1928 (58
1326 1906 1346 1927 a
1367 1901 1396 1928 et
1417 1905 1480 1938 seq.

399 1949 658 1983 Morimundense
676 1949 908 1982 monasterium
930 1948 1053 1982 ordinis
1073 1948 1254 1982 Cistercien.
1270 1948 1480 1982 Mediolanen.
1506 1948 1661 1982 dioecesis
1681 1948 1739 1981 sub
1761 1948 1959 1991 protectione

490 1995 597 2038 Apost.
622 1994 712 2027 Sedis
730 1994 913 2038 suscipitur,
938 1993 1031 2038 eique
1051 1994 1136 2027 bona
1158 1993 1267 2027 onmia
1288 1994 1532 2033 confirmantur,
1558 1992 1622 2026 752
1642 1993 1659 2025 b
1682 1998 1710 2025 et
1732 2003 1795 2036 seq.

399 2047 521 2088 Mulier,
546 2058 628 2092 quae
648 2058 681 2080 se
703 2058 881 2092 expurgare
903 2048 968 2080 vult
989 2047 1028 2080 ab
1049 2047 1176 2080 obiecto
1198 2047 1418 2080 fornicationis
1442 2047 1592 2085 crimine,
1617 2052 1662 2080 est
1684 2046 1856 2083 audienda.
1879 2052 1909 2081 et
1933 2047 1958 2080 si

489 2092 643 2126 innocens
663 2093 714 2133 sit,
739 2103 756 2125 a
774 2093 842 2126 viro
862 2093 1046 2126 nullatenus
1071 2092 1261 2136 separanda,
1285 2091 1322 2125 61
1347 2103 1367 2124 a
1388 2098 1416 2125 et
1439 2092 1466 2124 b.

400 2147 514 2180 Munus
534 2146 728 2191 episcopale,
752 2146 815 2179 1147
838 2147 865 2179 b.

400 2200 512 2233 Munus
532 2200 657 2234 Summi
676 2200 843 2234 Pontifieis
863 2201 951 2245 quod
972 2200 1022 2239 sit,
1048 2200 1083 2232 84
1109 2211 1139 2233 a.

399 2253 566 2288 Mutinensi
594 2254 756 2287 Ecclesiae
776 2254 980 2297 assignantur
1000 2254 1080 2288 fines
1109 2260 1138 2287 et
1166 2254 1251 2287 bona
1282 2253 1391 2287 onmia
1411 2252 1661 2292 confirmantur,
1684 2252 1801 2286 additis
1822 2252 1958 2286 decretis

488 2299 650 2332 nonnullis
671 2299 709 2332 ad
732 2299 948 2343 episcopalem
971 2298 1228 2332 iurisdictionem
1255 2298 1419 2336 tuendam,
1444 2296 1508 2331 346
1529 2309 1550 2330 a
1570 2303 1599 2331 et
1620 2308 1684 2341 seq.

1159 2459 1201 2500 N

402 2584 541 2617 Naocum
562 2589 592 2617 et
612 2591 740 2617 nactum
762 2585 839 2628 quid
859 2585 910 2625 sit,
934 2584 999 2617 373
1018 2596 1048 2617 (ι.
1082 2584 1112 2617 V.
1137 2591 1204 2617 not.
1229 2584 1269 2617 ad
1290 2584 1410 2617 calcem
1438 2584 1556 2617 colum.
1581 2583 1681 2616 eiusd.

404 2637 624 2670 Nantuacense
645 2637 878 2671 monasterium
899 2638 958 2671 sub
978 2637 1154 2682 apostolica
1174 2637 1374 2681 protectione
1391 2636 1575 2681 suscipitur,
1591 2636 1676 2670 bona
1694 2647 1729 2669 ac
1747 2636 1910 2669 libertates
1930 2634 1957 2668 ei

493 2680 738 2722 confirmantur,
760 2681 930 2726 ipsumque
949 2681 1148 2717 Cluniacensi
1169 2681 1276 2715 abbati
1298 2681 1477 2720 subiicitur,
1502 2680 1566 2714 5⁹26
1588 2681 1604 2714 b
1622 2686 1649 2714 et
1672 2691 1735 2724 seq.
