2180 3205
423 246 461 279 70
950 249 1136 273 BULLARH'M
1159 248 1322 271 nomnen

365 309 485 344 domini
514 307 595 343 beati
623 305 707 342 Petri
733 304 915 339 auctoritate
938 303 1112 350 praecipio,

366 368 397 393 nt
419 359 456 394 ad
472 358 646 393 castitatem
669 354 854 389 clericorum
873 352 1111 400 praedicandam

364 416 457 455 atque
476 404 695 441 inculcandam
718 403 802 437 iuxta
824 402 952 436 Patrum
970 401 1111 441 decreta,

152 263 200 289 ΛἿ.
223 263 250 288 (ἶ.
271 263 337 289 1075
1927 263 1974 289 An.
1993 263 2022 290 C.
2042 263 2109 290 ¹075

1155 314 1209 349 ges
1235 302 1417 343 canonicas,
1446 310 1477 337 et
1509 301 1602 338 Sedis
1624 302 1823 350 Apostolicae
1844 317 1902 339 an-

1154 351 1341 391 ctoritatem,
1374 358 1523 398 tuamque
1545 360 1574 386 et
1603 353 1793 388 confratrum
1825 366 1902 387 oin-

1154 401 1239 435 nium
1269 408 1410 445 patenter
1432 400 1648 447 promulgatis,
1670 411 1785 448 quanta
1800 404 1901 436 casti—

160 334 208 348 num
238 329 256 347 tt.
266 333 328 348 rrum

151 361 158 374 s
171 361 214 379 wer
238 358 335 375 cidini*

152 383 284 402 clericorum.

1954 457 2023 477 virtus
2047 458 2108 477 casti-

174 1157 236 1178 Sedis
248 1158 290 1183 Apo
303 1160 322 1178 to

147 1185 200 1204 lv'a?
216 1187 332 1204 aut-torvas

147 1210 331 1231 edendinmade-
359 1203 467 1230 COllll'ss
492 1193 613 1228 {IOVllel'
635 1191 848 1225 increscentes
869 1200 1016 1222 (¹XceSSllS
1033 1200 1110 1222 DOVR

146 1240 205 1257 creta
214 1240 285 1257 contre«
296 1244 331 1257 no-

148 1270 183 1284 vo!
199 1270 259 1284 επεὶ
273 1269 303 1284 ιιι.

175 2180 227 2204 Ouid
243 2184 269 2201 sit
283 2181 332 2202 obe-

148 2207 233 2228 dimna.

365 466 393 492 ct
417 455 632 492 auctoritatem
649 464 806 487 canonum
823 463 894 485 cum
909 450 1113 496 suffraganeis

366 507 427 541 tuis
468 503 614 540 omnibus
649 500 822 536 studiosius
850 499 1039 545 accingaris,
1078 506 1111 533 ut

364 556 506 602 Sponsae
534 550 665 591 Christi,
700 562 780 597 quae
803 548 957 583 maculam
991 548 1111 592 nescit,

363 612 414 639 aut
428 614 546 649 rugam,
556 599 738 635 candidatae
749 606 779 633 et
793 597 1009 632 immaculatae
1029 597 1113 631 fami-

364 654 422 688 liae
443 651 614 699 gratiosum
637 648 820 683 exhibeatur
836 647 1029 691 officinm(a).
1046 645 1112 680 No-

365 703 403 736 vit
426 702 509 736 euim
534 698 710 734 fraternitas
737 705 806 737 tua,
842 696 914 743 quia
947 703 1111 742 praecepta

363 752 440 786 liaec
467 762 530 784 non
559 748 598 783 de
625 754 732 782 nostro
766 757 860 780 sensu
895 744 1110 791 exculpimus,

362 801 417 835 sed
441 799 642 846 antiquorum
665 796 794 831 Patrum
817 794 1014 833 sanctiones,
1042 793 1112 839 Spi-

363 851 422 884 ritu
445 849 561 884 Sancto
598 845 796 893 praedicante
825 843 981 890 prolatas,
1017 842 1110 877 officii

362 899 459 934 nostri
482 896 667 933 necessitate
691 895 720 928 iu
739 893 876 928 medium
898 892 1110 939 propalamus3

362 961 401 983 ne
431 947 508 995 pigri
536 945 615 981 servi
649 943 820 979 subeamus
853 941 1050 988 periculum.
1084 941 1108 975 si

361 997 553 1031 dominicam
579 993 755 1042 pecuniam,
784 1003 864 1038 quae
885 1003 957 1025 cum
982 990 1110 1025 foenore

363 1046 559 1094 reposcitur,
600 1042 659 1078 sub
695 1041 821 1076 silentio
864 1040 1109 1074 abscondamus.

360 1096 561 1142 Quamquam
585 1092 656 1127 liuic
690 1091 825 1126 Sanctae
856 1089 1019 1124 Romanae
1046 1089 1111 1123 Ec-

360 1145 473 1180 clesiae
501 1154 627 1190 semper
655 1140 742 1174 licuit
768 1150 957 1186 semperque
986 1138 1109 1179 iicebit,

360 1255 486 1291 quoque
505 1242 642 1284 decreta,
660 1247 754 1285 atque
773 1237 909 1272 remedia
932 1248 1109 1283 procurare,

360 1306 439 1341 quae
462 1291 591 1327 rationis
614 1298 645 1324 et
665 1287 860 1323 auctoritatis
882 1286 963 1320 edita
984 1286 1109 1325 iudicia,

360 1343 437 1377 nulli
461 1341 625 1376 hominum
648 1338 688 1374 sit
710 1337 766 1377 sas,
804 1346 834 1370 ut
858 1336 941 1369 irrita
964 1335 1109 1369 refutare.

363 1392 459 1439 Urget
482 1403 540 1426 nos
567 1389 660 1424 etiam
694 1387 787 1421 timor
816 1384 899 1419 illius
934 1384 1110 1428 maledicti,

361 1441 446 1488 qnod
470 1453 525 1487 per
547 1438 751 1474 Salomonem
780 1434 990 1480 depromitur:
1018 1433 1111 1467 Male-

361 1492 465 1525 dictus
479 1484 586 1532 liomo,
601 1487 654 1534 qui
669 1483 834 1520 abscondit
847 1483 1001 1516 frumenta
1012 1482 1040 1515 in
1059 1494 1111 1528 po-

360 1540 436 1587 pulo
451 1541 499 1583 (b).
515 1538 556 1572 Et
577 1535 662 1584 quod
685 1535 758 1568 item
784 1544 837 1579 per
861 1531 1048 1576 proplietam
1068 1531 1111 1564 di-

360 1590 455 1623 citur:
474 1587 659 1622 Maledictus
681 1584 789 1624 homo,
811 1582 863 1628 qui
889 1580 1111 1627 proliibetgla-

360 1640 447 1672 dium
464 1649 556 1671 suum
571 1648 586 1670 a
600 1633 764 1680 sanguine,
780 1630 861 1664 idest
880 1629 1007 1664 verbum
1025 1641 1111 1676 prae-

361 1687 532 1722 dicationis
558 1684 596 1719 ab
626 1680 840 1728 increpatione
863 1679 1034 1713 carnalium
1061 1680 1107 1721 (c).

360 1737 451 1771 Sicut
473 1736 557 1770 enim
581 1745 638 1767 nos
656 1732 694 1767 ad
726 1728 918 1775 loquendum
947 1727 1109 1774 superiora

360 1785 501 1832 exempla
537 1782 714 1829 impellunt,
752 1779 790 1813 ita
817 1785 847 1812 et
874 1789 939 1815 vos,
966 1788 1047 1823 quae
1070 1776 1108 1810 de

360 1833 540 1869 obedientia
557 1831 672 1879 passim
691 1829 807 1875 scripta
823 1826 981 1872 leguntur,
1000 1825 1109 1860 adlior-

362 1892 477 1926 tantur,
511 1894 591 1929 quae
617 1880 762 1917 dicimus,
796 1876 928 1910 fraterna
958 1875 1109 1909 charitate

361 1933 531 1979 suscipere.
554 1930 632 1965 Nam
665 1928 779 1974 legitur
801 1924 884 1972 apud
909 1924 1106 1958 Samuelem:

361 1982 473 2017 Melior
487 1989 533 2016 est
547 1978 722 2014 obedientia
738 2004 746 2016 ,
764 1986 857 2023 quam
893 1973 1036 2007 rictimac
1058 1975 1109 2016 (ds,

361 2031 450 2077 quasi
478 2030 561 2065 enim
585 2028 688 2063 scelus
709 2023 899 2060 idololatriae
926 2030 972 2056 est
987 2034 1048 2056 nou
1065 2035 1110 2056 as-

361 2081 491 2124 culture,
513 2078 600 2126 quasi
625 2083 785 2123 peccatum
809 2070 961 2106 ariolandi
985 2079 1108 2105 estnon

361 2129 572 2177 acquiescere.
600 2125 694 2168 Quod
731 2123 840 2157 beatus
878 2120 1050 2165 Gregorius
1078 2121 1108 2154 in

362 2178 531 2213 moralibus
545 2186 707 2223 exponens
723 2172 813 2206 dicit:
830 2169 1019 2204 Obedieutia
1036 2182 1110 2215 ergo

361 2236 420 2268 est,
441 2228 511 2262 sine
533 2237 606 2272 qua,
634 2224 705 2259 licet
731 2220 834 2255 fidelis
855 2219 989 2265 quisque
1013 2218 1112 2252 videa-

362 2285 430 2316 tur,
453 2275 589 2310 infidelis
611 2286 679 2309 esse
701 2269 967 2321 convinciturhffl).
991 2267 1053 2302 Sed
1078 2275 1111 2302 ut

361 2338 409 2368 ea,
426 2338 505 2372 quae
532 2322 692 2358 dilectioni
707 2329 777 2355 tuae
792 2318 1009 2370 iniungimus,
1025 2329 1113 2351 com-

363 2374 547 2421 pendiosius
569 2372 790 2416 efficaciusque
806 2377 1018 2414 prosequaris,
1041 2378 1111 2413 cum

363 2423 510 2457 fratribus
532 2431 561 2457 et
583 2419 780 2467 coepiscopis
808 2416 868 2450 tuis
890 2415 1059 2448 concilium
1085 2422 1112 2449 te

363 2484 477 2517 cogere
499 2471 686 2512 suademus,
721 2469 749 2502 in
773 2478 836 2514 quo
859 2475 953 2511 quam
977 2464 1114 2498 maximo

365 2521 483 2568 poteris
509 2521 694 2554 clericorum
722 2524 811 2551 caetu
841 2520 1046 2558 congregato,
1069 2512 1115 2547 le-

399 2577 438 2611 (α)
454 2576 553 2611 Ephes.
574 2577 601 2602 5.
639 2575 677 2609 (b)
697 2575 777 2600 Prov.
808 2572 849 2597 tt.
898 2568 933 2604 (c)
956 2569 1048 2608 [erem.
1072 2569 1113 2611 28.

364 2612 515 2683 gatae}
532 2611 761 2649 taetEcetes.1v.
784 2607 823 2634 ¹7.
863 2605 902 2640 (l)
918 2606 997 2639 Greg.
1016 2604 1059 2631 nb.
1073 2604 1116 2633 οὔ,

1154 449 1224 484 tatis
1258 450 1298 483 sit
1334 450 1453 490 virtus,
1486 462 1645 497 quamque
1680 451 1902 486 ecclesiasticis

1153 497 1302 544 gradibus
1325 499 1511 540 necessaria,
1533 510 1589 533 scu
1605 511 1697 546 quam
1720 501 1826 547 sponsi
1846 501 1902 535 vir-

1153 547 1248 593 ginis,
1270 555 1301 582 et
1324 548 1451 594 virginis
1484 560 1618 595 sponsae
1640 547 1842 584 cubiculariis
1863 551 1901 584 sit

1153 603 1337 644 competens
1359 603 1408 640 (ut
1433 597 1501 632 Dco
1523 597 1660 632 donante
1683 598 1779 641 nosti)
1808 598 1902 633 latius

1154 657 1325 693 exponens.
1348 646 1493 681 Subinde
1520 646 1650 681 firmiter
1676 647 1902 694 pronunciabis

1155 707 1216 730 non
1245 695 1374 730 ulterius
1396 696 1455 731 sibi
1479 695 1589 737 licere,
1623 696 1709 743 quod
1738 696 1767 730 in
1792 697 1902 744 perni-

1154 745 1232 779 ciem
1259 745 1307 779 sui
1329 745 1481 780 hactenus
1508 753 1711 792 usurparunt,
1733 758 1804 781 cum
1828 746 1899 781 tole-

1154 793 1282 828 rabilius
1315 795 1445 829 omnino
1479 794 1518 829 sit
1553 806 1676 829 cessare
1711 794 1749 829 ab
1776 795 1899 840 officio⁷

1153 856 1247 890 quam
1270 843 1431 888 incestam,
1462 844 1509 879 vcl
1532 844 1624 878 etiam
1653 844 1815 879 molestam
1843 858 1901 879 suo

1152 892 1304 927 Salvatori
1340 893 1482 939 ingerere
1519 893 1728 934 ‘servitutem3
1763 902 1794 929 et
1828 893 1901 929 inde

1152 942 1209 976 sibi
1237 942 1312 977 iram
1343 954 1526 978 coacervare
1557 951 1650 989 atque
1684 942 1899 990 supplicium,

1153 991 1237 1026 unde
1264 991 1438 1038 praemium
1458 992 1566 1026 debuit
1592 992 1735 1026 emereri.
1758 991 1853 1034 Quod
1875 992 1900 1027 si

1153 1048 1181 1074 te
1203 1041 1335 1075 fideliter
1361 1041 1438 1076 haec
1470 1050 1499 1076 et
1534 1041 1665 1075 firmiter
1691 1050 1898 1089 exequentem

1153 1089 1308 1125 tribulatio
1329 1102 1365 1125 ac
1389 1090 1564 1137 persecutio
1586 1090 1750 1127 invenerit,
1779 1090 1900 1137 respice

1152 1139 1283 1180 adeum,
1300 1140 1351 1186 qui
1366 1140 1457 1174 dixit:
1472 1139 1641 1179 Confidite,
1657 1151 1716 1184 ego
1730 1139 1786 1173 vici
1806 1152 1901 1173 mun-

1152 1189 1226 1222 dum
1251 1192 1301 1232 (a).
1325 1189 1388 1223 Nos
1416 1201 1542 1236 quoque
1564 1188 1674 1236 clypeo
1704 1188 1785 1223 beati
1813 1188 1898 1223 Petri

1153 1238 1291 1272 munitos
1313 1238 1526 1273 indubitanter
1554 1237 1689 1281 noveris⁷
1711 1249 1764 1272 seu
1787 1237 1825 1272 ad
1856 1249 1898 1272 re-

1152 1287 1315 1334 pellendos
1350 1288 1473 1332 hostes,
1500 1287 1525 1322 si
1555 1299 1741 1334 possumus,
1776 1299 1830 1322 seu
1862 1286 1901 1322 ad

1153 1337 1379 1382 protegendum
1405 1345 1447 1377 te,
1470 1338 1555 1371 omni
1586 1336 1660 1371 liora
1685 1335 1900 1383 paratissimos

1152 1386 1296 1420 inveniri.
1318 1386 1398 1420 Illud
1416 1398 1543 1432 quoque
1559 1385 1742 1420 fraternitati
1761 1392 1832 1419 tuae
1850 1398 1901 1420 no-

1152 1442 1216 1468 tum
1251 1447 1320 1469 esse
1355 1435 1519 1479 volumus,
1554 1443 1662 1469 contra
1696 1434 1901 1469 simoniacam

1152 1484 1306 1518 baeresim
1331 1484 1360 1518 in
1389 1483 1509 1531 synodo
1538 1484 1740 1518 confirmasse
1763 1486 1856 1524 (nam
1885 1495 1901 1517 a

1151 1533 1268 1567 sanctis
1288 1533 1435 1567 Patribus
1456 1533 1550 1578 louge
1571 1541 1643 1567 ante
1664 1540 1815 1566 statutum
1837 1535 1901 1574 est)

1151 1594 1186 1616 ac
1208 1582 1409 1617 veliementer
1437 1582 1651 1629 prohibuisse,
1675 1589 1707 1615 ut
1727 1593 1828 1628 neque
1844 1581 1903 1615 Ec-

1151 1631 1265 1665 clesIae
1292 1631 1447 1666 ullatenus
1471 1631 1657 1671 vendantur,
1684 1638 1736 1665 aut
1761 1642 1902 1678 proma-

1152 1693 1210 1715 nus
1226 1681 1423 1728 impositione
1441 1681 1574 1726 pretium
1598 1680 1783 1726 accipiatur.
1804 1679 1899 1721 Quod

1151 1730 1176 1763 si
1199 1731 1258 1764 hoc
1275 1730 1367 1765 modo
1383 1730 1547 1764 ordinatus
1565 1729 1678 1775 aliquis
1700 1728 1804 1771 fuerit,
1823 1740 1897 1763 eum

1151 1792 1166 1813 a
1194 1779 1308 1814 Missae
1340 1779 1572 1819 celebratione,
1607 1786 1637 1813 et
1663 1777 1825 1824 Evangelii
1854 1777 1901 1812 le-

1151 1828 1253 1863 ctione
1276 1828 1467 1863 omnimodis
1490 1839 1704 1863 removemus:
1728 1834 1758 1861 et
1773 1834 1805 1861 ut
1821 1826 1900 1861 haec

1151 1878 1318 1923 diligenter
1335 1877 1520 1920 observetis,
1542 1877 1667 1911 enixius
1681 1875 1901 1910 admonemus.

1151 1927 1220 1961 Dat.
1256 1927 1376 1961 Romae
1406 1939 1437 1960 iv
1472 1925 1595 1960 ltalend.
1630 1937 1722 1972 apr.‚
1755 1924 1903 1959 indictio-

1152 1990 1191 2010 lte
1217 1989 1287 2010 Xlll.

1212 2033 1272 2062 Dat.
1291 2033 1337 2062 die
1356 2032 1393 2062 020
1413 2032 1509 2061 martii
1529 2040 1605 2060 anno
1623 2030 1740 2060 Domini
1759 2029 1845 2066 1075,

1406 2071 1508 2111 pontif.
1526 2080 1602 2100 anno
1621 2079 1651 2100 ιι.

1492 2203 1561 2238 XV.

1157 2281 1300 2313 Eiusdem
1314 2280 1375 2323 fere
1391 2278 1564 2321 aryumenti
1584 2277 1626 2309 acl
1647 2275 1907 2320 archiepiscopium

1338 2328 1630 2371 Maqcleburqensem
1659 2327 1720 2367 (Ι).

1421 2394 1635 2425 Stabianum

1158 2461 1224 2500 Spei
1244 2460 1272 2489 in
1296 2459 1386 2487 Deum
1417 2458 1469 2487 vis.
1500 2474 1540 2479 —
1567 2456 1646 2492 Quae
1669 2453 1816 2494 episcspis
1835 2452 1909 2489 vig-‘i-

1198 2500 1284 2529 lantia
1316 2499 1412 2527 inesse
1440 2500 1571 2536 oporteat
1597 2499 1697 2524 contra
1726 2492 1907 2532 pullulantes

1197 2547 1342 2569 excessus.
1358 2554 1397 2559 —
1409 2536 1446 2566 De
1465 2537 1640 2566 clericorum
1657 2534 1780 2563 libidine
1799 2532 1909 2561 refrae-

1197 2578 1302 2608 nanda.

1194 2636 1232 2670 (u)
1250 2636 1320 2662 loan.
1341 2634 1382 2660 ¹6.
1421 2634 1460 2667 (t)
1482 2633 1518 2659 Ex
1536 2630 1590 2658 edit.
1609 2629 1687 2656 Card.
1709 2628 1827 2655 curatae.

1925 484 1974 504 tatis
1988 485 2109 505 neces-aria

1939 511 2090 531 ecclesiasticis

1926 543 1962 562 pra
1971 537 2032 557 libus.

1949 1421 1978 1442 De
1989 1422 2112 1442 simoniaci·

1927 1453 1938 1468 a
1957 1454 2023 1468 sacris
2045 1454 2111 1469 remo-

1927 1475 2042 1496 movendis.
