2180 3205
432 280 496 318 910

402 357 567 396 LXXXVI.
597 356 807 393 Confirmatio
821 355 1007 391 monasterii
1025 355 1066 391 de
1089 356 1149 390 Bo-

490 412 647 452 scoduno,
670 411 902 454 bonorumque
922 409 964 444 ad
984 409 1064 444 illud
1076 420 1149 454 per-

493 465 673 501 tinentium:
699 469 729 498 et
749 463 900 498 inhibitio
915 490 922 504 ‚
956 473 997 497 ne
1017 463 1089 508 quis
1110 463 1167 497 de⁴

491 520 559 555 eius
579 518 750 554 novalibus
769 522 824 551 aut
853 516 1060 552 nutrimentis
1081 516 1149 550 ani·
1166 534 1168 563 ἰ

491 572 625 607 mulium
648 570 790 606 decimas
808 570 925 613 exigat,
950 569 1023 604 795.

402 634 584 671 LXXXVII.
608 633 818 669 Confirmatio
845 633 1059 667 donationum
1081 619 1168 666 oms}

490 688 593 728 nium,
616 688 724 721 savoie
753 686 885 731 capituli
917 692 948 720 et
978 685 1151 720 canonico·
1167 686 1169 701 s

491 751 563 775 rum
577 739 790 785 Aquileiensis
802 739 964 773 Ecclesiae
977 739 1148 780 facta1um,
1141 759 1170 795 ,-

493 794 567 829 796.

403 856 600 892 Lxxxvltl.
629 856 830 901 Approbatio
862 856 999 890 instituti
1028 856 1152 890 ordinis

491 910 791 950 carthusianorum,
817 909 890 943 798.

402 972 573 1008 Lxxxlx.
605 973 693 1007 Bona
729 972 839 1006 omnIa
866 971 1060 1005 Veronensis
1088 971 1150 1005 Ec-

493 1026 608 1060 clesiae
629 1025 867 1059 confirmantur
886 1025 1033 1070 Capitulo
1053 1030 1085 1059 et
1102 1036 1153 1059 ca·
1169 1041 1170 1053 ³

491 1079 627 1115 nonicis:
641 1079 752 1114 addito
765 1079 909 1119 decreto,
926 1079 1014 1123 quod
1032 1079 1152 1124 absque
1169 1084 1171 1088 ’

493 1134 630 1170 sanioris
643 1133 744 1178 partis
758 1143 918 1168 consensu
939 1132 1073 1167 alienari
1087 1143 1152 1166 non
1169 1147 1171 1153 r

493 1188 627 1234 possint,
653 1187 726 1221 799.

408 1249 472 1285 XC
496 1250 541 1285 De
560 1260 640 1296 pace
667 1260 739 1283 cum
772 1248 937 1284 Friderico
958 1248 1172 1304 imperatore

494 1304 637 1338 Venetiis
658 1303 748 1343 inita,
780 1303 915 1347 eiusque
935 1302 1150 1343 absolutione,

496 1356 570 1392 800.
1170 1348 1172 1376 I

407 1421 485 1459 XCI
509 1422 692 1462 Decretum,
704 1421 792 1468 quod
805 1419 962 1455 moniales
977 1419 1016 1455 de
1048 1419 1172 1458 Swina

497 1482 529 1511 et
545 1476 585 1511 de
609 1476 722 1511 Cotum
736 1481 904 1520 exemptae
926 1474 1061 1510 omnino
1093 1463 1173 1508 sinti

496 1541 514 1565 a
533 1530 694 1565 solutione
709 1529 921 1570 decimarum,
942 1527 1016 1563 802

407 1593 501 1630 XCII.
525 1592 734 1627 Confirmatio
747 1592 912 1626 bonorum
925 1591 1072 1625 omnium
1087 1601 1156 1624 mo-

496 1646 629 1682 nasterii
670 1645 861 1680 monialium
900 1645 930 1679 S.
970 1645 1087 1679 Mariae
1117 1645 1155 1678 de

496 1699 634 1735 Moliano
672 1698 856 1733 Tarvisinae
898 1698 1079 1737 dioecesis,
1120 1696 1174 1744 ac}

496 1753 731 1788 nonnullorum
770 1752 1016 1797 privilegiorum
1060 1758 1157 1795 atque

496 1807 738 1842 immunitatum
758 1817 840 1840 nova
858 1805 1035 1846 concessio,
1060 1804 1135 1839 802.
1173 1805 1175 1822 ‘

408 1880 515 1916 XCIII.
540 1879 749 1914 Confirmatio
763 1879 926 1912 bonorum
941 1877 1089 1912 omnium
1098 1877 1157 1911 Ec·
1174 1884 1175 1915 t

497 1933 681 1974 elesiarum‚
703 1932 979 1966 monasteriorum
998 1931 1038 1966 ad
1059 1930 1157 1975 Aqui·
1174 1942 1176 1976 j

498 1987 653 2021 leiensem
685 1986 805 2020 Eccles.
837 1985 1091 2031 pertinentium,
1122 1995 1176 2018 ac:

498 2039 732 2075 iurisdictionis
764 2039 796 2073 in
825 2039 987 2074 sexdecim
1024 2038 1052 2072 ei
1084 2037 1177 2071 sub-2.

498 2094 589 2130 iectis
609 2093 861 2139 episcopatibus,
886 2091 961 2126 804.
1175 2080 1177 2090 ¹

411 2156 515 2194 XCIV.
541 2157 678 2193 Indictio
696 2157 733 2191 XI
746 2156 828 2190 sacri
846 2161 877 2190 et
890 2154 1051 2198 generalis
1075 2164 1156 2188 con-
1176 2153 1178 2171 ¹

501 2212 565 2248 cilii
585 2211 809 2246 Lateranensis
829 2211 881 2251 ΙΙΙ,
902 2210 976 2244 805.

411 2274 496 2310 XCV.
520 2275 730 2310 Confirmatio
760 2273 1015 2318 privilegiorum,
1039 2273 1079 2306 ab
1099 2272 1162 2306 Eu-

501 2329 596 2371 genio
617 2328 675 2362 ΡΡ.
696 2328 734 2362 III
753 2326 952 2361 monasterio
966 2326 1071 2360 Sancti
1087 2325 1162 2365 Qui-

501 2382 563 2417 rini
587 2382 751 2426 Tegernee
772 2390 1016 2420 concessorum,
1042 2378 1117 2413 806.

412 2443 513 2480 xcvt.
534 2444 728 2479 Monasterio
749 2443 857 2478 Sancti
886 2441 1010 2476 Nazarii
1035 2441 1162 2476 Lauris-

502 2498 631 2532 hamen.
664 2497 839 2537 dioecesis,
874 2497 962 2541 quod
994 2495 1054 2529 sub
1080 2505 1159 2539 pro-

503 2550 642 2584 tectione
679 2551 770 2584 Sedis
790 2550 994 2595 Apostolicae
1025 2548 1161 2593 suscipi-

505 2609 568 2643 tur,
592 2603 677 2636 bona
691 2603 801 2637 onmia
818 2603 1065 2642 confirmantur,
1082 2612 1163 2635 non-

505 2657 658 2702 nullaque
667 2654 1158 2701 concedunturprivilegia,808.

417 2718 535 2755 XCVII.
559 2718 762 2753 Lunensibus
781 2718 941 2764 episcopis
953 2717 1164 2752 confirmatur

988 292 1174 319 BULLAmUu
1188 292 1342 319 nomm

1272 366 1320 399 ius
1350 365 1563 399 benedicendi
1588 364 1738 398 abbatem
1758 363 1789 398 S.
1806 363 1926 409 Capra-

1271 419 1310 454 sii
1331 418 1492 453 Arelensis
1513 418 1713 459 monasterii,
1736 416 1811 451 809.

1183 471 1317 507 XCVIII.
1346 471 1554 515 Privilegium
1585 470 1843 505 confirmationis
1873 471 1930 504 bo-

1273 537 1389 560 norum
1408 526 1554 560 omnium
1577 525 1616 560 ad
1637 525 1814 570 capitulum
1835 530 1866 558 et
1880 534 1930 558 ca-

1273 580 1408 614 nonicos
1429 579 1674 614 Concordiensis
1686 578 1847 613 Ecclesiae
1859 588 1931 623 per-

1274 634 1459 674 tinentium,
1483 632 1558 667 811.

1167 696 1290 731 ·XCIX.
1315 696 1525 730 Confirmatio
1550 695 1724 735 bonorum,
1755 694 1875 728 iurium
1896 705 1933 728 ac

1275 749 1517 794 privilegiorum
1542 749 1572 782 S.
1602 747 1800 783 coloniensis
1822 748 1932 783 Eccle-

1275 803 1352 843 siae;
1385 803 1476 837 cuius
1503 802 1666 836 canonicis
1687 801 1879 836 dalmaticae
1896 811 1934 835 ac

1276 857 1392 890 mitrae
1413 867 1489 890 usus
1509 855 1711 895 conceditur,
1734 853 1810 891 812.

1186 919 1219 955 C.
1245 919 1425 962 Assignatio
1446 919 1679 953 nonnullorum
1700 918 1862 953 bonorum
1874 928 1934 963 pro

1276 971 1533 1006 substentatione
1561 971 1760 1012 Lombardi,
1784 971 1839 1018 qui
1869 971 1930 1005 Be-

1277 1032 1493 1060 neventanum
1514 1024 1826 1070 archiepiscopatum
1841 1025 1934 1058 dimi-

1277 1080 1327 1120 sit,
1351 1079 1427 1122 814.

1187 1133 1233 1167 CI.
1257 1132 1464 1176 Privilegium
1491 1132 1782 1178 archipresbytero,
1796 1141 1935 1176 praepo-

1277 1187 1349 1227 sito,
1382 1192 1413 1220 et
1437 1186 1602 1220 canonicis
1629 1185 1792 1220 Ecclesiae
1817 1186 1932 1220 Ferra-

1276 1239 1403 1279 riensis,
1429 1238 1503 1273 814.

1170 1293 1251 1330 CII.
1276 1295 1441 1340 Alphonso
1473 1293 1709 1338 Portugallensi
1734 1293 1807 1328 duci
1828 1292 1937 1338 regius

1279 1348 1389 1382 titulus
1407 1346 1618 1387 conceditur,
1647 1346 1781 1391 eiusque
1800 1356 1936 1390 regnum

1277 1402 1336 1436 sub
1368 1401 1569 1447 protecti0ne
1607 1399 1697 1435 Sedis
1734 1400 1938 1447 Apostolicae

1279 1455 1464 1500 suscipitur,
1489 1453 1564 1487 816.

1189 1509 1268 1545 CIII
1300 1508 1508 1551 Privilegium
1537 1507 1799 1553 monopolitanae-
1823 1507 1934 1544 Eccle-

1279 1564 1355 1605 siae,
1380 1562 1455 1597 818

1172 1617 1264 1653 CIV
1300 1616 1511 1652 Confiimatio
1547 1615 1708 1651 bonorum
1741 1614 1886 1651 omnium
1909 1620 1939 1648 et

1278 1670 1523 1715 privilegiorum
1543 1668 1731 1704 monasterii
1745 1667 1938 1703 monialium

1279 1723 1309 1760 S.
1334 1723 1507 1758 Zachariae
1526 1722 1747 1762 Venetiarum,
1771 1719 1846 1756 820.

1191 1777 1250 1812 CV.
1275 1777 1476 1822 Descriptum
1498 1775 1743 1810 confirmations
1760 1775 1866 1819 Papae
1879 1780 1941 1809 sta-

1280 1837 1424 1866 tutorum
1446 1829 1537 1873 regni
1561 1829 1726 1870 Poloniae,
1755 1828 1829 1862 822.

1174 1886 1266 1928 cvl.
1290 1885 1434 1920 Ecclesia
1454 1884 1484 1919 S.
1506 1884 1591 1920 Petri
1611 1884 1711 1919 Iscen.
1738 1882 1941 1928 Tiphernatis

1281 1939 1439 1973 dioecesis
1469 1941 1578 1982 (mum
1609 1935 1864 1981 Urbanensis)a
1884 1935 1939 1970 Ti-

1281 1991 1447 2038 phernatis
1468 1990 1611 2036 episcopi
1633 1989 1856 2024 iurisdictione
1869 1988 1938 2024 exi-

1283 2045 1393 2085 mitur,
1417 2044 1492 2078 822.

1175 2091 1285 2152 levu.
1320 2107 1530 2143 Confirmatio
1568 2106 1731 2141 Ecclesiae
1759 2105 1939 2146 Diniensis,

1283 2163 1512 2207 bonorumque
1540 2161 1581 2195 ad
1601 2161 1689 2194 illam
1710 2160 1939 2205 spectantium,

1283 2228 1320 2251 ac
1341 2215 1514 2259 assignatio
1544 2214 1717 2249 duodecim
1739 2219 1863 2248 tantum
1885 2224 1939 2247 ca—

1284 2270 1489 2310 nonicorum,
1514 2269 1569 2314 qui
1590 2268 1617 2302 ei
1639 2268 1823 2309 inserviant,
1847 2266 1921 2302 824.

1195 2333 1300 2369 CVIII.
1323 2332 1531 2375 PrIvilegium
1550 2329 1809 2366 confirmati0nis
1839 2329 1943 2363 bono-

1285 2397 1356 2421 rum
1390 2386 1537 2420 omnium
1558 2384 1690 2429 capituli
1713 2390 1744 2418 et
1770 2383 1944 2418 canonico-

1285 2451 1357 2474 rum
1378 2439 1561 2473 Tarvisinae
1585 2437 1757 2479 Ecclesiae,
1781 2443 1813 2470 et
1836 2436 1943 2470 cuius-

1286 2494 1359 2528 dam
1374 2503 1475 2527 novae
1490 2490 1727 2526 constitutionis
1741 2500 1801 2534 pro
1813 2489 1944 2523 illorum

1287 2547 1510 2586 indemnitate,
1539 2546 1578 2578 ab
1598 2544 1643 2578 eis
1664 2544 1779 2584 editae,
1804 2542 1878 2577 825.

1197 2610 1273 2646 CIX.
1308 2609 1503 2644 Monasterio
1534 2609 1564 2643 S.
1598 2608 1683 2643 Petri
1711 2608 1750 2641 de
1781 2606 1945 2650 Cerieseya

1286 2663 1503 2697 Wintoniens.
1538 2661 1695 2696 dioecesis
1725 2661 1812 2694 bona
1836 2658 1945 2693 omnia

1286 2722 1383 2762 atque
1420 2715 1641 2750 immunitates
1685 2713 1941 2748 confirmantur:
