2180 3205
165 240 213 268 An.
231 240 259 268 C.
282 241 350 269 1119

429 215 499 248 294

971 219 1070 243 ῧΠΗΑ
1077 218 1160 242 tumr
1187 217 1349 241 nonaxon

378 280 485 314 Monte
510 277 659 319 Racnlfo,
697 275 860 311 ecclesiam
896 275 935 310 de
961 275 1128 316 Sasiriaco,
1173 274 1347 321 cappellam
1370 273 1409 308 de
1435 280 1536 308 castro
1563 272 1729 314 Mei-cotio,
1756 272 1921 309 ecclesiam

377 330 543 364 ecclesiam
572 327 611 361 (18
633 326 814 365 Peroaiaco,
838 325 989 372 capellam
1012 326 1050 359 de
1075 337 1130 360 co-

379 386 443 413 stro
462 377 652 423 Corgenon,
687 377 854 410 ecclesiam
888 375 995 411 Sancti
1020 374 1103 409 Lidii
1120 402 1128 416 ,

377 439 457 473 qnae
482 427 575 472 vulgo
609 433 738 460 vocatur
771 424 903 465 Olivae,
939 424 1128 462 Lovincum,

376 476 602 511 silviniacum:
632 475 663 509 in
686 474 922 516 Marticonensi,
950 473 1130 511 [1181ιί51118-

378 537 463 565 8881,
485 524 612 568 villare,
639 523 762 564 Plotos,
784 523 989 563 Belniacum,
1018 522 1128 557 eccle-

376 587 454 609 siam
480 574 518 608 de
541 573 780 621 Lidonziacum,
806 573 918 608 cellam
940 572 1046 607 Sancti
1062 572 1129 606 Ro-

377 624 474 663 mani,
501 622 608 658 Sancti
635 622 790 666 Mauricii,
824 622 932 657 Sancti
966 621 1128 669 Sympho-

376 673 467 716 riani‚
482 672 615 707 Sanctae
626 673 741 707 Mariae
753 671 948 718 deCappella
963 671 1126 710 Reverias‚

375 722 484 757 Sancti
518 721 601 756 Petri
629 721 668 756 de
703 721 925 760 Romaniscas,
960 720 1124 755 ecclesiam

376 771 415 806 de
439 772 564 816 Aziaco,
591 771 630 805 de
657 771 794 814 Fisiano,
819 770 926 805 Sancti
950 769 1061 804 Iuliani
1089 769 1127 804 (18

374 820 553 865 Lonciaco,
586 819 694 856 Sancti
726 820 836 854 Vitalis
863 820 901 854 de
936 819 1059 853 Lenna:
1095 819 1125 853 in

374 870 587 911 Bimricensi,
625 870 803 904 ecclesiam·
828 868 867 903 de
906 867 1053 911 Sociaco:
1094 868 1124 902 in

374 919 681 966 Augustudemensi,
714 918 879 953 ecclesian]
903 917 940 951 de
964 917 1126 952 Pariniaco

375 981 446 1004 cum
482 969 638 1015 cappella,
673 968 838 1002 ecclesiam
873 966 910 1000 de
942 966 1125 1010 petraficta,

375 1031 445 1053 8881
462 1018 602 1065 cappella
616 1017 724 1052 Sancti
742 1017 832 1051 Iusti:
858 1016 888 1050 in
906 1015 1125 1055 Namnetensi,

375 1068 600 1102 monasterium
621 1067 729 1101 Sancti
750 1066 932 1105 Philiberti,
960 1064 1124 1100 ecclesiam

375 1117 414 1152 de
443 1117 608 1160 Machicol,
630 1115 736 1151 Sancti
763 1115 888 1150 Martini
915 1114 953 1148 de
980 1114 1125 1159 Paciaco,

375 1165 480 1201 Sancti
497 1165 636 1208 Liminii,
658 1165 823 1200 ecclesiam
849 1164 887 1198 de
907 1164 1124 1204 Limoziveria,

375 1216 481 1252 Sancti
501 1214 702 1258 Columbani,
724 1214 873 1249 ecclesias
890 1214 929 1248 de
943 1212 1124 1253 Carcoiaco,

375 1266 524 1300 ecclesias
546 1265 584 1299 dc
606 1264 726 1304 Mores,
756 1264 937 1298 mansiones
957 1264 995 1296 dc
1019 1263 1126 1309 Legia-

375 1328 428 1359 co,
455 1315 494 1349 de
509 1314 629 1353 Tolrei,
643 1313 842 1348 ecclesiasde
857 1312 1068 1347 Montisteriis:
1094 1312 1123 1346 in

374 1364 565 1407 pictavensi,
587 1363 706 1397 Herum
730 1363 880 1402 insulam,
912 1362 1060 1396 ccclesias
1087 1362 1125 1395 (18

375 1413 609 1456 Bello-Videre,
631 1425 702 1447 cum
725 1412 889 1451 cimiterio,
911 1411 1020 1445 cellam
1044 1409 1125 1445 San-

344 1462 348 1463 ⁷
375 1471 442 1497 ctae
476 1463 591 1497 'Mariae
618 1461 780 1501 Lauduni,
815 1461 979 1495 ecclesian}
1019 1458 1123 1494 Sancti

375 1512 511 1556 Nicolai,
526 1512 631 1547 Sancti
647 1511 744 1550 Petri,
767 1510 916 1545 ecclesias
930 1509 968 1543 de
983 1509 1126 1544 Basilicis

377 1560 510 1596 Sanctae
536 1560 663 1600 Crucis,
691 1561 838 1594 ecclesias
860 1559 898 1593 dc
923 1559 1125 1602 Berniziaco,

377 1611 417 1645 dc
443 1611 568 1652 Aziaco,
591 1610 777 1647 Maciacum,
805 1608 990 1645 Taziacutn,
1017 1609 1125 1642 eccle—

377 1661 455 1695 siam
478 1659 708 1700 (ΜΠ-1818111115,
730 1657 877 1693 ecclosias
899 1658 937 1692 de
958 1657 1125 1696 Bernazai,

378 1710 416 1743 de
443 1708 550 1743 Monte
577 1708 683 1743 Sancti
713 1707 910 1751 Leodegarii,
936 1706 975 1741 de
1001 1706 1127 1740 1351118-

376 1758 481 1793 libus:
506 1759 535 1791 in
558 1757 751 1799 anonensi,
771 1756 970 1798 Pontiacnm,
998 1755 1128 1790 Vernio-

378 1808 455 1848 lum,
483 1807 724 1842 Corcoriacuin:
753 1807 783 1840 in
806 1805 1039 1851 Andegavensi,
1062 1804 1127 1839 cel-

378 1857 438 1892 lam
461 1856 596 1891 Cunaldi
613 1869 684 1890 cuin
705 1855 906 1902 appenditiis,
923 1855 1070 1888 ecclesias
1089 1853 1127 1888 de

378 1906 479 1941 Doadi
494 1905 608 1950 Castri,
630 1905 736 1940 Sancti
763 1904 920 1951 Dionysii,
944 1902 1049 1938 Sancti
1067 1903 1128 1936 Pe-

379 1956 435 1998 tri,
457 1955 563 1990 Sancti
590 1954 754 1996 lohannis,
781 1952 887 1987 Sancti
924 1952 1126 1997 Leodegarii,

379 2004 544 2039 ecclesiam
568 2003 673 2038 Sancti
700 2003 878 2041 Laurentii,
913 2002 1014 2035 villain
1041 2002 1128 2035 Lan—

381 2054 485 2092 drum,
507 2053 741 2094 Terentiacuni7
763 2052 913 2086 ecclesias
931 2052 969 2085 de
988 2050 1128 2087 Varinas,

381 2102 514 2138 Sanctae
536 2102 652 2136 Mariae
669 2101 708 2135 de
723 2101 866 2148 Taennys
883 2113 953 2135 cum
977 2099 1127 2146 cappella:

380 2152 411 2186 in
435 2151 630 2194 Genevensi‚
662 2151 825 2185 ecclesiam
861 2150 899 2183 de
932 2149 1062 2183 Perois:
1099 2149 1128 2182 in

380 2202 545 2238 Ainciensi.
572 2201 797 2235 monasterium
823 2198 929 2233 Sancti
952 2198 1130 2237 philiberti,

381 2251 546 2285 ecclesiam
571 2249 677 2284 Sancti
704 2249 787 2283 Petri
811 2249 849 2282 de
872 2247 996 2286 salitas,
1024 2247 1129 2281 Sancti

381 2299 500 2334 Felicis
521 2300 558 2334 (18
581 2298 748 2341 Landons,
776 2297 909 2332 Sanctae
942 2296 1058 2330 Mariae
1093 2296 1130 2329 de

385 2348 549 2392 pratalias,
587 2347 690 2383 Sancti
732 2347 855 2381 Martini
900 2345 1131 2388 Cocornensis,

383 2398 554 2443 cappellam
582 2396 688 2432 Sancti
722 2395 900 2434 Philiberti,
928 2394 1034 2429 Sancti
1062 2393 1125 2440 Cy-

384 2447 473 2489 riaci,
495 2446 600 2481 Sancti
616 2445 757 2480 Mauricii
773 2444 1003 2483 A'inhlavensis,
1025 2442 1131 2478 Sancti

384 2494 555 2535 Vincentii,
570 2495 743 2542 cappellam
768 2495 798 2528 in
812 2501 913 2528 castro
935 2491 1038 2540 Syroi,
1058 2491 1135 2526 San-

386 2551 453 2578 ctac
479 2543 595 2578 Mariae
622 2545 661 2577 di·
684 2543 795 2583 nasac,
823 2542 997 2588 cappellam
1020 2541 1059 2575 (18
1080 2553 1134 2574 ca-

386 2600 450 2628 stro
478 2592 603 2637 Rocos,
636 2592 743 2627 Sancti
779 2592 912 2634 loliani,
938 2590 1134 2638 Caspiniaci‚

1171 323 1277 358 Sancti
1306 323 1430 365 Quinti:
1470 324 1500 357 in
1529 323 1649 367 Dimisi,
1688 323 1854 358 ecclesiam
1883 325 1922 358 (18

1170 382 1271 406 castro
1287 372 1438 415 Giainan,
1461 371 1565 407 Sancti
1581 371 1733 413 Romani,
1756 371 1922 407 ecclesiam

1170 422 1208 456 (18
1230 422 1386 456 anrites:
1411 422 1441 456 in
1463 421 1726 461 Tricastrinensi,
1753 421 1920 457 ecclesiam

1170 472 1208 505 (18
1230 471 1316 505 Valle
1332 471 1492 517 Nimphis,
1508 470 1613 505 Sancti
1629 470 1764 511 Martini,
1787 469 1921 506 Sanctae

1170 521 1296 562 Mariae,
1319 520 1425 555 Sancti
1442 520 1536 560 Petri,
1560 519 1665 554 Sancti
1683 519 1830 558 Romani,
1845 531 1921 566 cap-

1170 570 1282 616 pellam
1311 569 1417 604 Sancti
1441 569 1602 604 Michaelis
1629 569 1667 604 (18
1693 568 1793 608 Gaba,
1815 569 1921 604 eccle-

1169 620 1244 654 siam
1269 620 1305 653 118
1327 618 1537 666 Elccinosyna
1571 618 1704 653 Sanctae
1736 617 1852 652 Mariae
1881 618 1920 653 dc

1168 668 1329 703 Grainan:
1365 669 1394 702 in
1432 668 1651 707 ,λιιι-(15188851,
1685 667 1849 702 ecclesiam
1881 667 1920 703 de

1168 718 1298 757 Dasera,
1322 717 1454 752 Sanctae
1469 717 1595 761 Mariae,
1618 716 1724 752 Sancti
1740 715 1918 758 Benedicti,

1168 767 1275 802 Sancti
1299 767 1532 814 Christophori,
1556 766 1662 801 Sancti
1686 765 1859 801 Saturnini.
1883 765 1918 801 18

1167 812 1370 857 Vasionensi*‚
1405 817 1570 851 ecclesiam
1599 814 1705 850 Sancti
1743 814 1916 857 Germani,

1167 865 1272 901 Smcti
1296 866 1379 900 Petri
1402 866 1440 899 de
1464 865 1569 909 Falco,
1592 865 1726 900 Sanctae
1750 864 1864 899 Mariae
1876 864 1917 899 de

1168 915 1362 962 Purpureas:
1392 915 1420 949 in
1440 914 1626 953 Viennensi,
1650 914 1761 949 cellam
1784 913 1919 949 Sanctae

1168 965 1298 1009 Agnetis
1317 965 1356 999 de
1370 964 1464 1003 Mota,
1488 964 1594 999 Sancti
1611 963 1734 998 Martini
1751 964 1788 998 de
1803 963 1917 998 Aziaco

1167 1026 1239 1048 cnm
1267 1014 1438 1051 8181118110,
1473 1013 1577 1048 Sancti
1604 1013 1718 1047 Verani
1750 1013 1788 1047 (18
1810 1012 1918 1057 Rivas,

1166 1064 1329 1097 ecclesiam
1369 1063 1408 1098 de
1438 1061 1511 1103 Fai,
1551 1062 1656 1097 Sancti
1692 1062 1841 1097 Iohannis
1875 1062 1915 1097 de

1166 1112 1278 1147 Castro
1313 1112 1434 1151 Eiron,
1471 1112 1636 1147 ecclesiam
1670 1111 1709 1146 (18
1740 1111 1918 1155 Villanova,

1166 1162 1340 1208 cappellani
1364 1161 1469 1196 Sancti
1492 1161 1652 1196 Michaelis
1674 1160 1841 1203 deAllmn,
1860 1173 1916 1195 ec-

1166 1211 1292 1245 clesiam
1321 1211 1426 1246 Sancti
1455 1209 1615 1245 Saturnini
1647 1223 1719 1245 cum
1758 1209 1917 1257 parochia,

1166 1260 1275 1295 cellam
1299 1261 1404 1296 Sincti
1428 1260 1592 1294 Philtberti
1617 1260 1655 1294 de
1673 1259 1842 1299 MinuiaCO,
1864 1271 1919 1294 ec-

1166 1310 1293 1344 clesiam
1317 1310 1422 1346 Sancti
1450 1310 1599 1349 Romani,
1630 1308 1734 1344 Sancti
1769 1308 1916 1353 Andreae,

1166 1361 1329 1394 ecclesiam
1357 1360 1462 1394 Sancti
1488 1359 1640 1394 Ferreoli:
1678 1359 1708 1392 in
1735 1358 1916 1405 episcopatu

1167 1409 1345 1451 ssisnntino,
1368 1409 1473 1444 Sancti
1502 1407 1654 1447 Cornelii,
1682 1406 1788 1442 Sancti
1821 1407 1917 1441 Desi-

1166 1459 1262 1502 derii⁷
1298 1458 1461 1493 ecclesiam
1486 1458 1524 1492 de
1551 1457 1665 1491 Arzon.
1688 1457 1916 1503 Quaecumque

1168 1516 1325 1554 praeterea
1349 1508 1379 1541 in
1403 1508 1555 1545 futurum,
1578 1506 1728 1553 largiente
1745 1506 1822 1546 Deo,
1838 1506 1918 1540 iuste

1168 1557 1309 1603 poteritis
1331 1557 1481 1603 adipisci,
1516 1556 1603 1590 lirina
1632 1555 1718 1590 vobis
1745 1555 1918 1602 vestrisque

1167 1606 1419 1647 successoribus,
1468 1614 1498 1640 et
1540 1605 1654 1639 illibata
1700 1611 1915 1652 permaneant.

1168 1654 1375 1690 Decernimns
1401 1667 1487 1701 ergo,
1516 1662 1549 1688 ut
1585 1653 1661 1688 nulli
1690 1655 1821 1688 omnino
1857 1653 1917 1687 ho-

1169 1706 1289 1738 minnm
1325 1705 1535 1739 ticeaisidem
1571 1703 1761 1738 coenobium
1799 1711 1917 1737 temere

1169 1754 1363 1800 perturbare,
1385 1762 1437 1788 aut
1459 1754 1526 1788 eius
1549 1753 1764 1800 possessiones
1782 1751 1916 1797 auferre,

1170 1803 1215 1836 rel
1238 1803 1356 1837 ablatas
1391 1812 1534 1843 18118818,
1571 1802 1725 1841 minuere,
1748 1800 1796 1835 vel
1818 1808 1919 1835 teme-

1169 1853 1256 1887 rariis
1290 1852 1505 1886 vexationibus
1539 1850 1689 1896 fatigare;
1725 1849 1781 1884 sed
1813 1850 1918 1884 omnia

1170 1902 1288 1947 integra
1312 1909 1548 1939 conserventur,
1570 1911 1692 1937 eorum,
1713 1911 1767 1945 pro
1782 1910 1918 1945 quorum

1169 1950 1419 1984 substentatione
1442 1958 1471 1984 et
1503 1949 1731 1995 gubernatione
1767 1959 1918 1982 concessa

1170 2008 1253 2043 sunt,
1291 1999 1401 2033 nsibns
1435 1998 1627 2033 omnimodis
1663 1996 1832 2044 profutura.
1869 1996 1918 2030 Ad

1171 2049 1246 2083 haec
1273 2048 1448 2092 adjicimus,
1477 2056 1507 2081 nt
1542 2047 1624 2081 idem
1658 2047 1765 2086 locus,
1793 2045 1823 2079 in
1856 2057 1920 2092 quo

1171 2098 1251 2132 beati
1274 2097 1431 2132 Valeriani
1456 2097 1608 2144 martyris,
1631 2103 1662 2130 et
1687 2095 1785 2129 sancti
1815 2094 1917 2129 Phili-

1172 2147 1248 2181 berti
1271 2147 1460 2182 confessoris
1483 2158 1613 2192 corpora
1640 2146 1854 2193 requiescunt,
1881 2143 1920 2177 ab

1172 2197 1257 2230 omni
1282 2197 1353 2241 iugo
1387 2195 1557 2230 saecularis
1585 2195 1748 2241 potestatis
1775 2192 1852 2227 liber
1889 2193 1920 2226 in

1174 2254 1359 2292 perpetuum
1382 2252 1594 2279 conservetur.
1622 2243 1687 2277 Nec
1709 2239 1922 2289 8815808011-

1173 2303 1239 2328 ceat
1261 2295 1490 2340 cuiuscumque
1522 2293 1676 2327 dioecesis
1697 2291 1844 2326 eumdem
1873 2290 1922 2324 lo-

1173 2356 1258 2382 cuni,
1278 2342 1625 2381 excominnnicationis,
1642 2341 1687 2375 vel
1703 2339 1919 2379 absolutionis,

1174 2392 1220 2426 vel
1248 2392 1421 2427 'cuiuslibet
1451 2391 1666 2438 dispositionis
1699 2387 1920 2424 occasionibus

1175 2441 1368 2488 perturbare:
1408 2449 1462 2475 aut
1500 2452 1631 2479 cruces,
1671 2450 1727 2472 seu
1761 2437 1920 2484 quaslibet

1174 2491 1353 2525 exactiones
1380 2502 1476 2524 novas
1497 2489 1597 2536 burgo
1631 2495 1661 2521 et
1686 2487 1818 2521 caeteris
1851 2498 1921 2520 mo-

1176 2540 1302 2574 nasterii
1341 2538 1596 2586 possessionibus
1629 2537 1775 2581 irrogare.
1813 2534 1925 2568 Missas

1175 2601 1301 2636 quoqne
1339 2590 1369 2622 iu
1405 2588 1516 2623 eodem
1552 2586 1742 2620 monasterio
1780 2583 1925 2632 publicas

1942 233 1992 261 An.
2012 233 2040 262 c.
2057 212 2123 262 11111

1964 1674 2080 1694 Decretum
2093 1672 2134 1692 lm·
2151 1678 2154 1681 *

1950 1700 2067 1721 munitatis
2080 1698 2108 1719 ab

1949 1727 2009 1747 omni
2019 1728 2040 1747 vi
2051 1726 2134 1747 velmo-

1951 1754 2020 1774 tesua.

1964 1999 2057 2020 Ecclesia
2067 1999 2087 2019 S.
2095 1998 2136 2019 Va-

1950 2027 2027 2047 tei-iani
2037 2026 2064 2046 ab
2073 2025 2134 2046 omni

1964 2053 2070 2078 spirituali
2093 2054 2116 2072 et

1951 2082 2016 2105 temp·
2027 2080 2065 2099 rati
2088 2077 2137 2103 epi-

1951 2106 2010 2131 scopi
2025 2110 2073 2126 iure
2085 2105 2136 2126 tibe-

1951 2138 1974 2159 13
1991 2131 2122 2153 declaratur.
