2180 3205
175 306 225 332 An.
245 306 272 333 C.
293 308 357 335 1077

196 660 353 685 Epist-opattam,

168 693 297 712 eatisatnqtte
333 688 352 707 in

167 714 263 732 111111111111-
274 713 312 734 l'l'.
321 720 352 734 t'e-

167 746 205 758 51-’1
240 756 242 759 ,

205 1749 256 1770 Eius
274 1752 344 1771 tamen

166 1781 231 1796 eausa
250 1777 330 1802 synodo

158 1803 292 1824 discutienda
311 1810 343 1824 re-

157 1830 252 1850 mittitur.

207 2527 236 2547 Dt—
252 2533 339 2548 cenere-

153 2556 220 2580 qinvlu
235 2555 326 2580 stri-ulo:

440 303 487 335 90

384 367 597 422 prohibitione
631 366 812 401 huiusmodi
848 367 1051 414 acceptionis,
1076 378 1134 401 nec

385 417 487 463 ipsum
534 416 705 451 Henricum
753 428 856 462 teocm
889 428 906 450 a
946 415 1035 450 nobis
1079 428 1133 451 ex-

383 465 648 500 communicatum
677 465 793 509 fuisse,
835 465 936 512 aliqua
959 474 1041 500 certa
1072 478 1134 500 1113-

381 515 579 549 nifestatione
619 514 818 560 cognovisse:
862 515 912 549 cui
957 527 1027 549 cum
1075 527 1132 549 nos

379 564 530 610 congruis
552 563 727 598 rationibus
753 564 1008 608 ostenderemus,
1036 577 1130 610 quam

379 625 473 658 graie
501 621 602 656 esset,
631 613 724 648 etiam
748 614 831 648 omni
855 614 1029 659 ignorantia
1057 626 1128 647 eum

378 671 567 702 excusante,
594 662 727 698 Sanctae
749 671 779 698 et
811 662 1010 710 Apostolicae
1036 662 1129 697 Sedis

378 711 528 757 synodale
565 711 726 746 decretum
763 712 954 758 transgredi,
1000 719 1029 747 ct
1071 711 1129 746 Ι111-

380 760 514 795 iusmodi
552 761 788 808 participatione
814 773 885 796 cum
909 761 1036 795 homine
1068 773 1128 795 ex-

377 811 609 845 communicato
624 811 857 850 commaculari,
873 810 909 844 ad
933 810 1127 845 satisfacien-

377 858 451 894 dum
487 869 663 906 promptus,
690 859 821 904 donum,
849 859 930 906 quod
968 859 1126 906 accepisse

378 920 461 942 115115
483 916 541 947 est,
569 916 717 943 continuo
741 922 769 943 111
800 921 910 943 manus
933 916 1054 942 nostras
1078 921 1126 942 re-

376 956 505 1001 futavit,
539 965 569 992 et
592 958 721 993 omnino
753 970 878 992 causam
907 970 994 992 suam
1020 965 1125 992 nostro

375 1005 494 1041 iudicio
521 1019 592 1041 curn
615 1007 662 1041 sui
687 1008 786 1052 ipsius
808 1007 845 1041 ad
870 1019 994 1041 ornnem
1019 1007 1126 1041 volun-

375 1063 469 1090 tatem
495 1064 631 1090 nostram
661 1056 858 1090 subiectione
880 1065 907 1090 et
923 1055 1124 1089 obauditione

374 1105 512 1151 reliquit.
541 1104 602 1138 Pro
630 1105 719 1139 cuius
742 1105 975 1144 humiliatione,
999 1112 1027 1138 et
1052 1117 1124 1138 ma-

374 1154 458 1187 xime
480 1154 628 1200 quoniam
658 1154 840 1188 canonicam
873 1153 1058 1188 electionem
1094 1154 1122 1187 in

373 1214 411 1237 eo
431 1203 639 1257 praecessisse
660 1202 848 1246 audivimus,
873 1203 911 1237 ad
935 1202 1123 1236 misericor-

373 1251 457 1285 (liam
481 1252 555 1285 moti
578 1263 698 1292 snmus,
727 1260 756 1286 et
778 1252 887 1286 confisi
924 1251 953 1285 in
979 1252 1122 1286 testimo-

373 1301 447 1345 nio,
485 1300 570 1347 qnod
601 1300 744 1335 nonnulli
780 1301 970 1336 confratrum
1000 1308 1123 1335 nostro—

373 1361 442 1383 rum
465 1350 686 1396 episcoporum
702 1362 772 1384 cum
791 1350 896 1384 multis
917 1362 972 1396 pro
991 1362 1027 1384 eo
1046 1362 1122 1396 snp-

372 1398 594 1445 plicationibus
622 1399 658 1433 ad
697 1411 754 1433 nos
790 1412 843 1446 per
875 1399 1022 1446 epistolas
1049 1411 1122 1433 5335

372 1447 566 1489 direxerunt,
607 1448 751 1483 videlicet
778 1448 862 1495 quod
890 1449 957 1482 eius
994 1460 1122 1494 praece—

373 1495 452 1531 dens
474 1496 536 1531 vita
558 1505 587 1531 et
612 1498 807 1532 conversatio
835 1496 967 1531 multum
991 1497 1120 1531 honesta

372 1554 403 1587 et
425 1545 590 1580 laudabilis
613 1545 718 1588 fuerit;
741 1546 779 1581 ad
804 1546 1030 1593 promotionem
1053 1547 1121 1580 eius

372 1593 524 1630 discretae
551 1595 776 1631 moderationis
797 1595 1051 1630 consideratione
1070 1608 1120 1630 as-

371 1655 499 1678 sensum
517 1644 667 1691 praebere
690 1657 751 1679 non
775 1644 939 1691 indignum
959 1644 1119 1685 duximus,

371 1700 507 1727 attamen
536 1705 575 1728 ne
597 1693 679 1728 istud
707 1694 786 1735 aliis,
811 1706 944 1740 quorum
969 1706 1061 1727 causa
1090 1702 1119 1728 et

371 1743 568 1778 conversatio
590 1742 664 1777 huic
691 1743 782 1789 longe
809 1742 970 1777 dissimilis
1000 1751 1029 1776 et
1061 1744 1119 1776 im-

371 1803 427 1838 par
447 1792 630 1835 constiterit,
654 1792 691 1827 ad
715 1791 893 1838 exemplum
918 1793 962 1826 vel
987 1792 1118 1826 occasio-

370 1853 442 1875 nem
469 1841 668 1887 quaerendae
701 1841 934 1876 misericordiae
968 1841 1119 1887 imposte-

369 1901 439 1924 rum
467 1890 532 1925 fore
558 1889 740 1931 debuisset,
777 1889 1117 1931 illudconstituimus,

370 1947 402 1972 ut
430 1950 535 1974 coram
572 1947 601 1973 te
636 1939 791 1974 confratre
827 1946 939 1973 nostro·
970 1938 1117 1973 Remensi

369 1987 621 2043 archiepiscopo
649 1996 679 2023 et
700 1988 768 2023 aliis
802 1988 1119 2035 comproiincialibus

369 2037 547 2084 episcopis,
583 2037 622 2072 ita
648 2049 682 2072 se
711 2049 775 2092 per·
787 2045 1016 2072 sacramentum
1041 2049 1117 2084 pnr-

369 2098 444 2131 oare
467 2086 599 2126 debeat,
633 2087 715 2133 quod
749 2087 776 2120 ei
804 2094 874 2121 ante
901 2087 1116 2133 acceptionem

370 2135 468 2175 illam,
496 2143 526 2170 et
549 2143 582 2170 ut
607 2135 736 2177 dicitur,
765 2135 978 2170 investituram
1001 2136 1116 2182 episco-

370 2192 474 2230 patus,
499 2197 603 2231 regem
626 2184 930 2219 excommunicatum
954 2184 1061 2228 fuisse,
1088 2193 1117 2218 et

370 2233 446 2267 illud
475 2233 635 2268 decretum
669 2241 810 2268 nostrum
842 2233 880 2267 de
908 2233 1117 2279 prohibitione

369 2281 551 2317 huiusmodi
574 2282 772 2323 investiendi,
800 2290 829 2316 et
851 2282 1025 2328 accipiendi
1053 2282 1116 2317 Ec-

369 2331 491 2371 clesias,
515 2343 617 2378 neque
640 2343 696 2379 per
724 2331 859 2377 legatum
884 2339 1043 2369 nostruin,
1067 2343 1117 2366 ne-

369 2392 431 2426 que
457 2380 497 2415 ab
518 2381 621 2427 aliqua
649 2392 796 2427 persona,
831 2392 912 2426 quae
933 2392 966 2415 se
989 2380 1037 2414 his
1059 2388 1118 2414 sta-

370 2429 444 2463 tutis
466 2429 663 2471 interfuisse,
690 2437 720 2464 et
742 2441 776 2464 ea
799 2429 926 2464 audisse
950 2428 1116 2473 fateretur,

369 2477 579 2523 significatum
611 2486 642 2513 et
675 2478 889 2513 indubitanter
921 2478 1115 2513 notificatum

370 2526 474 2560 fuerit.
502 2526 703 2574 Quapropter
736 2527 945 2562 admonemus
973 2526 1117 2561 fraterni-

371 2583 463 2609 tau-in
487 2584 583 2616 tuam,
607 2584 639 2610 ut
661 2576 831 2611 concilium
851 2576 882 2610 in
900 2575 1041 2623 partibus
1058 2575 1117 2609 illis

369 2635 542 2659 convocare
577 2633 605 2659 ct
628 2625 785 2660 celebrare
812 2625 955 2668 studeas,
983 2625 1117 2658 maxime

370 2673 498 2719 quidem
531 2686 602 2709 cum
630 2686 786 2709 consensu
821 2683 851 2709 ct
877 2674 1010 2710 consilio
1037 2675 1118 2719 regis

971 311 1070 334 BULLA
1076 311 1106 333 m
1112 311 1157 333 ml
1185 310 1347 333 ROMANUM

1175 365 1392 409 Francorum,
1429 365 1454 399 si
1491 364 1556 399 fieri
1585 372 1698 411 potest.
1726 364 1782 399 Sin
1818 372 1924 399 autem

1175 416 1277 462 aliqua
1300 415 1465 450 occasione
1495 414 1522 448 id
1558 414 1736 449 consentire
1770 414 1925 459 noluerit,

1174 478 1203 499 111
1228 464 1429 511 Lingoniensi
1457 463 1598 498 Ecclesia
1621 470 1811 499 conventum
1831 463 1924 498 cele—

1174 513 1282 548 brandi
1311 513 1434 548 concilii
1472 513 1627 552 instituaS,
1655 520 1746 559 atque
1769 513 1829 547 hoc
1851 525 1922 548 eum

1174 613 1268 647 nostri
1293 611 1502 659 Lingonensis
1520 611 1660 657 episcopi
1681 610 1792 650 facias,
1818 612 1922 646 sciens

1171 662 1321 708 quoniam
1351 662 1381 695 in
1415 661 1562 695 onmibus
1596 660 1720 694 fidelem
1747 660 1920 696 adiutorem

1170 718 1199 745 et
1227 719 1460 758 cooperatorem
1497 722 1559 744 non
1587 709 1688 744 solum
1716 709 1825 749 nobis,
1866 711 1920 745 sed

1170 769 1197 794 et
1217 760 1271 795 tibi
1293 769 1322 795 et
1340 760 1488 795 omnibus
1510 759 1620 805 legatis
1641 759 1757 793 nostris
1783 771 1816 794 se
1835 758 1922 794 dein-

1169 821 1243 856 ceps
1271 809 1335 844 fore
1361 809 1520 856 promisit3
1548 817 1579 842 et
1598 820 1654 843 nos
1677 808 1708 842 in
1730 820 1768 842 eo
1790 808 1919 843 multam

1168 871 1255 904 spem
1273 859 1435 900 habemus,
1459 867 1488 892 et
1511 857 1667 892 fiduciam.
1691 856 1809 892 Comes
1826 858 1918 892 etiarn

1167 907 1325 942 Tebaldus
1349 920 1403 954 per
1426 907 1542 953 legatos
1563 919 1638 941 suos
1661 906 1802 941 eamdem
1827 907 1917 942 nobis

1168 957 1409 1003 promissionem
1434 956 1517 996 fecit,
1542 964 1573 990 ut
1594 956 1618 990 si
1642 968 1694 990 rex
1716 955 1836 1002 legatos
1859 969 1918 991 no-

1167 1013 1247 1040 stros
1280 1006 1417 1052 recipere
1451 1006 1564 1049 nollet,
1598 1006 1663 1052 ipse
1693 1017 1765 1040 cum
1792 1017 1917 1041 summa

1167 1054 1332 1089 devotione
1353 1055 1518 1100 reciperet,
1541 1063 1571 1089 et
1593 1055 1637 1089 eis
1659 1066 1798 1099 omnem,
1821 1067 1914 1102 quam

1167 1113 1287 1150 posset,
1314 1104 1520 1150 aptitudinem
1543 1103 1719 1138 celebrandi
1747 1105 1915 1151 synodum,

1165 1161 1193 1187 et
1208 1153 1417 1187 ecclesiastica
1435 1152 1612 1199 exequendi
1633 1153 1775 1199 negotia,
1797 1153 1914 1198 locum,

1165 1202 1355 1241 eonsilium,
1396 1202 1609 1247 auxiliumque
1643 1210 1776 1248 pararet.
1814 1202 1914 1237 Stude

1165 1263 1260 1297 ergo,
1292 1259 1322 1285 ut
1346 1251 1517 1297 praefatum
1551 1249 1737 1284 confratrem
1770 1258 1913 1286 nostrum

1164 1299 1398 1346 LingoneiiS÷=in
1433 1300 1617 1346 episcopum
1655 1300 1843 1344 convenias,
1883 1308 1912 1334 et

1164 1349 1322 1383 communi
1351 1349 1493 1387 consilio,
1527 1348 1580 1382 ubi
1618 1348 1705 1382 vobis
1732 1348 1845 1383 melius
1868 1350 1914 1383 vi-

1164 1398 1301 1438 debitur,
1319 1398 1475 1445 synodum
1496 1398 1667 1437 instituite,
1690 1406 1720 1432 et
1734 1399 1913 1433 convocatis

1164 1447 1237 1482 illuc
1259 1447 1499 1494 archiepiscopo
1526 1447 1675 1481 Remensi
1700 1454 1731 1481 et
1759 1448 1910 1492 caeteris,

1163 1505 1303 1543 quoquot
1337 1497 1457 1543 possis,
1493 1496 1739 1542 archiepiscopis
1778 1505 1808 1531 et
1840 1497 1910 1544 epi-

1162 1546 1267 1592 scopis
1302 1544 1462 1588 Franciae,
1491 1546 1591 1591 primo
1618 1545 1759 1579 omnium
1783 1557 1910 1580 causam

1162 1607 1255 1642 supra
1279 1596 1441 1629 memorati
1467 1594 1704 1629 Cameracensis
1736 1594 1825 1629 electi
1861 1595 1910 1629 di-

1162 1652 1283 1678 scutere
1311 1644 1453 1683 studeas,
1489 1643 1634 1678 videlicet
1665 1653 1697 1678 ut
1731 1643 1908 1678 secundum

1163 1694 1384 1740 praescriptam
1407 1693 1591 1727 5113131363ῑὶ
1611 1692 1908 1728 determinationem

1161 1755 1193 1776 se
1216 1754 1321 1777 coram
1350 1742 1497 1776 omnibus
1519 1749 1687 1797 expttrge13
1720 1750 1750 1776 et
1781 1742 1911 1790 insuper

1162 1804 1199 1826 ne
1225 1793 1252 1825 in
1284 1800 1382 1825 morte
1407 1791 1501 1835 iltius,
1534 1792 1586 1846 qui
1610 1792 1641 1824 in
1670 1791 1774 1837 iguem
1807 1804 1911 1838 prote-

1160 1849 1229 1875 ctus
1251 1849 1310 1880 est,
1333 1841 1538 1880 consenserit,
1566 1841 1595 1874 in
1623 1840 1734 1875 eodem
1757 1852 1791 1874 se
1812 1853 1910 1876 sacra-

1162 1898 1267 1924 mento
1294 1889 1451 1924 defendat.
1487 1889 1581 1931 Quod
1611 1889 1635 1923 si
1664 1889 1778 1924 factum
1802 1889 1907 1935 fuerit,

1161 1939 1400 1985 praecedentem
1423 1938 1491 1972 eius
1512 1938 1700 1973 electionem
1723 1938 1908 1974 confirman-

1160 1988 1229 2022 113111
1258 2000 1327 2022 esse
1353 1988 1523 2034 apostolica
1551 1987 1766 2022 moderatione
1798 1987 1910 2023 decer-

1161 2037 1283 2077 nimus,
1310 2044 1340 2070 et
1368 2045 1397 2070 te
1424 2048 1495 2070 curn
1523 2035 1679 2071 confratre
1713 2045 1820 2071 nostro
1840 2037 1909 2072 Re-

1161 2087 1260 2120 mensi
1293 2085 1533 2132 archiepiscopo
1565 2085 1604 2120 de
1643 2085 1711 2120 eius
1739 2098 1910 2121 consecra-

1160 2136 1255 2171 tione.
1286 2142 1377 2181 prout
1399 2143 1551 2181 oporteat,
1585 2142 1721 2169 statuere
1747 2135 1908 2170 volumus:

1160 2186 1218 2218 nisi
1248 2184 1325 2218 forte
1347 2183 1403 2217 alia
1431 2182 1504 2223 sibi,
1526 2195 1607 2230 quae
1633 2195 1691 2218 nos
1713 2183 1906 2229 ignoramus,

1158 2233 1332 2271 obstiterit,
1354 2244 1435 2279 (luae
1458 2232 1608 2267 tamenin
1631 2233 1795 2278 prudentia
1809 2241 1908 2268 vestra

1158 2282 1366 2316 examinanda
1387 2281 1605 2328 relinquimus.
1633 2281 1715 2316 Illud
1732 2294 1805 2316 vero
1818 2294 1909 2316 com-

1159 2344 1253 2365 mune
1273 2331 1388 2365 malum
1408 2342 1488 2376 pene
1511 2330 1605 2365 totius
1626 2339 1742 2374 terrae,
1764 2331 1909 2366 videlicet

1157 2379 1241 2426 qnod
1260 2379 1366 2414 altaria
1382 2380 1570 2423 venduntur,
1597 2388 1628 2414 et
1642 2379 1726 2426 quod
1742 2380 1800 2414 iste
1813 2380 1906 2414 etiarn

1159 2429 1188 2462 in
1224 2428 1326 2463 officio
1354 2428 1402 2462 sui
1436 2428 1708 2462 archidiaconatus
1734 2428 1908 2464 se*fecissc

1158 2490 1220 2512 non
1237 2478 1388 2523 denegat,
1419 2490 1456 2511 ne
1478 2477 1628 2523 deinceps
1651 2477 1712 2519 fiat,
1737 2485 1796 2511 tam
1821 2477 1906 2517 huic,

1158 2539 1251 2573 quam
1267 2527 1396 2561 caeteris
1410 2526 1559 2560 omnibus
1581 2525 1746 2560 interdico.
1772 2526 1819 2560 De
1834 2538 1906 2561 cae-

1159 2584 1224 2610 tero
1251 2575 1459 2610 admonemus
1493 2575 1693 2609 dilectionem
1730 2582 1834 2617 tuam,
1869 2583 1904 2610 ut

1159 2674 1373 2708 thalaunensis
1405 2673 1562 2720 episcopi,
1599 2672 1804 2708 Carnotcnsis
1839 2673 1905 2709 Ec-

1948 314 1997 340 An.
2019 314 2045 340 C.
2063 314 2130 342 ¹077

1993 522 2092 547 wgnisieiu
2101 523 2129 541 ta*

1946 554 1992 567 nix-n
2008 554 2064 573 {tt'tu‘x
2075 550 2130 573 regis

1172 563 1303 597 consilio
1326 571 1355 597 et
1376 562 1520 610 prudenti
1537 561 1745 608 dispositione
1759 562 1923 597 confratris
1968 581 2048 594 wat„

1959 1401 1980 1421 tn
1989 1401 2068 1427 synodo
2077 1407 2126 1422 exa-

1940 1423 2039 1448 3113311113
2067 1429 2126 1454 prins

1954 1453 2112 1475 Cameracensis

1953 1481 1983 1500 el
1981 1481 2015 1500 cti
2046 1486 2096 1501 caus
2098 1487 2110 1502 a

1940 1512 1994 1527 mani
1997 1508 2025 1527 la:
2028 1513 2058 1527 ur.

1991 1895 2018 1916 Et
2033 1896 2050 1916 si
2066 1895 2124 1917 dicta

1936 1922 2039 1948 probetur
2064 1923 2123 1948 igno-

1937 1949 2014 1972 113110,
2037 1949 2114 1970 electio

1936 1976 2091 1996 confirmanda:

1960 2293 1990 2313 De
2005 2293 2071 2313 sacris
2089 2293 2119 2313 al-

1939 2320 2019 2339 13311115
2043 2319 2112 2344 pretio

1932 2351 1974 2366 non
1980 2345 2118 2372 accipiendis.

1930 2528 2021 2548 Aliarum
2029 2534 2116 2558 quoquo

1952 2554 1982 2575 Ε
1978 2555 2025 2575 cles
2028 2561 2094 2575 tarum
2125 2579 2132 2583 Ι

1931 2586 1982 2601 caus
1983 2587 2009 2601 ae
2041 2581 2115 2601 eadem

1930 2608 1950 2627 in
1966 2607 2047 2628 sinodo
2065 2607 2115 2628 defi-

1160 2624 1294 2671 reliquas
1316 2636 1471 2666 03115·15,1
1459 2632 1489 2657 et
1518 2624 1656 2669 negotia,
1681 2623 1822 2657 vidilicet
1842 2624 1905 2659 Ca·
1929 2629 2035 2659 menuae
