2180 3205
51 194 100 222 An.
121 193 150 221 C.
167 193 234 222 ¹092

301 244 355 274 rici
378 243 482 274 eccles.
502 249 626 273 monast.
650 254 664 273 a
684 254 740 274 non
761 245 934 275 dioecesano
951 247 1013 286 epi-
1056 247 1205 294 plurimas
1219 277 1226 290 ,

301 293 390 323 scopo
414 284 501 313 velint
531 285 670 314 ordinari.
699 302 737 307 —
767 285 929 324 Episcopus
961 296 1011 325 pro

301 323 405 361 legatis
429 324 526 353 favore
555 330 677 354 monast.
714 325 798 354 sactis
830 327 943 355 tertiam
969 326 1010 355 tel

299 367 432 402 quartam
445 368 555 402 partein
566 365 715 402 requirere
727 365 895 394 nullatenus
907 366 1008 403 possit.

300 418 341 425 —
361 402 499 432 Liberum
533 404 640 442 cuique
667 404 695 432 in
727 404 863 433 ecclesiis
887 410 1009 434 monast.

299 443 482 481 sepulturam
506 443 561 472 sihi
581 444 699 481 eligere.
717 460 756 465 —
774 443 812 472 Ilo
833 443 931 473 litibus
956 454 1007 473 co-

298 481 487 519 gnoscendis.
508 499 548 504 —
569 482 756 521 l‘riiileginin
786 483 900 521 linget-ii
924 484 1008 513 (lucis

298 522 475 551 monasterio
497 521 629 551 Cavensi.
647 539 686 544 —
707 522 842 552 Decimae
868 523 1007 561 piscatio-

297 561 354 590 nis.
376 578 416 583 —
433 561 688 591 Mcrcimoniorum
703 566 870 591 contractus
894 562 1006 601 absque

299 600 387 631 datio.
409 617 446 623 —-
463 601 502 630 Dc
521 602 619 630 causis
639 601 815 631 iudicandis.
841 619 879 623 —
898 602 935 631 Dc
955 603 1007 631 nii-

294 641 456 671 nistrorum
485 640 588 670 Curiae
611 641 763 670 electione.
785 658 825 663 —
846 641 884 670 lte
907 642 1007 680 appel-

293 680 463 710 lationibus.
485 696 524 702 —
542 680 678 710 Facultas
701 680 845 710 liberandi
868 683 1006 711 condem-

292 724 378 750 natos
400 720 487 749 etiam
506 720 612 758 capite.
630 737 670 742 —
687 719 717 750 Si
737 720 807 758 quitl
826 721 861 750 ad
881 727 1003 751 monast.

293 760 444 799 pertinens
468 760 553 789 vendi
576 764 625 789 aut
643 759 701 789 emi
720 761 883 798 contigerit,
901 762 1004 791 invali-

291 800 386 829 datur.
408 815 447 821 -—
465 798 634 829 Oblationes
653 800 682 828 in
701 804 850 838 posterum
875 806 1001 831 monast.

291 838 444 868 faciendae
457 839 634 868 roborantur
646 849 711 868 cum
724 841 1002 879 omniexeniptione.

290 894 330 901 —
347 877 423 908 Bona
448 879 619 908 obeuntium
644 879 679 908 ab
703 879 839 909 intestato
856 885 1003 910 monaste—

291 919 335 948 rio
357 918 513 958 applicata:
535 935 574 941 —-
589 919 631 948 Ad
648 919 734 949 cuius
753 929 869 959 quoque
883 920 1000 950 (iuriam

291 962 404 997 spectat
419 958 561 988 iudiciuin
585 959 620 988 de
639 958 724 988 bonis
747 959 804 989 sibi
831 960 1002 998 pertinenti-

290 997 356 1033 bus,
375 1007 426 1037 per
456 1007 673 1037 quemcumque
706 999 857 1028 hominum
881 1000 1000 1030 invasis.

288 1054 328 1060 -—
349 1037 425 1067 Haec
443 1038 539 1068 omnia
560 1038 707 1077 privilegia
740 1038 775 1068 ab
809 1038 923 1069 Urbano
946 1040 999 1069 1¹1¹.

287 1077 508 1107 confirmantur.
530 1095 569 1100 —
586 1077 720 1107 Facultas
741 1078 854 1108 abbatis
878 1089 997 1109 excom-

286 1117 438 1147 municare
461 1127 511 1147 eos
534 1118 583 1156 qui
607 1118 771 1147 molestiam
790 1119 879 1147 ullam
898 1129 999 1149 mona-

287 1157 376 1186 sterio
394 1157 558 1186 intulerint.
578 1174 618 1179 —
635 1158 798 1187 Anatheina
821 1163 919 1188 contra
940 1161 999 1189 vio-

286 1195 394 1226 latores
411 1197 558 1236 privilegii
578 1197 678 1227 huius.
693 1215 729 1219 —
745 1196 995 1238 Subscriptiones.

247 1257 369 1287 Urbanus
388 1258 528 1294 episcopus
548 1265 642 1287 servus
661 1266 800 1287 servorum
815 1259 870 1292 Dei,
893 1260 996 1288 charis-

291 1303 360 1331 simo
378 1309 410 1330 ao
428 1303 652 1331 reverendissimo
672 1303 756 1332 fratri
781 1304 858 1332 Petro
877 1305 996 1333 coenobii

290 1347 419 1376 cavensis
438 1347 540 1380 abbati,
558 1348 728 1384 eiusdemque
741 1349 939 1378 successoribus
952 1357 995 1378 ca·

286 1392 381 1421 nonioe
399 1393 602 1428 promovendis,
623 1393 741 1422 salutem
760 1392 815 1432 (1).

293 1449 377 1486 Cum
399 1451 558 1485 universis
590 1450 624 1486 S.
650 1451 810 1486 Ecclesiae
838 1451 910 1486 filiis
937 1464 994 1499 pro

242 1499 338 1536 Sedis
370 1500 574 1547 Apostolicae
610 1500 798 1536 authoritate
831 1513 866 1535 ac
897 1501 993 1536 bene-

241 1549 377 1585 volentia
401 1549 562 1584 debitores
589 1550 772 1595 existamus,
805 1551 866 1584 illis
888 1558 991 1585 tamen

241 1598 437 1646 locis,atque
465 1600 621 1644 personis,
648 1611 728 1646 quae
754 1600 923 1647 specialius
957 1613 992 1635 ac

241 1648 427 1683 familiarius
448 1647 610 1683 Romanae
628 1649 798 1684 adhaerent
817 1649 991 1691 Ecclesiae,

241 1709 387 1745 quaeque
414 1697 558 1744 ampliori
595 1699 755 1744 religionis
782 1700 879 1744 gratia
913 1700 992 1733 emi-

243 1759 319 1782 nere
337 1756 525 1791 noscuntur,
547 1749 743 1794 propensiori
766 1760 822 1782 nos
844 1750 990 1783 cont-enit

28 1823 30 1825 >
71 1791 404 1831 uomswrium‘chariiatis
436 1796 539 1831 studio
576 1797 752 1831 imminere.
789 1798 989 1844 Apostolicae

22 1829 30 1836 ⁸
39 1825 130 1848 navense
145 1834 158 1849 a
170 1828 220 1849 Gre—
465 1845 470 1851 .
757 1847 762 1852 .
892 1849 896 1852 .

37 1854 95 1900 potio
108 1853 220 1880 Vssnrivi-
241 1857 319 1901 ergo
339 1857 510 1881 memoriae
532 1846 782 1892 praedecessoris
800 1855 898 1880 nostri
915 1846 991 1882 Gre—

45 1880 96 1907 agiis
110 1881 219 1906 munitum,

66 1449 178 1471 Exordium

241 1943 384 1980 Cavense
396 1944 601 1984 coenobium,
620 1945 668 1979 cui
681 1947 725 1988 (1)
741 1957 864 1980 summa
881 1946 988 1992 religio

62 1994 93 2016 Ab
106 1996 161 2017 omni
171 2002 218 2017 sae-

37 2021 103 2043 culari
118 2025 139 2043 et
151 2024 218 2044 eccle·

37 2047 122 2069 sintina
157 2049 219 2070 iuris-

36 2073 219 2097 dictionetiborum

0 2125 1 2132 ἵ
37 2099 161 2124 ductantur.

20 2231 22 2234 Ι
48 2269 54 2273 ,
70 2242 123 2274 Quid
139 2243 217 2270 Grego-

36 2274 443 2336 ffissimc‘iffeffiiAposiolicus
477 2288 640 2328 Pontifex,
677 2289 752 2323 dnm
786 2291 816 2323 in
843 2289 986 2324 Romana

36 2323 215 2372 ffihsstassamss·
239 2346 347 2373 sancta
367 2337 511 2373 Ecclesia
532 2337 804 2373 archidiaconatus
825 2338 929 2373 adhuc
946 2339 986 2373 of-

36 2377 96 2396 ⁸⁸⁸⁰¹‘
240 2387 313 2423 ficio
338 2387 531 2434 fungeretur,
555 2387 749 2434 praedictum
765 2389 868 2422 iocum
891 2400 907 2423 a
929 2387 987 2423 Gi-

241 2437 323 2472 sull'o
343 2436 542 2472 Salernitano
563 2446 638 2471 tunc
663 2438 816 2483 principe,
844 2438 874 2472 in
896 2439 986 2472 cuius

240 2498 337 2521 manu
371 2486 482 2531 fuerat,
508 2486 686 2534 postuiavit.
723 2485 826 2521 Cellas
860 2499 986 2534 quoque

276 2543 315 2578 (1)
328 2543 434 2570 Celei-as
453 2543 538 2570 addit:
556 2547 579 2569 et
595 2545 765 2576 apostolicam
785 2545 987 2571 benedictionem

240 2580 269 2606 n'tt
283 2585 454 2613 perpetuum.
493 2580 532 2615 (Ξ)
548 2579 646 2607 Forsan
664 2581 719 2606 utn'.

888 193 1031 216 t'nnaxts
1054 194 1076 216 tt
1100 194 1146 216 ΡΡ.

241 1896 322 1941 gorii
342 1894 401 1929 Vll
422 1895 571 1930 institutis
595 1895 737 1931 tenacius
762 1896 968 1931 adhaerentes
981 1925 988 1936 ,
1007 1907 1012 1920 ¹

241 1994 336 2040 viget,
362 1993 446 2040 quod
480 1995 548 2041 ipse
578 1994 777 2040 singulariter
803 1995 926 2039 dilexit,
959 2001 1011 2035 et!

241 2055 318 2078 suae
345 2042 553 2078 institutionis
579 2044 741 2090 privilegio
763 2046 987 2084 communivit,
1006 2071 1011 2094 ς

241 2104 300 2127 nos
321 2103 447 2139 quoque
469 2092 563 2127 huius
584 2093 681 2127 nostri
701 2093 851 2139 privilegii
876 2095 986 2140 pagina
1005 2098 1011 2133 Ξ

241 2142 487 2185 communimus,
513 2149 544 2176 et
570 2141 608 2175 ab
630 2143 715 2175 omni
738 2150 800 2176 tam
819 2142 1010 2186 saecu-{aris}

241 2202 336 2237 quarn
353 2190 581 2225 ecclesiasticae
597 2202 747 2237 personae
763 2192 834 2237 ingo
854 2190 985 2226 [berum

240 2252 310 2275 esse
335 2240 466 2274 omnino
499 2239 708 2274 decernimus.
736 2239 821 2274 Idem
851 2237 1010 2289 namque}

1686 190 1754 224 145

1053 298 1189 343 spatium
1219 299 1298 334 idem
1325 302 1472 349 princeps
1499 303 1528 337 in
1558 316 1650 339 manu
1675 306 1800 352 propria

1052 347 1240 387 detinuerat,
1255 349 1293 383 ab
1305 350 1373 396 ipso
1385 352 1564 398 acquirens,
1578 354 1678 389 eidem
1692 363 1800 391 sancto

1052 395 1119 430 loco
1141 398 1272 432 contulit
1304 398 1447 435 absolute
1473 414 1545 437 cum
1568 403 1716 439 omnibus
1744 405 1800 439 ha-

1051 443 1222 480 bitantibus
1245 454 1275 481 et
1305 448 1498 494 habitaturis,
1533 459 1594 487 tam
1628 453 1657 488 in
1681 454 1797 489 Cilenti

1051 502 1157 529 moute
1178 496 1310 542 eiusque
1326 499 1535 545 pertinentiis,
1558 514 1651 548 quam
1671 503 1700 538 in
1719 503 1798 538 loeis

1049 542 1396 592 Passiano,lilitiliano,
1423 548 1534 584 Castro
1560 551 1594 585 S.
1619 552 1795 593 Adiutoris,

1047 600 1077 626 et
1100 593 1357 640 pertinentiarum
1385 598 1566 633 earumdem
1593 600 1695 635 locum
1724 614 1794 637 cum

1047 643 1196 677 omnihus
1217 645 1365 689 angariis,
1388 653 1418 680 et
1442 650 1645 693 perangariis,
1673 659 1702 685 et
1723 664 1797 698 pen·

1046 691 1191 727 sionibus
1226 694 1352 737 solutis,
1397 703 1458 729 tarn
1494 698 1612 733 ratione
1648 699 1794 745 fratrum,

1045 752 1138 786 quam
1168 754 1224 789 pro
1250 743 1390 789 quolibet
1419 744 1546 780 foculari
1578 747 1717 794 ipsorum
1746 750 1795 785 lo-

1044 801 1165 831 corum,
1200 792 1281 826 sicut
1304 805 1361 828 nos
1384 794 1414 828 in
1439 794 1507 841 ipso
1530 797 1692 844 privilegio
1714 810 1794 833 enu-

1044 838 1174 874 cleatius
1197 841 1333 876 vidimus
1359 843 1522 878 contineri.
1560 845 1661 887 Quam
1685 847 1793 882 dona-

1043 888 1160 924 tionem
1184 902 1242 924 nos
1263 892 1451 928 authoritate
1476 896 1646 940 apostolica
1673 897 1792 932 contir-

1044 946 1176 974 manius.
1198 939 1364 976 Praeterea
1391 941 1605 979 Cluniaticum
1633 944 1739 980 locum
1762 947 1792 982 it-

1042 987 1106 1021 lum
1123 988 1277 1023 famosum
1292 990 1444 1037 dirigens,
1469 992 1539 1027 inde
1552 1005 1585 1028 se
1599 1002 1632 1029 ut
1645 994 1789 1031 abbatem

1043 1037 1180 1083 praefato
1207 1041 1396 1075 monasterio
1419 1052 1642 1088 praeponeret,
1667 1046 1789 1090 ascivit,

1040 1098 1134 1132 quein
1163 1088 1311 1135 deinceps
1345 1101 1415 1124 cnm
1450 1092 1606 1127 universis
1627 1093 1789 1135 subiectis,

1039 1148 1095 1169 seu
1125 1138 1269 1183 personis
1295 1138 1496 1184 singulariter
1528 1141 1656 1184 dilexit,
1693 1143 1788 1188 fovit,

1040 1185 1135 1219 tuitus
1150 1194 1206 1220 est.
1234 1187 1306 1221 Mox
1330 1187 1475 1223 Pontifex
1498 1189 1607 1235 factus,
1630 1204 1740 1227 eorum
1755 1193 1790 1228 li-

1039 1233 1188 1269 bertatem
1216 1235 1342 1271 decreto
1364 1250 1418 1272 seu
1444 1239 1554 1285 pagina
1577 1241 1783 1277 confirmavit.

1037 1282 1090 1317 Sic
1109 1292 1285 1330 praestante
1308 1286 1374 1321 Deo
1396 1287 1435 1321 ah
1450 1289 1591 1323 omnium
1614 1291 1785 1326 viventium

1038 1332 1109 1378 iugo
1145 1333 1278 1368 liberum
1313 1348 1412 1382 usque
1439 1337 1476 1371 ad
1512 1345 1652 1385 tempora
1680 1350 1786 1376 nostra

1038 1384 1218 1427 permansit.
1242 1384 1364 1418 Nostris
1382 1394 1485 1420 autem
1508 1387 1621 1422 diebus
1643 1389 1785 1432 Alfanus,

1035 1430 1251 1467 Salernitanae
1296 1433 1455 1469 Ecclesiae
1505 1437 1784 1485 archiepiscopus,

1035 1480 1191 1516 confrater
1213 1491 1329 1523 noster,
1352 1484 1389 1518 ad
1413 1485 1551 1519 eiusdem
1570 1487 1626 1521 loci
1645 1488 1786 1523 subven-

1035 1531 1149 1564 tionem
1165 1534 1209 1575 χΙ)
1223 1532 1323 1566 modis
1339 1535 1441 1580 coepit
1458 1535 1605 1569 omnihus
1621 1538 1780 1572 anhelare.

1034 1578 1131 1614 Nobis
1153 1582 1258 1628 itaque
1281 1581 1522 1628 disponentibus
1544 1585 1705 1620 basilicam
1729 1587 1784 1634 ip-

1033 1629 1098 1663 sius
1133 1630 1191 1664 loci
1220 1630 1387 1671 dedicare,
1422 1633 1472 1667 ille
1504 1646 1579 1668 suae
1618 1634 1782 1671 Ecclesiae

1033 1679 1133 1712 minui
1157 1681 1222 1713 iura
1246 1679 1434 1724 clamitabat,
1460 1683 1509 1716 cui
1533 1695 1590 1717 nos
1613 1696 1651 1718 ex
1677 1685 1781 1719 abun-

1033 1726 1117 1761 danti
1145 1729 1389 1765 satisfactionem
1414 1732 1489 1766 iuris
1511 1732 1700 1775 obtulimus3
1729 1735 1781 1770 ille

1032 1784 1147 1817 autem,
1186 1790 1257 1813 cum
1285 1779 1324 1814 ad
1351 1780 1542 1827 postulatum
1565 1789 1596 1816 et
1617 1792 1781 1830 acceptum

1008 1828 1144 1874 flactioni
1178 1830 1349 1863 terminum
1377 1832 1587 1877 pervenisset,
1624 1834 1781 1868 actionem

1030 1877 1157 1922 aggredi
1184 1878 1337 1913 refutavit.

1079 1925 1133 1960 Sic
1155 1939 1223 1967 nos,
1251 1928 1469 1974 praesentibus
1491 1928 1641 1965 fratribus
1663 1932 1779 1967 nostris

1030 1976 1237 2011 reverendiss.
1265 1979 1421 2024 episcopis
1444 1979 1565 2015 Ubatdo
1583 1980 1778 2023 sabinense,

1029 2023 1141 2059 Odone
1162 2025 1353 2067 AEbanense,
1375 2027 1537 2063 Bernardo
1560 2029 1776 2072 Praenestino,

1029 2072 1144 2109 Ioanne
1171 2075 1426 2116 Tusculanense,
1460 2077 1610 2113 Brunone
1631 2078 1777 2125 Signino,

1030 2122 1187 2169 Raugerio
1208 2124 1377 2171 Regitano,
1404 2125 1545 2162 Gerardo
1564 2127 1712 2172 Troiano,
1731 2129 1776 2164 Io.

1029 2170 1168 2219 Baptista
1195 2173 1387 2220 Rapellan0:
1420 2184 1450 2210 et
1471 2176 1682 2211 cardinalibus
1708 2177 1779 2213 Ec-

1028 2220 1140 2256 clesiae
1168 2232 1292 2258 nostrae
1317 2223 1460 2259 Erumoo
1478 2226 1660 2273 presbytero
1675 2239 1713 2261 ex
1729 2229 1776 2261 tit.

1027 2269 1171 2311 Quatuor
1208 2271 1460 2317 Coronatorum,
1487 2273 1640 2320 Gregorio
1671 2276 1776 2322 presb.

1027 2318 1060 2354 S.
1084 2319 1205 2362 Vitatis,
1232 2321 1404 2357 Benedicta
1429 2322 1533 2369 presb.
1570 2325 1615 2358 tit.
1648 2324 1682 2359 S.
1705 2325 1775 2360 Su-

1027 2381 1155 2408 sannae,
1187 2369 1340 2416 Gregorio
1367 2383 1405 2406 ex
1427 2372 1568 2406 diaconia
1596 2373 1630 2407 S.
1662 2374 1777 2410 Mariae

1004 2430 1009 2454 t
1028 2431 1058 2452 in
1093 2418 1206 2454 Schola
1229 2419 1366 2464 Graeca,
1396 2420 1489 2455 Petro
1511 2433 1548 2456 ex
1570 2421 1714 2458 diaconia
1745 2425 1776 2459 in

1027 2467 1060 2502 S.
1083 2468 1240 2509 Adriano,
1274 2469 1386 2504 lacobo
1412 2482 1450 2505 ex
1479 2470 1620 2506 diaconia
1647 2472 1680 2506 S.
1707 2472 1776 2507 Eu-

1027 2518 1150 2561 stachii,
1177 2526 1207 2553 et
1233 2518 1388 2553 Teutione
1410 2532 1447 2554 ex
1470 2519 1613 2556 diaconia
1635 2521 1670 2557 S.
1693 2520 1776 2567 Gre-

1063 2580 1102 2616 (t)
1122 2580 1242 2608 Forsitan
1262 2583 1458 2608 subiectionem.

1825 190 1874 217 An.
1896 190 1923 218 C.
1941 191 2010 219 1092

1867 244 1924 265 Bona
1941 245 1967 266 ab
1983 252 2008 267 eo

1266 262 1343 297 quas
1381 264 1480 299 usque
1511 253 1548 288 ad
1584 254 1612 289 id
1649 257 1801 303 temporis
1823 271 2008 297 animantem„-

1824 298 1870 318 dvrn
1887 299 1925 319 tw.
1947 303 2008 319 resti-

1824 327 1880 345 tuta:

1887 941 1938 961 Tum
1954 942 2002 962 dum

1817 966 1896 991 abbas,

1814 1189 1861 1204 mox
1876 1184 1924 1205 dnm
1947 1185 2000 1206 Pon-

1814 1210 1871 1231 tifex.

1855 1586 1912 1607 ,unia
1929 1588 1996 1609 eidem

1812 1616 1957 1635 controversia
1983 1622 1995 1635 a

1812 1640 1946 1661 Salernitana
1964 1648 1997 1662 ar-

1811 1666 1954 1694 chieptscopo.

1855 1932 1951 1953 Ecclesia
1967 1933 1993 1953 ab

1817 1959 1902 1980 L'rbano
1925 1960 1984 1980 dedi-

1809 1989 1864 2010 cata,
