2180 3205
876 237 1020 260 URBANL'S
1044 236 1066 258 ΙΙ
1091 236 1138 258 [Ψ.

41 257 90 284 Αιι.
110 255 138 283 c.
157 256 224 283 1093

565 292 683 327 XXIX.

248 366 407 399 Decretum
438 365 555 398 Urbani
582 366 615 398 ll
635 371 661 397 et
683 365 794 409 synodi
816 364 999 397 Claronton-

296 423 387 448 tanae
412 416 448 447 tle
472 416 612 459 primatu
641 414 839 459 Lugytlunenst'
864 415 918 455 (1).

515 483 729 515 smniatttmt

247 537 414 568 Exordium.
432 555 471 560 —
485 537 619 577 Synodus
637 536 666 566 Cl
672 540 872 573 ιιιιοιιιοηῑιηιι,
888 552 927 558 -
942 533 996 564 Ubi

285 583 381 608 actum
401 579 437 608 de
464 579 590 615 primatu
611 577 660 606 Lu·
655 577 810 614 ἶςιΙιιιιιιιιει,
832 592 872 598 —
892 575 993 605 Sti-tu

286 622 366 654 tuin,
397 622 428 647 ut
451 617 631 648 Senouensis
655 617 783 655 arcliitp
807 615 995 652 lugdunensi

285 662 433 696 tamquam
453 658 569 696 primati
586 661 666 686 esset
683 656 844 685 subiectus.
859 672 899 677 —
917 655 995 684 ldem

283 697 319 726 de
347 697 486 734 liototnag
485 697 555 726 ensi
582 701 609 726 et
636 695 812 725 Turonensi.
835 712 873 717 —
899 695 994 724 Seno-

283 737 386 766 nensis
406 737 535 775 archiep.
554 736 749 765 contumacia.
772 752 811 757 —
833 734 927 770 tiuare
946 734 993 763 of-

284 776 350 806 ticio
366 777 497 815 privatus
516 785 530 805 a
551 776 672 815 synodo.
690 792 729 797 —
746 775 874 804 ”landent
899 785 912 804 a
930 784 996 803 cae·

283 817 353 845 teris
382 816 634 853 obtemperatum,
659 819 687 844 ct
705 816 903 844 controversia
933 819 994 843 ter-

282 856 403 885 minata.
420 872 459 877 -—
475 855 620 885 l'rimatus
636 855 841 893 Lugdunensis
857 864 870 883 a
889 854 994 883 Pontis.

281 897 473 925 confirmatur
499 904 588 933 super
606 899 732 934 quatuor
755 894 928 933 provincias.
958 911 996 916 —

283 934 398 965 Poenae
421 939 521 964 contra
541 934 756 965 inobedientes.

243 996 362 1025 Urbanus
386 996 525 1032 episcopus
544 1003 639 1024 servus
658 1003 797 1025 servorum
823 995 883 1028 Dei,
916 1003 994 1024 vene-

286 1041 368 1070 rabili
385 1041 471 1070 fratri
489 1041 592 1076 nugoni
611 1041 780 1076 Lugdunensi
793 1041 994 1076 archiepiscopo

290 1087 318 1115 et
339 1085 463 1122 primati.
500 1086 609 1122 eiusque
644 1086 842 1115 successoribus
870 1086 995 1114 canonice

284 1131 483 1168 promovendis,
504 1130 532 1159 in
551 1132 723 1167 perpetuum.

64 1204 184 1226 Exordium.
293 1193 341 1229 Ex
362 1192 564 1241 Apostolicae
586 1193 680 1228 Sedis
706 1193 824 1237 debito,
853 1202 883 1228 et
914 1206 994 1228 san-

243 1252 366 1278 ctorum
395 1255 553 1277 canonum
580 1244 766 1277 auctoritate
787 1242 993 1290 impellimur,

244 1293 275 1328 in
306 1291 457 1327 omnibus
496 1292 613 1339 ubique
652 1300 804 1327 terrarum
842 1292 994 1327 Ecclesiis

244 1353 338 1389 prave
358 1349 426 1376 acta
441 1342 610 1387 corrigere,
627 1350 710 1376 recte
725 1350 839 1376 statuta
858 1343 992 1376 firmare.

246 1391 338 1426 Unde
351 1403 422 1426 cum
439 1402 496 1425 nes
515 1391 545 1425 ιιι
561 1390 733 1425 Galliarum
755 1399 857 1437 partes
876 1392 992 1431 venire,

242 1452 399 1488 supernae
422 1440 640 1486 dispositionis
661 1440 801 1486 dignatio
816 1441 994 1475 concessis-

243 1498 302 1532 set,
317 1501 411 1525 curae
428 1490 521 1524 nobis
537 1490 594 1524 suit
615 1490 698 1536 apud
722 1489 992 1524 Clarummontem

244 1539 416 1575 Arverniae
443 1539 588 1585 generale
610 1539 780 1574 concilium
806 1551 990 1574 convocare.

243 1589 287 1624 lbi
306 1589 385 1624 inter
408 1588 478 1632 alia,
497 1601 576 1635 quae
597 1588 636 1622 ad
659 1589 838 1636 synodalem
856 1589 994 1623 audien-

243 1639 317 1674 tiam
339 1638 537 1672 discutienda
566 1639 680 1684 perlata
708 1647 793 1678 sunt,
816 1638 994 1673 fraternitas

243 1696 295 1723 tua
337 1687 378 1723 de.
423 1688 557 1734 primatu
604 1696 730 1722 sanctae
770 1687 994 1733 Lugdunensis

243 1737 403 1772 Ecclesiae
423 1737 585 1783 querelam
612 1737 769 1784 exposuit,
796 1737 903 1772 multis
930 1738 991 1772 iam

243 1795 316 1821 ante
358 1786 602 1832 provincialibus
647 1787 792 1821 conciliis
833 1787 990 1832 agitatam.

244 1836 339 1871 Lecta
360 1843 434 1870 sunt
457 1835 487 1869 in
510 1835 621 1869 eodem
650 1847 813 1880 consessu,
844 1837 993 1870 eumdem

244 1885 412 1932 primatum
434 1884 792 1925 astrtientia‚Romanae
815 1886 994 1932 ctAposto-

247 1935 324 1979 licae
350 1933 554 1968 Auctoritatis
582 1934 752 1980 privilegia.
781 1934 864 1969 Cum
900 1936 995 1981 igitur

244 1983 412 2018 Richerius
437 1983 633 2018 Senouensis
654 1984 914 2031 archiepiscopus
939 1997 994 2032 pro

244 2044 337 2068 causa
358 2032 417 2067 hac
452 2032 503 2067 die
524 2032 621 2067 altero
648 2033 839 2079 respondere
867 2046 995 2079 praece-

247 2090 318 2128 ptus
338 2090 432 2122 esset,
460 2080 640 2128 nullamque
662 2082 873 2117 excusationis
900 2083 995 2118 ratio-

245 2143 317 2165 nem
340 2131 512 2177 legitimam
530 2130 730 2175 reddidisset,
754 2131 871 2177 placuit
888 2139 993 2166 tamen

244 2179 337 2214 nobis
357 2192 395 2214 cx
421 2179 612 2226 apostolicae
629 2180 879 2215 mansuetudinis
894 2181 995 2215 abun-

245 2229 351 2264 dantia
383 2228 421 2264 ad
450 2228 687 2262 deliberandum
722 2229 761 2264 de
798 2229 994 2265 subiectione

246 2278 305 2314 ltac
326 2279 358 2312 in
380 2278 462 2313 diem
493 2277 618 2312 tertium
647 2277 791 2312 inducias
818 2278 993 2325 indulgere.

245 2327 353 2362 Tertio
381 2327 485 2374 itaque
511 2327 573 2366 die,
592 2339 663 2361 cum
683 2339 717 2362 se
739 2328 789 2362 ille
811 2329 922 2374 partim
940 2342 995 2375 pro

247 2377 363 2423 negotii
378 2376 569 2423 gravamine,
587 2377 696 2422 partim
722 2389 777 2423 pro
790 2378 995 2423 aegritudinis

245 2426 424 2468 occasione,
435 2425 577 2473 synodali
592 2426 759 2460 couventui
776 2427 995 2472 subtraxisset,

246 2487 303 2522 per
324 2474 440 2521 legatos
455 2474 637 2521 requisitus,
654 2483 684 2509 et
705 2475 833 2510 obedire
846 2488 995 2521 renuens,

246 2523 351 2558 adbuc
363 2523 556 2559 deliberandi
568 2523 711 2558 inducias
725 2524 894 2570 flagitabat.
915 2526 997 2560 Defi-

282 2584 322 2619 (t)
346 2585 434 2611 Edidit
454 2586 612 2612 Sammarth.
643 2586 692 2613 loc.
713 2586 757 2612 cit.
779 2590 844 2614 tom.
874 2595 901 2615 ιν
927 2588 996 2615 inter

248 2620 424 2651 Instrumenta
443 2621 542 2648 Eccles.
564 2622 687 2657 Lugdun.
710 2630 735 2648 n.
757 2630 818 2649 xtu.

63 1403 158 1430 syn->tius
173 1403 218 1425 Cla·

37 1433 166 1456 romoni-ana,

64 1657 104 1679 Ubi
114 1660 183 1679 actum
193 1658 219 1679 de

38 1686 125 1714 primatu
137 1685 219 1711 Lugdu-

37 1717 109 1737 ιιιιιιεις

1677 223 1746 257 165

1043 289 1169 324 nitionis
1192 289 1282 324 etiam
1314 290 1371 324 iam
1402 289 1586 324 imminente
1619 291 1792 331 sententia.

1041 352 1149 373 rursus
1171 339 1208 373 ab
1231 340 1368 373 Senonis
1387 342 1430 382 (Ι)
1458 340 1619 374 Ecclesiae
1645 340 1794 386 suffraga-

1041 389 1108 423 neis
1131 389 1160 423 in
1184 388 1268 423 diem
1291 390 1436 433 alterum,
1460 398 1493 423 ut
1512 401 1583 423 eum
1608 389 1793 425 familiarius

1040 438 1265 482 convenirent,
1301 438 1447 473 induciae
1488 439 1670 486 impetratae
1697 447 1790 481 sunt,

1039 499 1074 522 ea
1107 487 1255 521 nimirum
1281 487 1503 533 pollicitatione
1538 489 1721 534 praemissa,
1746 497 1790 530 ut,

1039 537 1062 571 si
1085 537 1177 571 etiam
1202 536 1252 571 ille
1275 544 1349 570 tunc
1367 537 1568 583 pertinaciter
1590 539 1790 582 reniteretur,

1039 587 1097 632 ipsi
1128 594 1229 620 tamen
1253 585 1428 620 definitioni
1452 586 1576 621 concilii
1600 588 1792 623 unanimiter

1038 635 1212 670 obedirent.
1241 635 1340 670 Porro
1367 634 1418 670 die
1455 636 1515 670 iam
1549 644 1635 671 sexto
1662 637 1790 672 concilii

1038 686 1174 725 evoluto,
1213 697 1284 719 cum
1313 684 1363 719 ille
1391 684 1494 719 adhuc
1522 685 1665 720 inducias
1691 698 1791 733 expe-

1039 735 1132 769 tendo
1161 735 1336 778 resisteret,
1363 745 1399 768 cx
1433 734 1527 769 totius
1549 735 1656 781 synodi
1686 736 1790 771 sai-ore

1037 792 1067 819 et
1107 784 1224 818 iudicio
1263 783 1418 818 sancitum
1458 792 1528 824 cst,
1568 784 1790 820 Senoneusem

1037 834 1312 880 archiepiscopum
1365 832 1573 880 Lugdunensi
1628 841 1789 881 tamqnam

1038 883 1162 930 primati
1185 883 1412 917 subiectionem
1436 882 1714 930 obedientiamque
1738 884 1792 919 de-

1038 932 1121 973 bere,
1149 933 1220 979 quia
1249 941 1277 967 ct
1311 931 1523 977 catalogorum
1552 932 1731 979 antiquitas,
1759 941 1791 968 et

1036 981 1129 1017 Sedis
1156 981 1356 1029 Apostolicae
1386 982 1524 1028 idipsum
1554 982 1792 1017 contestabatur

1037 1032 1213 1066 auctoritas.
1257 1030 1316 1066 Cui
1365 1031 1506 1078 profecto
1547 1032 1721 1066 sententiae
1756 1044 1792 1067 se

1037 1080 1199 1116 humiliter
1214 1080 1614 1121 obedituros,Senonensis
1629 1080 1792 1116 Ecclesiae

1036 1130 1224 1176 suffraganei
1249 1130 1374 1177 propria
1406 1130 1541 1177 quisque
1565 1142 1639 1165 voce
1667 1130 1792 1177 profes-

1036 1192 1090 1214 sus
1119 1188 1176 1214 est.
1204 1179 1345 1227 ldipsnm
1375 1181 1469 1214 etiam
1499 1179 1538 1213 de
1559 1179 1790 1226 Rotomagensi

1035 1229 1175 1264 Ecclesia
1201 1229 1419 1264 confirmatum
1448 1236 1509 1268 cst;
1540 1228 1579 1263 de
1608 1229 1790 1265 Turonensi

1035 1279 1133 1319 enim,
1167 1278 1239 1325 quia
1279 1279 1337 1312 iam
1371 1290 1386 1312 a
1411 1277 1572 1312 retroactis
1594 1279 1791 1325 temporibus

1035 1327 1103 1362 sine
1136 1328 1346 1372 refragatione
1384 1327 1569 1367 obedierat,
1604 1329 1689 1362 nulla
1728 1329 1790 1363 iam

1035 1377 1177 1424 quaestio
1217 1376 1411 1411 movebatur.
1448 1377 1507 1411 Die
1548 1389 1620 1411 vero
1662 1378 1790 1412 concilii

1035 1435 1155 1467 octavo,
1185 1435 1235 1460 tua
1259 1426 1370 1461 iterum
1395 1425 1570 1460 fraternitas
1598 1435 1707 1473 questa
1730 1435 1789 1472 est,

1035 1476 1252 1511 Senonensem
1301 1476 1578 1523 archiepiscopum
1619 1487 1635 1510 a
1678 1475 1789 1522 legatis

1037 1525 1109 1565 tuis,
1137 1525 1290 1571 Aganone
1311 1525 1432 1560 scilicet
1454 1525 1608 1568 Eduensi,
1639 1533 1668 1560 et
1691 1525 1792 1560 Lam-

1035 1574 1123 1609 berto
1146 1575 1344 1609 Atrebatensi
1373 1575 1548 1621 episcopis,
1577 1574 1788 1616 admonitum,

1036 1624 1154 1659 nullam
1184 1624 1289 1659 adbuc
1317 1624 1523 1671 Lugdunensi
1547 1624 1709 1659 Ecclesiae
1733 1637 1790 1672 pro

1036 1674 1170 1720 primatu
1193 1674 1399 1708 reverentiam
1423 1673 1581 1720 profiteri,
1604 1686 1639 1708 ca
1664 1683 1791 1721 propter

1036 1736 1116 1764 nos,
1155 1731 1220 1758 toto
1255 1724 1474 1758 consentiente
1508 1723 1662 1763 concilio,
1704 1723 1790 1770 pallii

1036 1785 1152 1813 usum,
1184 1780 1213 1807 et
1244 1772 1511 1818 suffraganeorum
1547 1772 1761 1807 obedientiam
1780 1800 1790 1818 ‚

1035 1823 1137 1857 donec
1166 1822 1232 1868 ipse
1255 1822 1397 1857 obediret
1419 1821 1598 1856 Senouensi
1626 1822 1792 1869 archiepi-

1035 1884 1143 1919 scopo,
1177 1871 1406 1906 interdiximus.
1448 1871 1480 1905 ln
1523 1872 1789 1917 Rotomagensem

1035 1933 1171 1968 quoque,
1208 1921 1261 1968 qui
1288 1921 1406 1957 aberat.
1429 1920 1572 1955 eamdem
1601 1921 1788 1955 sententiam

1036 1970 1327 2017 promulgavimus,
1363 1970 1422 2004 nisi
1459 1971 1540 2005 inter
1566 1978 1628 2004 tres
1653 1982 1789 2013 menses,

1038 2027 1105 2067 post
1120 2020 1308 2054 sententiam
1331 2019 1502 2066 cognitam,
1524 2020 1549 2054 si
1569 2019 1697 2066 quidem
1719 2020 1788 2054 viva

1037 2081 1116 2103 ιοοθ
1143 2081 1205 2103 non
1241 2077 1363 2115 posset,
1399 2068 1627 2103 subiectionem
1650 2067 1788 2102 debitam

1035 2119 1153 2165 scripto
1182 2117 1392 2164 polliceretur
1420 2117 1522 2163 Ipsius
1550 2118 1653 2163 itaque
1681 2117 1790 2151 suifra-

1035 2179 1155 2213 ganeis,
1169 2167 1221 2213 qui
1239 2175 1418 2212 praesentes
1432 2167 1573 2207 aderant
1596 2166 1785 2201 sententiam

1039 2224 1175 2250 nostram
1198 2216 1303 2250 debita
1331 2215 1506 2250 bumilitate
1528 2215 1788 2262 suscipientibus,

1036 2277 1072 2299 ac
1098 2264 1308 2299 obedientiam
1345 2265 1616 2312 promittentibus,
1647 2265 1694 2298 sic
1717 2273 1788 2299 tan-

1036 2314 1107 2349 dem
1135 2313 1358 2359 Lugdunensis
1381 2313 1540 2349 Ecclesiae
1567 2314 1694 2360 querela
1717 2314 1790 2348 diu-

1037 2371 1127 2398 turna
1162 2372 1320 2397 annuente
1359 2363 1497 2397 Domino
1536 2362 1699 2398 terminata
1726 2371 1785 2398 est.

1038 2413 1097 2447 Per
1125 2413 1297 2458 praesentis
1324 2412 1420 2457 igitur
1455 2412 1605 2458 privilegii
1642 2412 1788 2458 paginam

1037 2461 1243 2509 Lugdunensi
1268 2461 1430 2496 Ecclesiae
1452 2469 1524 2496 tuae
1541 2462 1710 2508 primatum
1733 2474 1791 2496 su-

1038 2524 1093 2558 per
1115 2518 1248 2558 quatuor
1282 2507 1459 2558 provincias
1497 2511 1733 2548 confirmamus,
1761 2518 1791 2545 et

1014 2563 1092 2607 ¹per
1114 2572 1182 2594 eam
1218 2560 1271 2594 tibi
1305 2560 1430 2606 tuisque
1457 2560 1705 2598 successoribus
1742 2560 1791 2594 liis

1650 2621 1693 2657 (ιι.
1712 2621 1756 2656 T.)

1072 2622 1110 2659 (t)
1128 2622 1248 2650 Fortasse
1267 2623 1430 2650 Senouensis.

1820 249 1868 277 An.
1882 249 1909 276 C.
1934 249 2001 276 ιυθῦ

1845 839 1951 859 stannum
1961 856 1965 863 ,
1981 843 2002 859 ιιι

1819 865 1870 886 Seis
1863 872 1927 886 einer
1931 873 1947 886 is
1970 873 2002 886 a-i·

1819 892 2003 918 ciiiee1.andu-

1819 925 1843 939 ne
1847 926 1869 948 ns
1874 926 1878 939 ι
1896 922 1914 939 ta
1904 926 1980 946 amaqu
1970 926 2003 940 am

1827 945 1878 971 [ιιιιιι
1882 946 1911 966 ιιιι
1939 949 1995 967 esset

1819 973 1878 993 suite
1882 975 1926 993 estu

1844 1189 1901 1210 Idem
1921 1189 1946 1210 de
1962 1189 2002 1210 flo-

1818 1217 1943 1265 Tardnezisii
1983 1219 2003 1237 et

1831 1444 1959 1464 Sunonensis
1970 1450 2002 1463 ar-

1817 1470 2001 1496 ctnepcoutuma-

1818 1503 1858 1517 cia.

1844 1735 1911 1759 Quare
1931 1735 2001 1756 o'ficin

1817 1765 1910 1787 primitus
1933 1770 1945 1782 a
1969 1768 2000 1786 sy·

1816 1788 1878 1810 nodo.

1829 2134 1922 2155 Tandem
1931 2139 1943 2154 a
1953 2138 2000 2154 caea

1817 2163 1836 2180 to
1826 2167 1867 2180 ert<
1892 2161 2001 2184 utitempe-

1816 2189 1895 2209 ratum.
1911 2189 1930 2207 et
1952 2192 2000 2206 con-

1817 2217 1839 2233 ιι
1836 2220 1919 2234 ιιιιειι]
1931 2216 2000 2233 ternu·

1816 2242 1871 2261 nata.
