2180 3205
50 269 97 297 An.
118 268 146 296 C.
165 267 231 295 ¹126

49 331 127 354 porum
134 331 231 347 asseren-

51 353 105 375 unm
129 353 163 373 tus
177 357 227 372 con-

62 383 210 401 trever-urum

48 406 230 428 consecrationum

49 431 132 455 »tants
142 432 230 454 arente-

49 459 102 486 pice.

47 873 133 896 Nomina
139 877 224 897 eorum,

46 902 81 927 qut
90 899 138 921 huic
145 899 226 925 scripto

47 932 93 949 nene
131 926 226 947 subsert-

46 956 142 981 pserunt>

887 270 1053 292 HONUllll'S
1081 270 1102 291 ΙΙ
1132 270 1179 292 ΙΨ.

251 322 388 357 domnus
408 322 568 357 Honorius
593 323 820 358 sacratissimae
848 333 877 358 et
913 324 1000 370 Apo-

250 372 378 407 stolicae
401 372 493 406 Sedis
519 373 705 419 episcopus,
740 374 1000 419 diversarumque

251 421 480 468 provinciarum
504 422 752 469 archiepiscopis
773 431 802 456 et
824 423 1000 468 episi-opis,

214 480 217 484 ’
250 482 286 504 ac
321 470 502 515 abbatibus,
530 471 604 517 quid
640 471 679 506 de
715 471 840 516 negotio
868 471 999 505 Pisauae

250 519 411 555 Ecclesiae
447 520 526 555 iuste
569 520 782 566 canoniceque
823 520 998 554 faciendum

249 568 328 604 soret
350 569 438 616 petiit
464 569 641 603 eonsilium.
670 570 796 611 Quibus
831 569 1000 603 rationabi-

248 618 319 653 liter
343 619 441 653 visum
470 626 528 663 est,
556 626 713 664 quatenus
745 626 776 653 et
803 618 910 653 beatae
932 630 999 652 me-

249 668 366 702 moriae
382 667 513 708 Urbani,
533 667 663 712 Gelasii,
682 667 795 702 Calixti
818 667 998 714 privilegia,

248 724 277 751 et
299 716 423 751 decreta
451 717 639 752 inconcussa
665 725 879 763 permaneant,
907 726 937 751 et
953 717 1000 750 l'i-

248 777 356 800 sanam
387 765 560 800 Ecclesiam
589 765 704 800 debere
739 766 858 800 restitui
889 765 999 801 Corsi-

248 815 335 850 canis
379 814 634 862 episcopatibus,
677 815 795 862 absque
832 815 999 849 iudiciario

248 863 375 911 proprio
397 864 507 899 ordine
534 864 708 911 spoliatam.
733 864 771 898 Et
790 865 906 911 scripto
926 865 999 899 huic

247 912 465 961 subscripsere
488 913 714 960 archiepiscopi
742 913 923 948 Gualterius
939 914 1000 948 Ra-

247 974 386 1004 vennas,
429 962 627 997 Romualdus
674 962 931 1003 Beneventanus,
970 972 999 998 et

248 1012 389 1058 episcopi
413 1011 601 1047 Guillelmus
628 1011 862 1055 Urbevetanns,
892 1012 998 1047 Guido

247 1061 414 1102 Aretinus,
440 1060 613 1107 Gregorius
634 1061 887 1101 Tarracinensis,
913 1062 997 1096 Pan-

247 1109 388 1157 dulphus
414 1110 592 1150 Tianensis,
620 1110 823 1145 Clarissimus
850 1111 998 1146 Assisen-

247 1159 303 1200 sis,
330 1158 487 1194 Robertus
512 1160 704 1203 Aversanus,
738 1159 914 1195 Richardus
936 1160 998 1195 Ca-

248 1208 383 1251 ietanus,
410 1208 629 1242 Trasmundus
650 1208 816 1254 Signinus,
841 1209 998 1244 lohannes

247 1256 394 1302 catenas,
416 1257 606 1292 Gualfredus
631 1258 795 1298 Senensis,
818 1258 998 1293 Gausrcdns

247 1305 438 1347 Suessanus,
470 1306 659 1353 Ranulphus
681 1306 881 1347 Casertanns,
910 1307 997 1342 Iaco-

247 1354 308 1389 bus
331 1355 539 1396 Faventinus,
573 1356 657 1390 Otho
688 1356 857 1400 Sutrinus,
885 1357 997 1391 Petrus

248 1404 445 1439 Castellanae
469 1405 611 1445 civitatis,
643 1404 835 1440 Benedictus
863 1405 997 1452 Nepesi-

249 1465 321 1492 nus,
346 1453 437 1488 Ildito
472 1453 661 1498 Soanensis,
688 1454 872 1489 Gherardus
895 1457 996 1490 Ame—

249 1502 370 1542 liensis,
384 1502 495 1537 Benno
510 1502 684 1543 Caesenas,
702 1512 732 1538 et
746 1504 858 1539 Petrus
876 1504 997 1539 Tusca-

249 1564 324 1586 nus:
340 1560 370 1586 et
387 1552 515 1587 abbates
533 1552 640 1587 Sancti
653 1553 814 1588 Laurentii
833 1555 995 1595 Arei-sani,

247 1600 423 1636 Matthaeus
449 1609 480 1636 et
500 1601 656 1636 lohannes
683 1602 819 1637 Sanctae
841 1603 995 1650 Sophiae,

248 1658 342 1697 atque
364 1649 520 1685 Iohannes
546 1650 797 1686 Camaldolensis
820 1654 918 1699 prior;
942 1653 997 1687 in-

248 1699 384 1734 terfuere
417 1700 510 1734 etiam
542 1700 592 1734 alii
629 1701 769 1747 episcopi
806 1701 997 1736 Benedictus

248 1747 413 1790 Lucanus,
440 1756 470 1783 et
491 1749 634 1784 Andreas
656 1749 824 1795 Lunensis,
858 1750 997 1786 lllandus

247 1797 423 1839 Massanus,
452 1798 564 1832 Petrus
585 1798 748 1843 Alusinus,
771 1809 800 1834 et
822 1800 907 1834 Otho
929 1800 997 1834 Tu-

249 1846 408 1881 dertinus:
448 1847 595 1882 absentes
628 1860 773 1895 quoque,
809 1849 997 1895 Oldegarius

249 1895 444 1931 Tarraconae
491 1896 766 1944 archiepiscopus,
815 1897 997 1933 Gualterius

248 1944 432 1992 Magalonae
478 1954 508 1980 et
551 1945 754 1981 Gottefredus
795 1947 997 1983 Florentinus

250 1994 392 2041 episcopi
426 2006 588 2029 assensum
629 2003 659 2030 et
693 1996 862 2031 consilium
903 2010 995 2032 suum

249 2055 306 2090 per
321 2043 462 2090 proprias
477 2044 581 2078 literas
597 2044 817 2091 praebuerunt.
833 2046 996 2081 Praeterea

249 2091 444 2127 collaterales
466 2092 576 2127 fratres
598 2095 694 2127 nostri
722 2094 862 2142 episcopi
880 2104 909 2129 et
927 2107 997 2129 car-

250 2140 383 2186 dinales,
405 2141 435 2175 in
452 2154 550 2175 unum
566 2143 790 2177 convenientes
806 2145 835 2177 in
849 2143 996 2185 Domino,

250 2190 331 2224 inter
357 2202 390 2224 se
412 2191 577 2225 consulere
599 2199 786 2238 coeperunt,
809 2200 838 2227 et
862 2193 901 2226 ab
927 2205 997 2227 om-

250 2238 346 2273 nibns
369 2247 491 2285 praeter
514 2252 610 2274 unum
634 2240 801 2275 diaconum
825 2241 996 2275 iudicatum

251 2295 312 2328 est,
340 2285 425 2334 quod
447 2287 551 2334 Papae
574 2288 721 2333 Urbano,
749 2302 785 2324 ex
816 2291 998 2325 auctoritate

251 2335 412 2371 Romanae
439 2336 610 2378 Ecclesiae,
634 2338 726 2372 etiam
750 2347 861 2373 contra
881 2339 998 2373 volun—

252 2393 346 2420 tatem
369 2386 588 2433 episcoporum
613 2387 713 2433 ipsius
735 2388 853 2422 insulae
880 2388 996 2423 licitum

217 2458 225 2463 s
252 2435 345 2469 fuerit
389 2434 540 2469 Pisanum
580 2437 764 2482 episcopum
806 2437 998 2483 provisorem

201 2510 204 2514 .
252 2491 282 2518 et
304 2485 578 2531 metropolitanum
615 2484 806 2519 Corsicanae
840 2486 999 2521 Ecclesiae

253 2533 459 2573 constituere,
493 2534 727 2568 successoribus
761 2542 865 2569 autem
902 2536 999 2582 ipsius

220 2623 221 2628 1
253 2581 385 2616 domino
422 2581 548 2618 Gelasio
582 2591 612 2617 et
650 2583 779 2617 domino
811 2584 933 2619 Calixto
969 2585 999 2619 id

254 2630 356 2677 ipsum
380 2631 485 2666 itidem
511 2631 598 2666 licuit
630 2632 695 2666 suis
721 2633 890 2679 privilegiis
916 2645 1002 2669 con-

1676 259 1745 293 559

1043 325 1176 357 (irritare.
1221 324 1260 358 Et
1292 324 1363 371 qnia
1398 325 1530 360 Pisanae
1565 324 1739 365 Ecclesiae,
1775 338 1790 360 a

1043 381 1085 406 tot
1112 372 1318 408 Pontificibus
1345 373 1498 409 Romanis
1525 376 1634 409 collata
1657 383 1686 409 et
1713 387 1792 410 con—

1043 422 1161 456 lirmata
1184 422 1330 468 diguitaS,
1355 424 1422 458 sine
1457 424 1616 458 manifesta
1644 423 1734 470 culpa
1761 431 1793 459 et

1043 471 1159 505 iudicio
1192 472 1305 506 auferri
1334 485 1395 506 non
1424 473 1544 517 debuit,
1573 474 1684 508 iterum
1709 473 1791 507 iudi-

1041 527 1143 563 catum
1175 529 1222 554 cst
1252 521 1383 555 eandem
1411 522 1438 556 ei
1469 522 1652 568 (lignitatem
1675 522 1790 558 debere

1042 569 1179 610 restitui3
1209 577 1239 603 et
1263 570 1339 604 lacta
1363 570 1401 605 dc
1423 571 1591 606 donatione
1615 573 1698 607 illius
1726 572 1791 607 Ro-

1042 630 1204 652 manorum
1215 618 1403 654 Pontificum
1421 620 1582 667 privilegia
1603 621 1789 657 inconcussa

1041 667 1170 701 servari:
1203 670 1232 702 in
1258 669 1314 702 hoc
1337 669 1429 703 etiam
1459 669 1682 704 honoratorum
1706 671 1790 706 viro-

1041 729 1109 750 rum
1127 716 1211 751 Petri
1227 717 1385 763 praefecti,
1404 720 1581 764 consutam,
1605 728 1634 754 et
1656 720 1788 755 aliorum

1040 765 1202 800 Romanae
1224 767 1310 801 urbis
1332 768 1542 814 sapientium,
1576 776 1668 815 atque
1697 770 1790 804 nobi-

1041 815 1114 849 lium
1138 816 1283 850 convenit
1305 829 1462 851 assensus.
1498 817 1562 851 Nos
1584 830 1670 864 ergo,
1703 818 1788 865 quod

1040 864 1079 898 ab
1100 865 1358 913 archiepiscopis,
1385 867 1542 912 episcopis
1569 875 1598 901 et
1625 867 1789 903 abbatibus

1040 913 1263 956 collaudatum,
1290 927 1304 949 a
1329 915 1538 950 cardinalibus
1562 916 1788 957 iudicatum,et

1040 975 1055 997 a
1079 962 1255 998 Baronibus
1282 964 1488 1011 approbatum
1519 964 1634 1006 fuerat,
1672 967 1787 1001 iustum

1040 1024 1108 1047 esse
1134 1021 1310 1052 noscentes,
1334 1014 1362 1047 in
1382 1022 1552 1060 conspectu
1568 1015 1723 1057 omnium,
1746 1024 1787 1057 te,

1039 1062 1224 1097 charissime
1247 1063 1277 1096 in
1299 1062 1426 1097 Christo
1449 1064 1543 1098 frater
1565 1063 1681 1110 Rogeri
1706 1065 1790 1100 Pisa-

1041 1123 1079 1145 nc
1105 1111 1361 1158 archiepiscope,
1389 1112 1427 1147 de
1455 1115 1691 1149 consecratione
1718 1115 1788 1161 epi—

1039 1172 1218 1205 scoporum,
1230 1160 1418 1195 Corsicanae
1436 1162 1556 1196 insulae
1573 1176 1627 1209 per
1642 1162 1787 1198 baculum

1041 1210 1265 1244 investivimus.
1293 1209 1385 1245 Nunc
1408 1211 1511 1258 itaque
1533 1212 1707 1246 secundum
1731 1213 1787 1247 iu-

1039 1258 1154 1293 dicium
1193 1259 1320 1293 fratrum
1353 1269 1530 1295 nostrorum
1567 1261 1787 1308 episcoporum

1039 1315 1068 1341 et
1094 1307 1316 1348 cardinalium,
1347 1318 1376 1343 et
1410 1310 1583 1344 secundum
1619 1311 1787 1345 consilium

1038 1364 1068 1390 et
1090 1357 1350 1392 collaudationem
1375 1358 1696 1405 archiepiscoporum,
1724 1360 1788 1406 epi-

1038 1418 1219 1452 scoporum,
1248 1415 1277 1441 et
1314 1406 1461 1441 abbatum
1482 1416 1510 1442 et
1539 1408 1689 1442 nobilium
1723 1408 1789 1443 Ro-

1039 1467 1202 1489 manorum
1229 1468 1392 1490 assensum
1422 1457 1695 1502 praedecessorum
1724 1470 1782 1493 no-

1038 1512 1173 1538 strorum
1202 1503 1337 1546 Urbani,
1364 1504 1479 1539 Gelasii
1508 1513 1538 1540 ct
1573 1506 1685 1541 Calixti
1722 1507 1787 1554 pri-

1039 1554 1150 1599 vilegia
1169 1553 1301 1588 Pisanae
1325 1553 1486 1588 Ecclesiae
1510 1555 1599 1595 sacta,
1622 1564 1652 1590 et
1675 1556 1787 1590 incon-

1039 1602 1123 1636 vulsa
1149 1615 1331 1649 permanere
1354 1604 1531 1643 statuimus,
1560 1612 1590 1638 et
1612 1606 1787 1651 praesentis

1039 1652 1193 1697 privilegii
1231 1653 1342 1698 pagina
1365 1653 1635 1688 consecrationem
1663 1655 1787 1701 episco-

1039 1713 1150 1747 porum
1173 1701 1320 1736 Corsicae
1353 1701 1405 1735 tibi
1428 1714 1485 1748 per
1513 1710 1541 1736 te
1569 1702 1701 1738 Pisanae
1723 1703 1787 1738 Ec-

1037 1750 1150 1784 clesiae
1183 1751 1394 1794 restituimus,
1429 1760 1584 1797 quatenus
1610 1753 1783 1787 secundum

1040 1800 1099 1833 iam
1116 1799 1271 1834 dictorum
1293 1799 1527 1847 privilegiorum
1544 1809 1696 1841 tenorem,
1713 1810 1787 1836 tam-

1037 1861 1131 1895 quam
1160 1849 1306 1896 proprius
1338 1849 1479 1883 eiusdem
1514 1849 1635 1884 insulae
1670 1859 1788 1885 metro-

1039 1898 1205 1944 politanus,
1228 1898 1437 1945 episcopatus,
1460 1907 1490 1932 et
1507 1899 1788 1946 episcoposipsius

1039 1947 1178 1992 regendi,
1201 1947 1378 1988 ordinandi,
1401 1948 1616 1989 consecrandi,
1638 1956 1730 1995 atque
1749 1950 1785 1983 ad

1038 1996 1190 2043 synodum
1207 2004 1267 2030 tam
1284 1997 1315 2030 in
1338 1997 1576 2042 metropolitana
1599 1997 1711 2032 Pisana
1730 1998 1788 2032 Ec-

1038 2045 1143 2084 clesia,
1166 2057 1259 2092 quam
1284 2046 1314 2079 in
1338 2045 1402 2091 ipsa
1419 2046 1518 2079 insula
1538 2046 1731 2081 convocandi
1748 2047 1785 2081 ad

1039 2094 1190 2128 honorem
1207 2094 1262 2128 Dei
1279 2102 1309 2128 et
1324 2094 1465 2128 eiusdem
1478 2094 1612 2129 Pisanae
1625 2095 1786 2130 Ecclesiae

1039 2142 1153 2176 habeas
1176 2150 1370 2188 potestatem.
1393 2142 1483 2177 Pallii
1512 2155 1584 2178 vero
1608 2157 1711 2185 usum,
1734 2145 1785 2191 qui

1039 2191 1334 2238 praedecessoribus
1356 2192 1419 2225 tuis
1452 2204 1507 2238 pro
1536 2192 1635 2239 ipsius
1667 2193 1787 2229 insulae

1040 2241 1229 2286 praelatione
1260 2252 1275 2274 a
1305 2241 1419 2274 nostris
1454 2242 1706 2277 antecessoribus
1740 2251 1787 2277 est

1039 2301 1238 2329 concessum,
1262 2301 1318 2323 nos
1340 2298 1401 2324 tam
1430 2290 1497 2330 tibi,
1520 2302 1613 2336 quam
1636 2292 1697 2326 tuis
1721 2304 1789 2326 suc-

1039 2338 1218 2372 cessoribus
1237 2339 1473 2383 confirmamus,
1495 2339 1543 2373 his
1567 2339 1712 2374 videlicet
1726 2340 1790 2376 die—

1041 2387 1110 2425 bus,
1133 2388 1184 2433 qui
1202 2388 1406 2434 suprascripti
1422 2397 1505 2432 sunt,
1529 2388 1607 2423 idest
1622 2389 1789 2425 Nativitatc

1041 2435 1178 2479 Domini,
1193 2436 1382 2482 Epiphania,
1393 2436 1601 2484 Hypopanton
1613 2440 1637 2480 (l
1649 2442 1669 2482 ),
1682 2438 1789 2474 Coena
1802 2460 1811 2467 ·

1040 2485 1179 2529 Domini,
1202 2485 1333 2529 Pascha,
1361 2486 1566 2527 Ascensione,
1589 2486 1789 2530 Pentecoste,

1042 2534 1140 2568 tribus
1180 2534 1434 2569 solemnitatibus
1471 2535 1584 2570 Beatae
1619 2536 1790 2572 Genitricis

1040 2591 1071 2618 et
1092 2582 1231 2629 Virginis
1252 2583 1385 2625 Mariae,
1410 2584 1555 2619 natalitiis
1576 2585 1609 2620 S.
1638 2585 1788 2621 Iohannis

1561 2650 1598 2686 <11-
1620 2650 1658 2687 u>

1077 2648 1115 2683 (t)
1138 2648 1202 2675 vide
1218 2649 1352 2684 superius,
1370 2657 1429 2684 pag.
1450 2650 1507 2676 137.

1820 257 1868 283 Αη,
1890 258 1917 284 C.
1938 260 2002 286 ¹126

1837 827 1947 848 Honorius
1962 827 1993 847 PP

1819 857 1873 874 sent·
1883 858 1949 874 ntiam
1961 856 2002 874 hu-

1819 882 2001 902 insitiouicontir-

1819 911 1863 927 mat
1873 920 1880 932 9
1923 909 2002 933 iusque

1825 938 1924 959 meti-opo
1934 935 1993 954 icum

1819 966 1884 985 super
1898 962 2002 981 omnihus

1819 987 1919 1007 (jum-:ae
1931 988 2001 1008 Eccle-

1818 1014 1854 1033 siis
1862 1015 1962 1034 concedit
1971 1015 2003 1034 t'i-

1818 1041 1876 1060 sanis
1890 1042 1984 1066 artltiep.

1830 2162 1833 2163 ⁷
1863 2136 1922 2157 Pallii
1934 2142 1999 2157 usum

1815 2163 1897 2184 eisdem
1927 2164 2000 2184 indut-

1815 2192 1857 2214 get.
