2180 3205
15 287 63 316 An.
82 285 195 315 &1¹¹4

46 683 140 706 eeclesia
167 683 190 704 S.

13 710 101 734 savina·
115 712 169 731 mart
178 716 192 725 ·-

12 737 40 760 rb
65 736 192 758 cathedralis

12 763 136 787 declaratur.

39 1073 190 1095 Enumerantur

11 1100 64 1122 liena
73 1100 100 1121 ad
109 1099 189 1121 ›tarso-

11 1131 53 1149 mn
79 1127 189 1153 episcopos

11 1153 140 1180 manentia.

822 267 859 290 m
865 267 975 290 §cnam
982 267 995 289 S
1016 267 1041 290 11
1064 267 1112 290 1‘1‘.

226 333 307 363 mus,
331 327 363 355 ut
391 332 448 355 nec
469 320 656 368 baptismata
690 319 823 355 ulterius
851 322 880 355 iu
905 334 972 356 mo-

224 371 367 405 nasteriis
389 370 513 409 saciant,
548 382 604 404 nec
631 370 668 404 ad
693 370 887 405 infirmorum
912 384 972 404 uu-

223 419 344 454 ctiones
370 419 514 454 claustris
537 419 602 453 suis
641 419 785 465 progredi
824 419 970 463 audeant,

223 480 281 503 nec
302 468 339 503 ad
368 469 591 515 poeniteutiam
621 468 844 514 iuiuugcndam
869 480 971 515 popu-

222 517 302 551 lares
325 529 474 564 personas
489 517 666 560 admittant,
689 529 746 552 ncc
767 517 970 564 abepiscopo

220 566 511 601 excommunicatos
533 566 569 600 ad
599 566 874 610 communionem,
914 579 969 601 nec

221 615 406 650 interdictos
442 616 480 650 ad
518 615 617 650 officia
660 627 745 649 sacra
783 615 966 662 suscipiant.

219 663 318 699 Porro
340 665 505 700 ecclesiam
535 664 570 698 Β.
593 664 729 699 Savinae
751 665 892 710 martyris
908 677 969 698 ma-

170 716 179 740 )
219 713 326 748 tricem
355 713 474 757 haberi,
501 714 582 748 sicut
604 713 756 748 hactenus
777 713 880 747 habita
909 714 971 753 est‚'

217 771 247 797 ct
287 762 349 797 illic
390 762 599 809 episcopalem
640 762 748 797 sedem
784 774 967 809 permanere

216 811 435 855 decernimus,
469 820 499 845 et
533 811 564 845 in
601 811 669 846 eius
708 812 905 858 possessione
931 824 967 847 ac

216 860 431 895 iurisdictione
452 860 611 896 Ecclesiae
639 873 708 895 cum
734 860 870 907 praediis
888 862 965 901 suis,

215 921 296 957 quae
311 910 487 957 praeteritis
502 909 697 957 temporibus
713 921 857 955 possessa
879 918 964 951 suut,

215 959 308 994 etiam
337 960 367 993 iu
404 958 543 994 futurum
579 959 739 1006 perpetuis
772 959 966 1006 temporibus

215 1009 332 1055 quiete,
353 1007 461 1047 libere,
484 1009 668 1055 integreque
690 1015 864 1048 serventur,
886 1008 964 1043 idest

214 1057 249 1092 S.
269 1057 357 1092 Pauli
372 1057 410 1092 ad
435 1057 601 1092 pesculum
630 1057 771 1102 Serulae,
793 1057 826 1092 S.
850 1057 963 1092 Mariae

215 1106 247 1140 in
273 1118 385 1154 campo
410 1106 513 1150 Mitio,
553 1107 587 1140 S.
623 1106 743 1141 Nicolai
777 1106 815 1141 ad
845 1106 962 1142 fontem

213 1155 366 1202 Reginae,
387 1155 421 1191 S.
451 1155 573 1198 Quirici
598 1156 628 1189 in
655 1155 746 1194 Vico,
777 1155 809 1190 S.
837 1156 961 1190 Martini

214 1204 244 1238 in
271 1206 381 1252 Agne,
417 1205 451 1240 S.
478 1205 603 1239 Martini
639 1205 670 1238 in
708 1204 892 1245 Bettorrita,
927 1205 960 1239 S.

212 1253 403 1300 Archangeli
430 1266 525 1302 super
557 1254 689 1294 Mesula,
724 1254 758 1288 S.
785 1254 902 1288 Mariae.
930 1254 960 1289 in

212 1302 379 1346 Ortucula,
394 1303 528 1338 Sanctae
555 1303 670 1338 Mariae
701 1310 730 1337 et
760 1303 783 1337 S
818 1303 900 1337 Petri
930 1304 959 1338 in

211 1351 338 1392 Veneri,
360 1352 394 1387 S.
416 1351 530 1387 Felicis
553 1352 582 1386 in
596 1352 727 1389 Ferrati.
751 1352 784 1386 S.
806 1352 959 1387 Valentini

212 1409 243 1435 et
268 1400 302 1436 S.
325 1401 409 1436 Petri
439 1402 467 1435 in
502 1401 680 1448 Apiniacis,
711 1401 745 1436 S.
777 1401 900 1435 Martini
931 1402 959 1436 in

210 1449 379 1491 Filincino,
402 1450 436 1485 S.
458 1451 545 1485 Petri
579 1451 610 1485 in
635 1450 828 1491 Cerverano,
852 1450 884 1485 S.
914 1451 961 1485 Io-

211 1499 324 1533 hannis
358 1500 389 1534 in
416 1500 586 1536 Pentoma.
622 1499 655 1534 S.
690 1499 826 1534 Marcelli
863 1509 892 1534 et
924 1500 958 1534 S.

212 1548 325 1595 Angeli
353 1549 383 1583 in
407 1549 499 1587 Arca,
521 1550 555 1584 S.
580 1549 696 1584 Mariae
723 1549 754 1583 in
776 1549 897 1590 Palute,
924 1550 958 1584 S.

212 1597 375 1633 Anatoliae
397 1597 436 1632 de
458 1598 569 1641 Lione,
591 1598 624 1633 S.
640 1598 813 1632 Felicitatis
829 1599 857 1632 iu
881 1599 959 1633 Cer-

211 1647 305 1687 ferro,
331 1646 365 1682 S.
388 1647 547 1682 Laurentii
572 1648 601 1681 in
624 1647 800 1691 Praetorio,
827 1647 860 1681 S.
896 1648 958 1683 Fe-

211 1695 313 1730 liciani
326 1696 356 1730 in
372 1696 588 1742 Villa-Magna.
602 1697 634 1731 S.
646 1696 799 1731 Mariaein
815 1697 957 1737 Avamlo,

210 1744 244 1779 S.
271 1744 334 1779 Viti
361 1745 390 1779 in
413 1745 542 1789 Ozano,
576 1745 609 1779 S.
637 1745 814 1780 Christinae
847 1746 877 1780 iu
900 1747 959 1781 Su-

211 1806 358 1840 pezzano,
387 1795 420 1829 S.
448 1793 575 1840 Georgii
611 1795 640 1828 in
667 1794 798 1834 Bezola,
836 1795 870 1829 S.
908 1796 958 1830 10-

210 1843 324 1878 hannis
351 1843 388 1878 ad
413 1843 645 1891 Caput-Aquae
667 1856 737 1878 eum
761 1844 858 1879 titulis
881 1845 957 1889 suis,

210 1891 245 1926 S.
274 1891 369 1927 Potiti
402 1893 441 1927 ad
475 1892 666 1937 Castellum,
705 1893 737 1927 S.
776 1893 892 1928 Felicis
927 1895 956 1929 in

209 1941 375 1986 Porciano,
401 1941 434 1977 S.
458 1941 620 1976 Laurentii
642 1942 671 1976 iu
694 1941 800 1982 Curia,
825 1942 861 1977 S.
884 1943 958 1978 Cae-

209 1990 281 2025 sidii
315 2002 386 2025 cum
419 1991 515 2025 titulis
541 1991 619 2031 suis,
656 1991 761 2026 Sancti
800 1992 956 2027 Vincentii

210 2039 241 2074 in
277 2038 391 2074 Forma
422 2052 494 2075 cum
522 2040 619 2074 titulis
649 2041 730 2080 suis,
757 2040 791 2075 S.
823 2041 979 2077 Andreae*

211 2088 241 2122 in
257 2088 443 2124 Ancezzano
459 2092 484 2133 (1
495 2092 515 2131 l,
538 2089 672 2139 Sanctae
686 2090 801 2125 Mariae
820 2091 850 2124 in
865 2090 957 2134 Vico,

209 2136 315 2172 Sancti
337 2137 421 2172 Petri
444 2138 475 2172 in
498 2138 704 2185 Capistrello,
737 2138 843 2173 Sancti
873 2140 956 2174 Petri

210 2193 241 2220 et
267 2186 401 2221 Sanctae
423 2187 538 2221 Mariae
556 2188 587 2221 in
614 2187 706 2230 Albe,
733 2188 840 2222 Sancti
861 2188 957 2223 Marci
976 2212 979 2223 .

210 2234 241 2269 in
263 2235 376 2276 Massa,
398 2235 432 2270 S.
455 2236 581 2270 Martini
605 2237 635 2270 in
658 2236 745 2270 Valle
766 2249 838 2270 cum
862 2237 957 2272 titulis

210 2283 287 2328 suis,
308 2283 442 2318 Sanctae
465 2284 623 2319 Iohannae
642 2285 672 2319 in
687 2285 827 2325 Mai-ano,
849 2285 957 2321 Sancti
976 2308 978 2319 i

209 2332 325 2368 Felicis
354 2333 385 2366 in
417 2333 641 2374 Monte-Celle,
675 2334 809 2368 Sanctae
843 2334 978 2370 Mariae<

211 2381 242 2416 in
263 2381 384 2416 Glireto
396 2394 467 2416 eum
493 2382 592 2416 titulis
613 2383 689 2422 suis,
711 2383 818 2417 Sancti
837 2384 956 2419 ‘Nicolai

210 2430 242 2465 in
263 2430 353 2471 Erse,
375 2431 408 2465 S.
431 2431 546 2466 Mariae
573 2431 604 2465 in
631 2431 744 2472 Furca,
777 2431 811 2466 S.
834 2432 957 2467 Erasmi
976 2434 979 2464 ἓ

976 2479 978 2497 ³
998 2481 1066 2527 Ego
1093 2481 1258 2516 Conradus
1280 2480 1312 2515 S.
1335 2481 1551 2516 Pudentianae
1573 2481 1657 2516 card.
1681 2494 1722 2517 ss.

186 2491 282 2514 ‘cum
309 2480 410 2515 titulis
431 2480 506 2514 suis.
537 2480 710 2523 Praeterea,
738 2493 957 2528 quaecumque

211 2528 335 2575 praedia
369 2529 407 2564 ad
441 2529 584 2563 eamdem
611 2529 784 2564 Ecclesiam
818 2530 956 2576 legitime

1643 262 1715 295 2755

1014 321 1166 368 largiente
1189 321 1338 367 Domino,
1361 323 1556 371 quibuslibet
1584 325 1675 361 iustis
1694 339 1766 360 mo-

1013 370 1061 404 dis
1089 371 1133 405 vel
1161 373 1328 407 contractis
1351 374 1465 420 poterit
1485 374 1630 422 adipisci,
1655 376 1710 410 tibi
1733 384 1764 411 et

1014 419 1072 453 tuis
1114 421 1349 455 successoribus
1390 422 1505 457 illibata
1546 434 1762 471 permaneant.

1012 468 1221 503 Deceruimus
1243 481 1334 515 ergo,
1369 478 1405 505 ut
1428 472 1503 506 nulli
1539 474 1669 508 omnino
1703 474 1763 509 bo-

1012 577 1096 600 mere
1125 567 1325 613 perturbare,
1363 576 1415 603 aut
1442 570 1511 604 eius
1545 572 1762 617 possessiones

1010 615 1144 659 auferre,
1171 616 1218 650 vel
1241 616 1359 651 ablatas
1381 618 1534 664 retinere,
1562 620 1608 655 vel
1643 621 1760 657 iniuste

1010 664 1098 698 datas
1116 664 1181 699 suis
1203 665 1314 699 usibus
1336 666 1513 708 vendicare,
1536 669 1693 711 minuere,
1712 671 1761 706 vel

1010 713 1184 748 temerariis
1205 715 1423 750 vexationibus
1439 715 1587 763 fatigarc;
1615 719 1670 753 sed
1690 731 1761 754 om-

1010 763 1059 796 nia
1082 763 1202 809 integre
1224 772 1462 810 conserventur,
1496 775 1557 800 tam
1582 768 1643 803 tuis
1665 781 1759 816 quam

1009 811 1195 847 clericorum
1213 812 1322 847 usibus
1337 813 1510 860 profutura.
1531 815 1563 849 Si
1580 818 1651 864 quis
1667 818 1763 864 igitur

1009 860 1040 895 in
1063 861 1235 896 crastinum
1270 862 1526 911 archiepiscopus
1558 875 1610 900 aut
1632 869 1761 913 episco-

1008 922 1078 956 pus,
1106 911 1276 958 imperator
1297 920 1429 957 autrex,
1452 914 1600 961 princeps
1614 916 1759 958 autdux,

1007 971 1124 998 comes,
1159 960 1348 999 vicecomes.
1376 962 1481 1006 iudex,
1515 963 1760 1006 castaldi0‚.aut

1006 1009 1216 1044 ecclesiastica
1243 1010 1403 1057 quaelihet
1440 1013 1649 1049 saecularisve
1685 1027 1760 1061 per-

1006 1070 1100 1102 sona,
1127 1058 1209 1093 hanc
1244 1067 1368 1095 nostrae
1394 1061 1631 1097 constitutionis
1669 1065 1759 1110 pagi-

1006 1119 1076 1141 nam
1112 1119 1232 1148 scieus,
1267 1118 1375 1143 contra
1397 1121 1464 1144 eam
1498 1119 1616 1147 temere
1649 1125 1759 1148 venire

1006 1157 1180 1197 tentaverit,
1215 1158 1357 1192 secundo
1391 1159 1519 1194 tertiove
1541 1163 1757 1208 commonita,

1004 1205 1029 1239 si
1053 1217 1114 1239 non
1137 1206 1347 1241 satisfactione
1369 1220 1507 1255 congrua
1526 1210 1754 1250 emendaverit,

1005 1255 1167 1300 potestatis
1188 1255 1380 1304 honorisque
1398 1259 1444 1291 sui
1464 1258 1617 1304 dignitate
1638 1268 1755 1301 careat,

1003 1315 1151 1350 reamque
1184 1316 1218 1339 sc
1252 1305 1360 1340 divino
1396 1306 1511 1342 iudicio
1547 1310 1679 1343 existere
1712 1309 1754 1345 de

1003 1361 1176 1399 perpetrata
1201 1353 1361 1400 iniquitate
1393 1365 1574 1401 cognoscat,
1610 1365 1641 1392 et
1662 1370 1678 1393 a
1701 1371 1755 1393 sa-

1002 1402 1177 1437 cratissimo
1203 1402 1343 1449 Corpore
1371 1413 1401 1438 et
1433 1404 1596 1450 Sanguine
1622 1407 1754 1442 Domini

1000 1449 1224 1498 Redemptoris
1258 1453 1355 1487 nostri
1390 1453 1460 1488 lesu
1495 1454 1612 1490 Christi
1646 1456 1750 1492 aliena

1002 1500 1066 1543 fiat,
1088 1508 1180 1547 atque
1203 1501 1232 1534 in
1260 1509 1400 1537 extremo
1426 1504 1569 1538 examine
1591 1504 1752 1540 districtae

1000 1548 1114 1583 ultioni
1137 1550 1305 1585 subiaceat.
1342 1551 1475 1587 Cunctis
1502 1561 1606 1588 autem
1628 1554 1751 1589 Eccle-

1000 1598 1065 1632 siae
1088 1599 1153 1633 iura
1175 1612 1230 1643 sua
1257 1601 1455 1635 servantibus
1477 1602 1517 1636 sit
1553 1615 1617 1649 pax
1643 1603 1683 1637 D.
1712 1603 1751 1638 N.

1000 1651 1023 1685 I.
1052 1651 1088 1686 C.
1124 1661 1279 1699 quatenus
1319 1663 1350 1688 et
1384 1655 1434 1690 hic
1472 1655 1609 1691 fructum
1648 1656 1752 1692 bonae

1000 1706 1132 1741 aetionis
1168 1707 1350 1754 percipiant,
1390 1717 1419 1743 et
1454 1709 1537 1756 apud
1573 1709 1751 1745 districtum

999 1758 1140 1793 Iudicem
1157 1760 1293 1806 praemia
1312 1769 1456 1797 aeternae
1474 1762 1560 1809 pacis
1576 1763 1749 1798 inveniant.

1000 1814 1114 1848 Amen.

1048 1867 1207 1914 Scriptum
1237 1879 1292 1914 per
1326 1880 1454 1902 manum
1495 1869 1635 1904 Gervasii
1670 1871 1749 1905 scri-

1000 1922 1098 1966 ptoris
1120 1922 1286 1967 regionarii
1310 1931 1339 1956 et
1362 1923 1472 1956 notarii
1497 1922 1529 1957 S.
1559 1923 1673 1970 palatii.

999 1975 1070 2010 Eoo
1093 1975 1275 2010 PASCHALts
1304 1975 1475 2010 catholicae
1496 1976 1656 2011 Ecclesiae
1679 1977 1748 2024 epi-

1047 2041 1164 2075 scopus
1190 2041 1232 2063 ss.
1290 2031 1299 2036 '

998 2082 1066 2128 Ego
1093 2082 1249 2116 Ricardus
1287 2081 1477 2116 Albanensis
1504 2083 1673 2129 episcopus
1700 2095 1743 2118 ss.

998 2135 1065 2181 Ego
1087 2135 1151 2169 Leo
1174 2135 1343 2181 episcopus
1355 2135 1511 2170 Ostiensis
1533 2148 1574 2170 ss.

998 2188 1066 2234 Ego
1102 2187 1192 2222 Couo
1225 2188 1386 2222 praenest.
1425 2188 1584 2223 Ecclesiae
1622 2189 1747 2236 episco-

1049 2249 1108 2283 pus
1131 2249 1173 2270 ss.

997 2285 1067 2330 Ego
1094 2286 1259 2320 Romanus
1281 2285 1365 2320 card.
1389 2285 1427 2325 S.
1456 2286 1582 2320 Priscae
1605 2298 1646 2320 ss.

997 2334 1065 2380 Ego
1087 2334 1280 2369 Benedictus
1306 2334 1391 2369 card.
1414 2335 1459 2368 tit.
1487 2335 1650 2369 Eudoxiae
1677 2347 1719 2370 ss.

997 2383 1065 2429 Ego
1100 2383 1183 2417 card.
1211 2383 1388 2430 Raynerius
1426 2384 1476 2418 Ss.
1512 2384 1748 2419 Marcellini'et

1048 2432 1131 2466 Petri
1159 2444 1201 2467 ss.

1047 2531 1161 2565 Datum
1185 2530 1327 2564 Laterani
1363 2543 1417 2575 per
1448 2542 1574 2564 manum
1597 2531 1746 2566 Iohannis

184 2571 367 2624 ‘pertinere
409 2587 599 2621 noscuntur,
640 2587 693 2614 aut
730 2579 762 2613 in
804 2579 956 2621 futurum,
977 2608 978 2611 ,
998 2579 1031 2613 S.
1056 2579 1093 2612 R.
1116 2580 1151 2613 E.
1180 2579 1264 2613 card.
1289 2588 1318 2613 et
1351 2579 1600 2617 bibliotlwcarii,
1631 2592 1649 2612 v
1684 2580 1743 2614 kal.

246 2637 286 2674 (l)
304 2632 383 2666 Forte
398 2641 542 2666 As-ezzano.

826 2640 862 2675 (n.
884 2640 924 2676 r.)
976 2622 1115 2675 lmartii‚
1146 2628 1317 2663 indictione
1344 2640 1404 2670 vu,
1427 2629 1545 2664 incarn.
1569 2628 1746 2663 dominicae

1781 269 1836 317 ¹An.
1849 290 1876 315 C.
1900 290 1944 316 111
1957 290 1966 315 l

1810 489 1921 511 Decretum
1932 491 1968 512 im·

1012 517 1132 551 minum
1156 518 1257 559 liceat,
1285 519 1474 566 suprafatam
1502 521 1676 557 Ecclesiam
1711 532 1761 558 te·
1785 524 1899 568 ..253}..¹,.'.‚.'..
1920 528 1957 564 ms..

1785 572 1816 590 tra
1830 570 1965 596 refragantes.

1803 2003 1911 2024 paschati·
1918 2003 1958 2025 PP.

1777 2033 1796 2049 et
1822 2032 1959 2051 (annualium

1777 2056 1798 2076 S.
1818 2056 1840 2076 R.
1865 2056 1888 2077 E.
1911 2057 1959 2077 sub-

1777 2083 1906 2109 scriptiones.
