<?xml version="1.0" encoding="UTF-8"?>
<!DOCTYPE html PUBLIC "-//W3C//DTD XHTML 1.0 Transitional//EN"
    "http://www.w3.org/TR/xhtml1/DTD/xhtml1-transitional.dtd">
<html xmlns="http://www.w3.org/1999/xhtml" xml:lang="en" lang="en">
 <head>
  <title>
</title>
<meta http-equiv="Content-Type" content="text/html;charset=utf-8" />
  <meta name='ocr-system' content='tesseract 3.04.00' />
  <meta name='ocr-capabilities' content='ocr_page ocr_carea ocr_par ocr_line ocrx_word'/>
</head>
<body>
  <div class='ocr_page' id='page_1' title='image "./bullarumdiplomat02cath_0085.png"; bbox 0 0 2180 3205; ppageno 0'>
   <div class='ocr_carea' id='block_1_1' title="bbox 14 228 198 257">
    <p class='ocr_par' dir='ltr' id='par_1_1' title="bbox 14 228 198 257">
     <span class='ocr_line' id='line_1_1' title="bbox 14 228 198 257; baseline 0.005 -2"><span class='ocrx_word' id='word_1_1' title='bbox 14 228 64 257; x_wconf 82' lang='grc' dir='ltr'>Λυ.</span> <span class='ocrx_word' id='word_1_2' title='bbox 86 229 198 257; x_wconf 56' lang='lat'>(21075</span> 
     </span>
    </p>
   </div>
   <div class='ocr_carea' id='block_1_2' title="bbox 12 272 967 383">
    <p class='ocr_par' dir='ltr' id='par_1_2' title="bbox 12 272 967 383">
     <span class='ocr_line' id='line_1_2' title="bbox 12 272 967 335; baseline 0.002 -30"><span class='ocrx_word' id='word_1_3' title='bbox 12 282 198 335; x_wconf 45' lang='lat' dir='ltr'>“litabofn=;&#39;21i1·v⁸rl1</span> <span class='ocrx_word' id='word_1_4' title='bbox 225 272 261 307; x_wconf 86' lang='lat' dir='ltr'>ad</span> <span class='ocrx_word' id='word_1_5' title='bbox 286 279 400 308; x_wconf 86' lang='lat' dir='ltr'>tantam</span> <span class='ocrx_word' id='word_1_6' title='bbox 425 273 676 320; x_wconf 72' lang='lat' dir='ltr'>procurationem</span> <span class='ocrx_word' id='word_1_7' title='bbox 701 273 862 320; x_wconf 78' lang='lat' dir='ltr'>providus,</span> <span class='ocrx_word' id='word_1_8' title='bbox 888 282 917 307; x_wconf 71' lang='lat' dir='ltr'>et</span> <span class='ocrx_word' id='word_1_9' title='bbox 944 274 967 307; x_wconf 88' lang='lat' dir='ltr'>si</span> 
     </span>
     <span class='ocr_line' id='line_1_3' title="bbox 12 362 197 383; baseline 0 -1"><span class='ocrx_word' id='word_1_10' title='bbox 12 362 67 383; x_wconf 83' lang='lat' dir='ltr'>iutoi·</span> <span class='ocrx_word' id='word_1_11' title='bbox 93 369 113 383; x_wconf 87' lang='lat' dir='ltr'>m</span> <span class='ocrx_word' id='word_1_12' title='bbox 138 368 197 383; x_wconf 48' lang='lat' dir='ltr'>iuris·</span> 
     </span>
    </p>
   </div>
   <div class='ocr_carea' id='block_1_3' title="bbox 11 414 87 436">
    <p class='ocr_par' dir='ltr' id='par_1_3' title="bbox 11 414 87 436">
     <span class='ocr_line' id='line_1_4' title="bbox 11 414 87 436; baseline 0 0"><span class='ocrx_word' id='word_1_13' title='bbox 11 414 87 436; x_wconf 72' lang='lat' dir='ltr'>canda.</span> 
     </span>
    </p>
   </div>
   <div class='ocr_carea' id='block_1_4' title="bbox 813 220 1190 244">
    <p class='ocr_par' dir='ltr' id='par_1_4' title="bbox 813 220 1190 244">
     <span class='ocr_line' id='line_1_5' title="bbox 813 220 1190 244; baseline 0.008 -3"><span class='ocrx_word' id='word_1_14' title='bbox 813 220 837 241; x_wconf 75' lang='lat' dir='ltr'>S.</span> <span class='ocrx_word' id='word_1_15' title='bbox 866 220 1051 241; x_wconf 63' lang='lat' dir='ltr'>tittssttttiiti&#39;s</span> <span class='ocrx_word' id='word_1_16' title='bbox 1075 221 1118 243; x_wconf 66' lang='lat' dir='ltr'>vit</span> <span class='ocrx_word' id='word_1_17' title='bbox 1145 223 1190 244; x_wconf 76' lang='grc' dir='ltr'>ΙΨ.</span> 
     </span>
    </p>
   </div>
   <div class='ocr_carea' id='block_1_5' title="bbox 206 420 969 1881">
    <p class='ocr_par' dir='ltr' id='par_1_5' title="bbox 206 420 969 1881">
     <span class='ocr_line' id='line_1_6' title="bbox 223 420 969 468; baseline 0 -14"><span class='ocrx_word' id='word_1_18' title='bbox 223 420 365 455; x_wconf 88' lang='lat' dir='ltr'>idoneus.</span> <span class='ocrx_word' id='word_1_19' title='bbox 390 420 462 462; x_wconf 84' lang='lat' dir='ltr'>Quo</span> <span class='ocrx_word' id='word_1_20' title='bbox 486 434 540 468; x_wconf 90' lang='lat' dir='ltr'>per</span> <span class='ocrx_word' id='word_1_21' title='bbox 561 434 677 457; x_wconf 88' lang='lat' dir='ltr'>annum</span> <span class='ocrx_word' id='word_1_22' title='bbox 703 433 799 455; x_wconf 87' lang='lat' dir='ltr'>unum</span> <span class='ocrx_word' id='word_1_23' title='bbox 823 428 875 455; x_wconf 88' lang='lat' dir='ltr'>aut</span> <span class='ocrx_word' id='word_1_24' title='bbox 900 433 969 455; x_wconf 89' lang='lat' dir='ltr'>am-</span> 
     </span>
     <span class='ocr_line' id='line_1_7' title="bbox 223 469 966 516; baseline 0.003 -14"><span class='ocrx_word' id='word_1_25' title='bbox 223 469 305 516; x_wconf 89' lang='lat' dir='ltr'>plius</span> <span class='ocrx_word' id='word_1_26' title='bbox 333 470 362 504; x_wconf 91' lang='lat' dir='ltr'>in</span> <span class='ocrx_word' id='word_1_27' title='bbox 395 470 535 505; x_wconf 80' lang='lat' dir='ltr'>Ecclesia</span> <span class='ocrx_word' id='word_1_28' title='bbox 570 470 775 513; x_wconf 72' lang='lat' dir='ltr'>consistente,</span> <span class='ocrx_word' id='word_1_29' title='bbox 803 470 827 503; x_wconf 87' lang='lat' dir='ltr'>si</span> <span class='ocrx_word' id='word_1_30' title='bbox 864 469 966 504; x_wconf 86' lang='lat' dir='ltr'>divina</span> 
     </span>
     <span class='ocr_line' id='line_1_8' title="bbox 219 518 966 566; baseline 0.001 -14"><span class='ocrx_word' id='word_1_31' title='bbox 219 518 385 554; x_wconf 85' lang='lat' dir='ltr'>clementia</span> <span class='ocrx_word' id='word_1_32' title='bbox 408 520 532 554; x_wconf 75' lang='lat' dir='ltr'>interim</span> <span class='ocrx_word' id='word_1_33' title='bbox 555 520 704 566; x_wconf 90' lang='lat' dir='ltr'>episeopo</span> <span class='ocrx_word' id='word_1_34' title='bbox 722 518 800 553; x_wconf 86' lang='lat' dir='ltr'>vires</span> <span class='ocrx_word' id='word_1_35' title='bbox 825 519 966 565; x_wconf 83' lang='lat' dir='ltr'>corporis</span> 
     </span>
     <span class='ocr_line' id='line_1_9' title="bbox 218 567 965 612; baseline -0.001 -10"><span class='ocrx_word' id='word_1_36' title='bbox 218 576 250 602; x_wconf 82' lang='lat' dir='ltr'>ct</span> <span class='ocrx_word' id='word_1_37' title='bbox 270 569 431 603; x_wconf 85' lang='lat' dir='ltr'>sanitatem</span> <span class='ocrx_word' id='word_1_38' title='bbox 456 567 637 612; x_wconf 74' lang='lat' dir='ltr'>reddiderit,</span> <span class='ocrx_word' id='word_1_39' title='bbox 660 569 739 602; x_wconf 88' lang='lat' dir='ltr'>sicut</span> <span class='ocrx_word' id='word_1_40' title='bbox 763 568 879 602; x_wconf 88' lang='lat' dir='ltr'>iustum</span> <span class='ocrx_word' id='word_1_41' title='bbox 908 575 965 612; x_wconf 82' lang='lat' dir='ltr'>est,</span> 
     </span>
     <span class='ocr_line' id='line_1_10' title="bbox 219 616 965 664; baseline 0.001 -15"><span class='ocrx_word' id='word_1_42' title='bbox 219 616 285 663; x_wconf 89' lang='lat' dir='ltr'>ipse</span> <span class='ocrx_word' id='word_1_43' title='bbox 309 618 337 652; x_wconf 93' lang='lat' dir='ltr'>in</span> <span class='ocrx_word' id='word_1_44' title='bbox 363 618 431 653; x_wconf 91' lang='lat' dir='ltr'>loco</span> <span class='ocrx_word' id='word_1_45' title='bbox 454 630 511 652; x_wconf 87' lang='lat' dir='ltr'>suo</span> <span class='ocrx_word' id='word_1_46' title='bbox 533 629 628 664; x_wconf 89' lang='lat' dir='ltr'>super</span> <span class='ocrx_word' id='word_1_47' title='bbox 656 616 858 651; x_wconf 80' lang='lat' dir='ltr'>Dominicum</span> <span class='ocrx_word' id='word_1_48' title='bbox 882 616 965 651; x_wconf 84' lang='lat' dir='ltr'>Gre-</span> 
     </span>
     <span class='ocr_line' id='line_1_11' title="bbox 217 666 964 712; baseline -0.001 -12"><span class='ocrx_word' id='word_1_49' title='bbox 217 678 288 712; x_wconf 80' lang='lat' dir='ltr'>gem</span> <span class='ocrx_word' id='word_1_50' title='bbox 308 667 449 711; x_wconf 78' lang='lat' dir='ltr'>vigiliaus</span> <span class='ocrx_word' id='word_1_51' title='bbox 467 667 634 706; x_wconf 79' lang='lat' dir='ltr'>consistat·,</span> <span class='ocrx_word' id='word_1_52' title='bbox 657 666 682 701; x_wconf 90' lang='lat' dir='ltr'>si</span> <span class='ocrx_word' id='word_1_53' title='bbox 702 678 774 700; x_wconf 88' lang='lat' dir='ltr'>vero</span> <span class='ocrx_word' id='word_1_54' title='bbox 790 666 964 706; x_wconf 78' lang='lat' dir='ltr'>infirmitas,</span> 
     </span>
     <span class='ocr_line' id='line_1_12' title="bbox 218 714 963 762; baseline 0 -13"><span class='ocrx_word' id='word_1_55' title='bbox 218 723 248 749; x_wconf 83' lang='lat' dir='ltr'>ct</span> <span class='ocrx_word' id='word_1_56' title='bbox 270 715 414 750; x_wconf 78' lang='lat' dir='ltr'>debilitas</span> <span class='ocrx_word' id='word_1_57' title='bbox 447 716 586 762; x_wconf 86' lang='lat' dir='ltr'>corporis</span> <span class='ocrx_word' id='word_1_58' title='bbox 619 716 664 749; x_wconf 89' lang='lat' dir='ltr'>sui</span> <span class='ocrx_word' id='word_1_59' title='bbox 694 714 824 749; x_wconf 89' lang='lat' dir='ltr'>adaucta</span> <span class='ocrx_word' id='word_1_60' title='bbox 853 715 963 754; x_wconf 77' lang='lat' dir='ltr'>suerit,</span> 
     </span>
     <span class='ocr_line' id='line_1_13' title="bbox 216 764 965 800; baseline 0.001 -2"><span class='ocrx_word' id='word_1_61' title='bbox 216 772 245 798; x_wconf 78' lang='lat' dir='ltr'>et</span> <span class='ocrx_word' id='word_1_62' title='bbox 272 764 577 800; x_wconf 85' lang='lat' dir='ltr'>administrationem</span> <span class='ocrx_word' id='word_1_63' title='bbox 609 764 796 799; x_wconf 76' lang='lat' dir='ltr'>commissae</span> <span class='ocrx_word' id='word_1_64' title='bbox 825 764 883 798; x_wconf 86' lang='lat' dir='ltr'>sibi</span> <span class='ocrx_word' id='word_1_65' title='bbox 908 778 965 799; x_wconf 88' lang='lat' dir='ltr'>cu-</span> 
     </span>
     <span class='ocr_line' id='line_1_14' title="bbox 217 813 965 862; baseline 0.001 -15"><span class='ocrx_word' id='word_1_66' title='bbox 217 825 268 848; x_wconf 85' lang='lat' dir='ltr'>rae</span> <span class='ocrx_word' id='word_1_67' title='bbox 291 826 487 862; x_wconf 84' lang='lat' dir='ltr'>nequaquam</span> <span class='ocrx_word' id='word_1_68' title='bbox 511 813 622 860; x_wconf 84' lang='lat' dir='ltr'>exequi</span> <span class='ocrx_word' id='word_1_69' title='bbox 647 814 779 860; x_wconf 79' lang='lat' dir='ltr'>poterit,</span> <span class='ocrx_word' id='word_1_70' title='bbox 809 821 882 848; x_wconf 85' lang='lat' dir='ltr'>tune</span> <span class='ocrx_word' id='word_1_71' title='bbox 909 814 965 848; x_wconf 85' lang='lat' dir='ltr'>‹le-</span> 
     </span>
     <span class='ocr_line' id='line_1_15' title="bbox 217 862 964 909; baseline 0.003 -13"><span class='ocrx_word' id='word_1_72' title='bbox 217 875 315 907; x_wconf 91' lang='lat' dir='ltr'>mum,</span> <span class='ocrx_word' id='word_1_73' title='bbox 337 863 362 898; x_wconf 88' lang='lat' dir='ltr'>si</span> <span class='ocrx_word' id='word_1_74' title='bbox 387 863 469 897; x_wconf 89' lang='lat' dir='ltr'>illius</span> <span class='ocrx_word' id='word_1_75' title='bbox 495 863 572 903; x_wconf 81' lang='lat' dir='ltr'>vita,</span> <span class='ocrx_word' id='word_1_76' title='bbox 599 875 719 906; x_wconf 80' lang='lat' dir='ltr'>mores,</span> <span class='ocrx_word' id='word_1_77' title='bbox 748 870 778 896; x_wconf 76' lang='lat' dir='ltr'>et</span> <span class='ocrx_word' id='word_1_78' title='bbox 800 862 964 909; x_wconf 73' lang='lat' dir='ltr'>disciplina</span> 
     </span>
     <span class='ocr_line' id='line_1_16' title="bbox 217 911 964 959; baseline 0 -13"><span class='ocrx_word' id='word_1_79' title='bbox 217 911 387 958; x_wconf 83' lang='lat' dir='ltr'>probabilis</span> <span class='ocrx_word' id='word_1_80' title='bbox 414 912 506 947; x_wconf 82' lang='lat' dir='ltr'>suerit</span> <span class='ocrx_word' id='word_1_81' title='bbox 529 912 729 959; x_wconf 80' lang='lat' dir='ltr'>Apostolicae</span> <span class='ocrx_word' id='word_1_82' title='bbox 750 911 838 951; x_wconf 76' lang='lat' dir='ltr'>Sodi,</span> <span class='ocrx_word' id='word_1_83' title='bbox 857 912 917 946; x_wconf 88' lang='lat' dir='ltr'>tuis</span> <span class='ocrx_word' id='word_1_84' title='bbox 936 920 964 946; x_wconf 86' lang='lat' dir='ltr'>et</span> 
     </span>
     <span class='ocr_line' id='line_1_17' title="bbox 214 961 964 1008; baseline 0.001 -13"><span class='ocrx_word' id='word_1_85' title='bbox 214 961 352 1008; x_wconf 82' lang='lat' dir='ltr'>episcopi</span> <span class='ocrx_word' id='word_1_86' title='bbox 375 961 493 1001; x_wconf 87' lang='lat' dir='ltr'>literis,</span> <span class='ocrx_word' id='word_1_87' title='bbox 529 973 585 996; x_wconf 85' lang='lat' dir='ltr'>nee</span> <span class='ocrx_word' id='word_1_88' title='bbox 614 974 675 996; x_wconf 91' lang='lat' dir='ltr'>non</span> <span class='ocrx_word' id='word_1_89' title='bbox 697 961 755 995; x_wconf 90' lang='lat' dir='ltr'>sub</span> <span class='ocrx_word' id='word_1_90' title='bbox 787 961 964 996; x_wconf 87' lang='lat' dir='ltr'>testimonio</span> 
     </span>
     <span class='ocr_line' id='line_1_18' title="bbox 217 1010 965 1050; baseline 0.001 -6"><span class='ocrx_word' id='word_1_91' title='bbox 217 1010 290 1044; x_wconf 88' lang='lat' dir='ltr'>cleri</span> <span class='ocrx_word' id='word_1_92' title='bbox 321 1010 462 1045; x_wconf 89' lang='lat' dir='ltr'>eiusdem</span> <span class='ocrx_word' id='word_1_93' title='bbox 490 1010 648 1045; x_wconf 78' lang='lat' dir='ltr'>Ecclesiae</span> <span class='ocrx_word' id='word_1_94' title='bbox 676 1010 906 1050; x_wconf 77' lang='lat' dir='ltr'>denuncietur,</span> <span class='ocrx_word' id='word_1_95' title='bbox 935 1019 965 1045; x_wconf 89' lang='lat' dir='ltr'>et</span> 
     </span>
     <span class='ocr_line' id='line_1_19' title="bbox 215 1058 963 1094; baseline 0.001 -2"><span class='ocrx_word' id='word_1_96' title='bbox 215 1058 254 1093; x_wconf 90' lang='lat' dir='ltr'>de</span> <span class='ocrx_word' id='word_1_97' title='bbox 280 1059 478 1094; x_wconf 87' lang='lat' dir='ltr'>ordinatione</span> <span class='ocrx_word' id='word_1_98' title='bbox 501 1059 661 1094; x_wconf 79' lang='lat' dir='ltr'>Ecclesiae</span> <span class='ocrx_word' id='word_1_99' title='bbox 683 1058 853 1093; x_wconf 86' lang='lat' dir='ltr'>deliberato</span> <span class='ocrx_word' id='word_1_100' title='bbox 881 1072 963 1094; x_wconf 87' lang='lat' dir='ltr'>con-</span> 
     </span>
     <span class='ocr_line' id='line_1_20' title="bbox 214 1107 964 1151; baseline 0.003 -10"><span class='ocrx_word' id='word_1_101' title='bbox 214 1107 297 1149; x_wconf 86' lang='lat' dir='ltr'>silio,</span> <span class='ocrx_word' id='word_1_102' title='bbox 319 1116 401 1143; x_wconf 89' lang='lat' dir='ltr'>certa</span> <span class='ocrx_word' id='word_1_103' title='bbox 428 1107 532 1148; x_wconf 78' lang='lat' dir='ltr'>vobis,</span> <span class='ocrx_word' id='word_1_104' title='bbox 560 1117 590 1142; x_wconf 90' lang='lat' dir='ltr'>et</span> <span class='ocrx_word' id='word_1_105' title='bbox 622 1108 770 1151; x_wconf 87' lang='lat' dir='ltr'>salubris,</span> <span class='ocrx_word' id='word_1_106' title='bbox 805 1117 964 1143; x_wconf 87' lang='lat' dir='ltr'>annuente</span> 
     </span>
     <span class='ocr_line' id='line_1_21' title="bbox 215 1155 964 1204; baseline 0.001 -14"><span class='ocrx_word' id='word_1_107' title='bbox 215 1155 295 1197; x_wconf 81' lang='lat' dir='ltr'>Deo,</span> <span class='ocrx_word' id='word_1_108' title='bbox 322 1157 485 1204; x_wconf 81' lang='lat' dir='ltr'>responsio</span> <span class='ocrx_word' id='word_1_109' title='bbox 506 1156 642 1191; x_wconf 85' lang='lat' dir='ltr'>dabitur.</span> <span class='ocrx_word' id='word_1_110' title='bbox 669 1156 787 1191; x_wconf 86' lang='lat' dir='ltr'>Verum</span> <span class='ocrx_word' id='word_1_111' title='bbox 813 1157 889 1192; x_wconf 86' lang='lat' dir='ltr'>baec</span> <span class='ocrx_word' id='word_1_112' title='bbox 909 1170 964 1191; x_wconf 89' lang='lat' dir='ltr'>ne-</span> 
     </span>
     <span class='ocr_line' id='line_1_22' title="bbox 216 1205 961 1253; baseline 0 -13"><span class='ocrx_word' id='word_1_113' title='bbox 216 1217 372 1253; x_wconf 85' lang='lat' dir='ltr'>quaquam</span> <span class='ocrx_word' id='word_1_114' title='bbox 407 1214 469 1240; x_wconf 88' lang='lat' dir='ltr'>tam</span> <span class='ocrx_word' id='word_1_115' title='bbox 500 1205 641 1240; x_wconf 89' lang='lat' dir='ltr'>absolute</span> <span class='ocrx_word' id='word_1_116' title='bbox 670 1205 877 1250; x_wconf 73' lang='lat' dir='ltr'>dixissemus,</span> <span class='ocrx_word' id='word_1_117' title='bbox 904 1207 961 1241; x_wconf 84' lang='lat' dir='ltr'>nisi</span> 
     </span>
     <span class='ocr_line' id='line_1_23' title="bbox 215 1255 965 1302; baseline 0 -13"><span class='ocrx_word' id='word_1_118' title='bbox 215 1255 300 1301; x_wconf 90' lang='lat' dir='ltr'>quod</span> <span class='ocrx_word' id='word_1_119' title='bbox 322 1255 485 1302; x_wconf 87' lang='lat' dir='ltr'>episcopo,</span> <span class='ocrx_word' id='word_1_120' title='bbox 507 1266 540 1289; x_wconf 93' lang='lat' dir='ltr'>se</span> <span class='ocrx_word' id='word_1_121' title='bbox 562 1255 741 1299; x_wconf 81' lang='lat' dir='ltr'>excusanti,</span> <span class='ocrx_word' id='word_1_122' title='bbox 775 1262 804 1289; x_wconf 88' lang='lat' dir='ltr'>et</span> <span class='ocrx_word' id='word_1_123' title='bbox 836 1255 965 1302; x_wconf 84' lang='lat' dir='ltr'>impedi-</span> 
     </span>
     <span class='ocr_line' id='line_1_24' title="bbox 213 1304 961 1351; baseline 0.001 -14"><span class='ocrx_word' id='word_1_124' title='bbox 213 1311 356 1338; x_wconf 87' lang='lat' dir='ltr'>mentum</span> <span class='ocrx_word' id='word_1_125' title='bbox 404 1315 479 1338; x_wconf 88' lang='lat' dir='ltr'>suae</span> <span class='ocrx_word' id='word_1_126' title='bbox 533 1304 723 1338; x_wconf 83' lang='lat' dir='ltr'>infirmitatis</span> <span class='ocrx_word' id='word_1_127' title='bbox 774 1306 961 1351; x_wconf 81' lang='lat' dir='ltr'>proponenti</span> 
     </span>
     <span class='ocr_line' id='line_1_25' title="bbox 212 1351 963 1399; baseline 0.001 -13"><span class='ocrx_word' id='word_1_128' title='bbox 212 1351 367 1386; x_wconf 81' lang='lat' dir='ltr'>fraternae</span> <span class='ocrx_word' id='word_1_129' title='bbox 388 1353 615 1399; x_wconf 79' lang='lat' dir='ltr'>compassionis</span> <span class='ocrx_word' id='word_1_130' title='bbox 642 1353 783 1387; x_wconf 84' lang='lat' dir='ltr'>auditum</span> <span class='ocrx_word' id='word_1_131' title='bbox 807 1352 963 1399; x_wconf 80' lang='lat' dir='ltr'>denegare</span> 
     </span>
     <span class='ocr_line' id='line_1_26' title="bbox 213 1401 962 1448; baseline 0 -13"><span class='ocrx_word' id='word_1_132' title='bbox 213 1412 276 1435; x_wconf 88' lang='lat' dir='ltr'>non</span> <span class='ocrx_word' id='word_1_133' title='bbox 311 1401 480 1448; x_wconf 86' lang='lat' dir='ltr'>potuimus.</span> <span class='ocrx_word' id='word_1_134' title='bbox 513 1401 598 1435; x_wconf 84' lang='lat' dir='ltr'>Haec</span> <span class='ocrx_word' id='word_1_135' title='bbox 633 1401 743 1448; x_wconf 84' lang='lat' dir='ltr'>igitur,</span> <span class='ocrx_word' id='word_1_136' title='bbox 765 1401 879 1436; x_wconf 86' lang='lat' dir='ltr'>dilecte</span> <span class='ocrx_word' id='word_1_137' title='bbox 908 1402 962 1443; x_wconf 85' lang='lat' dir='ltr'>tili,</span> 
     </span>
     <span class='ocr_line' id='line_1_27' title="bbox 214 1449 961 1496; baseline 0 -12"><span class='ocrx_word' id='word_1_138' title='bbox 214 1449 386 1496; x_wconf 86' lang='lat' dir='ltr'>prudenter</span> <span class='ocrx_word' id='word_1_139' title='bbox 419 1450 601 1494; x_wconf 87' lang='lat' dir='ltr'>considera,</span> <span class='ocrx_word' id='word_1_140' title='bbox 633 1458 663 1484; x_wconf 86' lang='lat' dir='ltr'>et</span> <span class='ocrx_word' id='word_1_141' title='bbox 695 1450 732 1484; x_wconf 87' lang='lat' dir='ltr'>ad</span> <span class='ocrx_word' id='word_1_142' title='bbox 768 1450 961 1485; x_wconf 70' lang='lat' dir='ltr'>observanda</span> 
     </span>
     <span class='ocr_line' id='line_1_28' title="bbox 209 1498 960 1546; baseline 0.001 -13"><span class='ocrx_word' id='word_1_143' title='bbox 209 1506 316 1533; x_wconf 88' lang='lat' dir='ltr'>nostra</span> <span class='ocrx_word' id='word_1_144' title='bbox 330 1498 447 1533; x_wconf 86' lang='lat' dir='ltr'>monita</span> <span class='ocrx_word' id='word_1_145' title='bbox 465 1499 649 1546; x_wconf 86' lang='lat' dir='ltr'>episcopum</span> <span class='ocrx_word' id='word_1_146' title='bbox 661 1526 668 1540; x_wconf 86' lang='lat'>,</span> <span class='ocrx_word' id='word_1_147' title='bbox 691 1506 843 1546; x_wconf 87' lang='lat' dir='ltr'>quantum</span> <span class='ocrx_word' id='word_1_148' title='bbox 861 1508 960 1546; x_wconf 87' lang='lat' dir='ltr'>potes,</span> 
     </span>
     <span class='ocr_line' id='line_1_29' title="bbox 207 1546 961 1595; baseline 0 -13"><span class='ocrx_word' id='word_1_149' title='bbox 207 1546 332 1590; x_wconf 85' lang='lat' dir='ltr'>adiuva,</span> <span class='ocrx_word' id='word_1_150' title='bbox 351 1555 506 1594; x_wconf 89' lang='lat' dir='ltr'>quatenus</span> <span class='ocrx_word' id='word_1_151' title='bbox 527 1555 558 1582; x_wconf 86' lang='lat' dir='ltr'>et</span> <span class='ocrx_word' id='word_1_152' title='bbox 579 1556 610 1581; x_wconf 92' lang='lat' dir='ltr'>tu</span> <span class='ocrx_word' id='word_1_153' title='bbox 628 1561 643 1582; x_wconf 95' lang='lat' dir='ltr'>a</span> <span class='ocrx_word' id='word_1_154' title='bbox 668 1548 758 1582; x_wconf 89' lang='lat' dir='ltr'>beato</span> <span class='ocrx_word' id='word_1_155' title='bbox 781 1548 873 1583; x_wconf 83' lang='lat' dir='ltr'>Petro</span> <span class='ocrx_word' id='word_1_156' title='bbox 888 1560 961 1595; x_wconf 80' lang='lat' dir='ltr'>apo-</span> 
     </span>
     <span class='ocr_line' id='line_1_30' title="bbox 208 1595 962 1643; baseline 0.003 -13"><span class='ocrx_word' id='word_1_157' title='bbox 208 1595 359 1631; x_wconf 90' lang='lat' dir='ltr'>stolorum</span> <span class='ocrx_word' id='word_1_158' title='bbox 376 1596 518 1643; x_wconf 85' lang='lat' dir='ltr'>principe</span> <span class='ocrx_word' id='word_1_159' title='bbox 533 1596 571 1632; x_wconf 89' lang='lat' dir='ltr'>ad</span> <span class='ocrx_word' id='word_1_160' title='bbox 600 1597 770 1643; x_wconf 85' lang='lat' dir='ltr'>regendum</span> <span class='ocrx_word' id='word_1_161' title='bbox 795 1597 849 1631; x_wconf 89' lang='lat' dir='ltr'>tibi</span> <span class='ocrx_word' id='word_1_162' title='bbox 879 1609 962 1632; x_wconf 87' lang='lat' dir='ltr'>com-</span> 
     </span>
     <span class='ocr_line' id='line_1_31' title="bbox 207 1645 962 1693; baseline 0.003 -14"><span class='ocrx_word' id='word_1_163' title='bbox 207 1645 338 1680; x_wconf 90' lang='lat' dir='ltr'>missum</span> <span class='ocrx_word' id='word_1_164' title='bbox 363 1645 512 1692; x_wconf 91' lang='lat' dir='ltr'>populum</span> <span class='ocrx_word' id='word_1_165' title='bbox 540 1645 702 1687; x_wconf 86' lang='lat' dir='ltr'>adiuvari,</span> <span class='ocrx_word' id='word_1_166' title='bbox 734 1646 867 1693; x_wconf 85' lang='lat' dir='ltr'>eiusque</span> <span class='ocrx_word' id='word_1_167' title='bbox 894 1659 962 1681; x_wconf 90' lang='lat' dir='ltr'>me-</span> 
     </span>
     <span class='ocr_line' id='line_1_32' title="bbox 208 1693 963 1742; baseline 0.003 -14"><span class='ocrx_word' id='word_1_168' title='bbox 208 1693 277 1729; x_wconf 86' lang='lat' dir='ltr'>ritis</span> <span class='ocrx_word' id='word_1_169' title='bbox 300 1706 316 1729; x_wconf 88' lang='lat' dir='ltr'>a</span> <span class='ocrx_word' id='word_1_170' title='bbox 339 1702 539 1742; x_wconf 85' lang='lat' dir='ltr'>peccatorum</span> <span class='ocrx_word' id='word_1_171' title='bbox 569 1703 693 1730; x_wconf 92' lang='lat' dir='ltr'>tuorum</span> <span class='ocrx_word' id='word_1_172' title='bbox 714 1696 846 1729; x_wconf 82' lang='lat' dir='ltr'>vinculis</span> <span class='ocrx_word' id='word_1_173' title='bbox 867 1695 963 1735; x_wconf 76' lang='lat' dir='ltr'>abso-</span> 
     </span>
     <span class='ocr_line' id='line_1_33' title="bbox 209 1743 961 1791; baseline 0.003 -14"><span class='ocrx_word' id='word_1_174' title='bbox 209 1743 305 1788; x_wconf 77' lang='lat' dir='ltr'>lutus,</span> <span class='ocrx_word' id='word_1_175' title='bbox 320 1751 463 1778; x_wconf 76' lang='lat' dir='ltr'>aeternae</span> <span class='ocrx_word' id='word_1_176' title='bbox 477 1743 678 1779; x_wconf 84' lang='lat' dir='ltr'>beatitudinis</span> <span class='ocrx_word' id='word_1_177' title='bbox 698 1744 795 1790; x_wconf 83' lang='lat' dir='ltr'>gloria</span> <span class='ocrx_word' id='word_1_178' title='bbox 813 1744 842 1778; x_wconf 89' lang='lat' dir='ltr'>in</span> <span class='ocrx_word' id='word_1_179' title='bbox 865 1757 961 1791; x_wconf 86' lang='lat' dir='ltr'>regno</span> 
     </span>
     <span class='ocr_line' id='line_1_34' title="bbox 207 1791 960 1840; baseline 0.003 -14"><span class='ocrx_word' id='word_1_180' title='bbox 207 1791 324 1827; x_wconf 84' lang='lat' dir='ltr'>Christi</span> <span class='ocrx_word' id='word_1_181' title='bbox 347 1801 375 1827; x_wconf 88' lang='lat' dir='ltr'>et</span> <span class='ocrx_word' id='word_1_182' title='bbox 396 1792 452 1826; x_wconf 88' lang='lat' dir='ltr'>Dei</span> <span class='ocrx_word' id='word_1_183' title='bbox 477 1793 626 1827; x_wconf 83' lang='lat' dir='ltr'>merearis</span> <span class='ocrx_word' id='word_1_184' title='bbox 650 1793 776 1840; x_wconf 84' lang='lat' dir='ltr'>perl&#39;rui.</span> <span class='ocrx_word' id='word_1_185' title='bbox 799 1793 878 1827; x_wconf 82' lang='lat' dir='ltr'>Data</span> <span class='ocrx_word' id='word_1_186' title='bbox 902 1793 960 1828; x_wconf 85' lang='lat' dir='ltr'>Ro-</span> 
     </span>
     <span class='ocr_line' id='line_1_35' title="bbox 206 1841 958 1881; baseline 0.004 -7"><span class='ocrx_word' id='word_1_187' title='bbox 206 1852 275 1875; x_wconf 75' lang='lat' dir='ltr'>mae</span> <span class='ocrx_word' id='word_1_188' title='bbox 298 1849 406 1875; x_wconf 79' lang='lat' dir='ltr'>octavo</span> <span class='ocrx_word' id='word_1_189' title='bbox 422 1841 570 1876; x_wconf 74' lang='lat' dir='ltr'>kalendas</span> <span class='ocrx_word' id='word_1_190' title='bbox 585 1842 742 1881; x_wconf 77' lang='lat' dir='ltr'>februarii,</span> <span class='ocrx_word' id='word_1_191' title='bbox 763 1843 868 1876; x_wconf 58' lang='lat' dir='ltr'>indict.</span> <span class='ocrx_word' id='word_1_192' title='bbox 887 1856 958 1877; x_wconf 80' lang='lat' dir='ltr'>xiii.</span> 
     </span>
    </p>
   </div>
   <div class='ocr_carea' id='block_1_6' title="bbox 244 1896 920 1977">
    <p class='ocr_par' dir='ltr' id='par_1_6' title="bbox 244 1896 920 1977">
     <span class='ocr_line' id='line_1_36' title="bbox 244 1896 920 1936; baseline 0.003 -9"><span class='ocrx_word' id='word_1_193' title='bbox 244 1896 305 1927; x_wconf 80' lang='lat' dir='ltr'>Dat.</span> <span class='ocrx_word' id='word_1_194' title='bbox 324 1897 371 1928; x_wconf 87' lang='lat' dir='ltr'>die</span> <span class='ocrx_word' id='word_1_195' title='bbox 389 1898 426 1928; x_wconf 72' lang='lat'>25</span> <span class='ocrx_word' id='word_1_196' title='bbox 450 1898 576 1928; x_wconf 86' lang='lat' dir='ltr'>ianuarii</span> <span class='ocrx_word' id='word_1_197' title='bbox 595 1908 671 1928; x_wconf 90' lang='lat' dir='ltr'>anno</span> <span class='ocrx_word' id='word_1_198' title='bbox 691 1897 807 1928; x_wconf 79' lang='lat' dir='ltr'>Domini</span> <span class='ocrx_word' id='word_1_199' title='bbox 835 1899 920 1936; x_wconf 73' lang='lat'>1075,</span> 
     </span>
     <span class='ocr_line' id='line_1_37' title="bbox 456 1938 703 1977; baseline 0.008 -11"><span class='ocrx_word' id='word_1_200' title='bbox 456 1938 558 1977; x_wconf 82' lang='lat' dir='ltr'>pontif.</span> <span class='ocrx_word' id='word_1_201' title='bbox 577 1948 654 1968; x_wconf 88' lang='lat' dir='ltr'>anno</span> <span class='ocrx_word' id='word_1_202' title='bbox 673 1948 703 1968; x_wconf 90' lang='lat'>11.</span> 
     </span>
    </p>
   </div>
   <div class='ocr_carea' id='block_1_7' title="bbox 525 2011 651 2018">
    <p class='ocr_par' dir='ltr' id='par_1_7' title="bbox 525 2011 651 2018">
     <span class='ocr_line' id='line_1_38' title="bbox 525 2011 651 2018; baseline 0 1187"><span class='ocrx_word' id='word_1_203' title='bbox 525 2011 651 2018; x_wconf 95' lang='lat' dir='ltr'> </span> 
     </span>
    </p>
   </div>
   <div class='ocr_carea' id='block_1_8' title="bbox 558 2074 614 2108">
    <p class='ocr_par' dir='ltr' id='par_1_8' title="bbox 558 2074 614 2108">
     <span class='ocr_line' id='line_1_39' title="bbox 558 2074 614 2108; baseline 0 0"><span class='ocrx_word' id='word_1_204' title='bbox 558 2074 614 2108; x_wconf 87' lang='lat' dir='ltr'>Xl.</span> 
     </span>
    </p>
   </div>
   <div class='ocr_carea' id='block_1_9' title="bbox 244 2153 922 2248">
    <p class='ocr_par' dir='ltr' id='par_1_9' title="bbox 244 2153 922 2248">
     <span class='ocr_line' id='line_1_40' title="bbox 244 2153 922 2201; baseline 0.004 -14"><span class='ocrx_word' id='word_1_205' title='bbox 244 2153 449 2198; x_wconf 72' lang='lat' dir='ltr'>Privileqinm</span> <span class='ocrx_word' id='word_1_206' title='bbox 472 2155 624 2188; x_wconf 74' lang='lat' dir='ltr'>Abban&#39;ae</span> <span class='ocrx_word' id='word_1_207' title='bbox 645 2157 812 2195; x_wconf 78' lang='lat' dir='ltr'>Romanae,</span> <span class='ocrx_word' id='word_1_208' title='bbox 833 2168 922 2201; x_wconf 79' lang='lat' dir='ltr'>snper</span> 
     </span>
     <span class='ocr_line' id='line_1_41' title="bbox 296 2204 861 2248; baseline 0.005 -12"><span class='ocrx_word' id='word_1_209' title='bbox 296 2204 428 2247; x_wconf 70' lang='lat' dir='ltr'>fluvium</span> <span class='ocrx_word' id='word_1_210' title='bbox 451 2205 566 2237; x_wconf 78' lang='lat' dir='ltr'>[seram</span> <span class='ocrx_word' id='word_1_211' title='bbox 589 2206 770 2239; x_wconf 74' lang='lat' dir='ltr'>constitutae</span> <span class='ocrx_word' id='word_1_212' title='bbox 798 2207 861 2248; x_wconf 69' lang='lat' dir='ltr'>(t).</span> 
     </span>
    </p>
   </div>
   <div class='ocr_carea' id='block_1_10' title="bbox 475 2277 688 2308">
    <p class='ocr_par' dir='ltr' id='par_1_10' title="bbox 475 2277 688 2308">
     <span class='ocr_line' id='line_1_42' title="bbox 475 2277 688 2308; baseline 0.005 -1"><span class='ocrx_word' id='word_1_213' title='bbox 475 2277 688 2308; x_wconf 71' lang='lat' dir='ltr'>semianimi</span> 
     </span>
    </p>
   </div>
   <div class='ocr_carea' id='block_1_11' title="bbox 205 2336 958 2574">
    <p class='ocr_par' dir='ltr' id='par_1_11' title="bbox 205 2336 958 2574">
     <span class='ocr_line' id='line_1_43' title="bbox 205 2336 957 2370; baseline 0.003 -2"><span class='ocrx_word' id='word_1_214' title='bbox 205 2336 319 2368; x_wconf 83' lang='lat' dir='ltr'>Petitio.</span> <span class='ocrx_word' id='word_1_215' title='bbox 351 2354 390 2360; x_wconf 89' lang='lat'><em>—</em></span> <span class='ocrx_word' id='word_1_216' title='bbox 420 2337 589 2368; x_wconf 65' lang='lat' dir='ltr'>nonasterii</span> <span class='ocrx_word' id='word_1_217' title='bbox 619 2337 738 2368; x_wconf 86' lang='lat' dir='ltr'>libertas</span> <span class='ocrx_word' id='word_1_218' title='bbox 758 2340 957 2370; x_wconf 83' lang='lat' dir='ltr'>confirmatur.</span> 
     </span>
     <span class='ocr_line' id='line_1_44' title="bbox 243 2377 956 2409; baseline 0.004 -3"><span class='ocrx_word' id='word_1_219' title='bbox 243 2377 377 2407; x_wconf 89' lang='lat' dir='ltr'>—Sicut</span> <span class='ocrx_word' id='word_1_220' title='bbox 391 2377 478 2407; x_wconf 84' lang='lat' dir='ltr'>etiam</span> <span class='ocrx_word' id='word_1_221' title='bbox 495 2377 569 2406; x_wconf 88' lang='lat' dir='ltr'>bona</span> <span class='ocrx_word' id='word_1_222' title='bbox 586 2378 683 2407; x_wconf 80' lang='lat' dir='ltr'>omina</span> <span class='ocrx_word' id='word_1_223' title='bbox 699 2379 794 2408; x_wconf 86' lang='lat' dir='ltr'>eidem</span> <span class='ocrx_word' id='word_1_224' title='bbox 812 2379 956 2409; x_wconf 61' lang='lat' dir='ltr'>hactenus</span> 
     </span>
     <span class='ocr_line' id='line_1_45' title="bbox 243 2417 957 2455; baseline 0.001 -8"><span class='ocrx_word' id='word_1_225' title='bbox 243 2426 397 2453; x_wconf 85' lang='lat' dir='ltr'>concessa,</span> <span class='ocrx_word' id='word_1_226' title='bbox 415 2417 459 2446; x_wconf 86' lang='lat' dir='ltr'>vel</span> <span class='ocrx_word' id='word_1_227' title='bbox 478 2417 506 2446; x_wconf 92' lang='lat' dir='ltr'>in</span> <span class='ocrx_word' id='word_1_228' title='bbox 527 2421 678 2455; x_wconf 84' lang='lat' dir='ltr'>posterum</span> <span class='ocrx_word' id='word_1_229' title='bbox 701 2418 898 2447; x_wconf 84' lang='lat' dir='ltr'>concedenda.</span> <span class='ocrx_word' id='word_1_230' title='bbox 918 2436 957 2442; x_wconf 84' lang='lat'><strong>—</strong></span> 
     </span>
     <span class='ocr_line' id='line_1_46' title="bbox 243 2456 958 2488; baseline 0.003 -2"><span class='ocrx_word' id='word_1_231' title='bbox 243 2456 398 2486; x_wconf 86' lang='lat' dir='ltr'>Neminem</span> <span class='ocrx_word' id='word_1_232' title='bbox 416 2456 528 2486; x_wconf 80' lang='lat' dir='ltr'>ibidem</span> <span class='ocrx_word' id='word_1_233' title='bbox 546 2456 720 2486; x_wconf 84' lang='lat' dir='ltr'>canonicum</span> <span class='ocrx_word' id='word_1_234' title='bbox 748 2458 878 2487; x_wconf 85' lang='lat' dir='ltr'>ordinari</span> <span class='ocrx_word' id='word_1_235' title='bbox 898 2463 958 2488; x_wconf 83' lang='lat' dir='ltr'>sta-</span> 
     </span>
     <span class='ocr_line' id='line_1_47' title="bbox 245 2495 955 2535; baseline 0.001 -10"><span class='ocrx_word' id='word_1_236' title='bbox 245 2496 350 2532; x_wconf 88' lang='lat' dir='ltr'>tuitur,</span> <span class='ocrx_word' id='word_1_237' title='bbox 376 2496 434 2525; x_wconf 86' lang='lat' dir='ltr'>nisi</span> <span class='ocrx_word' id='word_1_238' title='bbox 454 2496 535 2535; x_wconf 86' lang='lat' dir='ltr'>prius</span> <span class='ocrx_word' id='word_1_239' title='bbox 555 2495 731 2533; x_wconf 78' lang='lat' dir='ltr'>regulariter</span> <span class='ocrx_word' id='word_1_240' title='bbox 749 2506 779 2525; x_wconf 87' lang='lat' dir='ltr'>se</span> <span class='ocrx_word' id='word_1_241' title='bbox 812 2497 955 2527; x_wconf 85' lang='lat' dir='ltr'>victurum</span> 
     </span>
     <span class='ocr_line' id='line_1_48' title="bbox 244 2534 958 2574; baseline 0.001 -9"><span class='ocrx_word' id='word_1_242' title='bbox 244 2534 396 2574; x_wconf 81' lang='lat' dir='ltr'>professus</span> <span class='ocrx_word' id='word_1_243' title='bbox 427 2535 522 2565; x_wconf 78' lang='lat' dir='ltr'>suerit.</span> <span class='ocrx_word' id='word_1_244' title='bbox 547 2551 585 2556; x_wconf 93' lang='lat'><em>-</em></span> <span class='ocrx_word' id='word_1_245' title='bbox 615 2535 792 2574; x_wconf 75' lang='lat' dir='ltr'>Praepositi,</span> <span class='ocrx_word' id='word_1_246' title='bbox 814 2541 842 2565; x_wconf 84' lang='lat' dir='ltr'>et</span> <span class='ocrx_word' id='word_1_247' title='bbox 871 2537 958 2566; x_wconf 89' lang='lat' dir='ltr'>mini-</span> 
     </span>
    </p>
   </div>
   <div class='ocr_carea' id='block_1_12' title="bbox 239 2595 651 2630">
    <p class='ocr_par' dir='ltr' id='par_1_12' title="bbox 239 2595 651 2630">
     <span class='ocr_line' id='line_1_49' title="bbox 239 2595 651 2630; baseline 0 -8"><span class='ocrx_word' id='word_1_248' title='bbox 239 2595 280 2630; x_wconf 83' lang='lat' dir='ltr'>(i)</span> <span class='ocrx_word' id='word_1_249' title='bbox 296 2595 335 2623; x_wconf 81' lang='lat' dir='ltr'>Ex</span> <span class='ocrx_word' id='word_1_250' title='bbox 351 2595 415 2623; x_wconf 83' lang='lat' dir='ltr'>edit.</span> <span class='ocrx_word' id='word_1_251' title='bbox 433 2595 512 2623; x_wconf 83' lang='lat' dir='ltr'>Card.</span> <span class='ocrx_word' id='word_1_252' title='bbox 534 2595 651 2623; x_wconf 79' lang='lat' dir='ltr'>Carasae.</span> 
     </span>
    </p>
   </div>
   <div class='ocr_carea' id='block_1_13' title="bbox 1673 217 1717 249">
    <p class='ocr_par' dir='ltr' id='par_1_13' title="bbox 1673 217 1717 249">
     <span class='ocr_line' id='line_1_50' title="bbox 1673 217 1717 249; baseline 0.045 -2"><span class='ocrx_word' id='word_1_253' title='bbox 1673 217 1717 249; x_wconf 70' lang='lat'>(27</span> 
     </span>
    </p>
   </div>
   <div class='ocr_carea' id='block_1_14' title="bbox 1055 277 1768 318">
    <p class='ocr_par' dir='ltr' id='par_1_14' title="bbox 1055 277 1768 318">
     <span class='ocr_line' id='line_1_51' title="bbox 1055 277 1768 318; baseline 0.014 -17"><span class='ocrx_word' id='word_1_254' title='bbox 1055 278 1182 304; x_wconf 73' lang='lat' dir='ltr'>stroruin</span> <span class='ocrx_word' id='word_1_255' title='bbox 1213 277 1316 306; x_wconf 70' lang='lat' dir='ltr'>electio</span> <span class='ocrx_word' id='word_1_256' title='bbox 1342 278 1375 307; x_wconf 87' lang='lat' dir='ltr'>ad</span> <span class='ocrx_word' id='word_1_257' title='bbox 1406 278 1484 318; x_wconf 76' lang='lat' dir='ltr'>ipsos</span> <span class='ocrx_word' id='word_1_258' title='bbox 1504 284 1635 318; x_wconf 77' lang='lat' dir='ltr'>spectare</span> <span class='ocrx_word' id='word_1_259' title='bbox 1666 283 1768 311; x_wconf 67' lang='lat' dir='ltr'>‹lert-r-</span> 
     </span>
    </p>
   </div>
   <div class='ocr_carea' id='block_1_15' title="bbox 1789 238 1973 264">
    <p class='ocr_par' dir='ltr' id='par_1_15' title="bbox 1789 238 1973 264">
     <span class='ocr_line' id='line_1_52' title="bbox 1789 238 1973 264; baseline -0.005 -1"><span class='ocrx_word' id='word_1_260' title='bbox 1789 239 1836 264; x_wconf 79' lang='lat' dir='ltr'>An.</span> <span class='ocrx_word' id='word_1_261' title='bbox 1854 238 1881 263; x_wconf 73' lang='lat' dir='ltr'>t).</span> <span class='ocrx_word' id='word_1_262' title='bbox 1907 238 1973 264; x_wconf 62' lang='lat' dir='ltr'>intr.</span> 
     </span>
    </p>
   </div>
   <div class='ocr_carea' id='block_1_16' title="bbox 12 316 1763 418">
    <p class='ocr_par' dir='ltr' id='par_1_16' title="bbox 12 316 1763 418">
     <span class='ocr_line' id='line_1_53' title="bbox 12 316 1693 370; baseline 0.005 -14"><span class='ocrx_word' id='word_1_263' title='bbox 12 338 110 357; x_wconf 64' lang='lat' dir='ltr'>con-tnui</span> <span class='ocrx_word' id='word_1_264' title='bbox 135 342 198 356; x_wconf 76' lang='lat'><strong>‹·0...-</strong></span> <span class='ocrx_word' id='word_1_265' title='bbox 225 335 272 356; x_wconf 86' lang='lat' dir='ltr'>res</span> <span class='ocrx_word' id='word_1_266' title='bbox 296 322 510 369; x_wconf 75' lang='lat' dir='ltr'>postulaverit,</span> <span class='ocrx_word' id='word_1_267' title='bbox 533 323 570 357; x_wconf 87' lang='lat' dir='ltr'>ad</span> <span class='ocrx_word' id='word_1_268' title='bbox 592 322 827 370; x_wconf 80' lang='lat' dir='ltr'>percipiendam</span> <span class='ocrx_word' id='word_1_269' title='bbox 850 323 971 369; x_wconf 85' lang='lat' dir='ltr'>episco-</span> <span class='ocrx_word' id='word_1_270' title='bbox 1055 319 1141 343; x_wconf 69' lang='lat'>¹¹¹¹&#39;¹¹&#39;·</span> <span class='ocrx_word' id='word_1_271' title='bbox 1165 332 1204 338; x_wconf 85' lang='grc'>““</span> <span class='ocrx_word' id='word_1_272' title='bbox 1221 316 1409 347; x_wconf 51' lang='lat' dir='ltr'>⁴3⁰¹¹lll¹¹¹³¹l¹⁰</span> <span class='ocrx_word' id='word_1_273' title='bbox 1430 319 1574 358; x_wconf 61' lang='lat' dir='ltr'>l&#39;¹&#39;l⁸¹l⁴&#39;‘0&#39;ll</span> <span class='ocrx_word' id='word_1_274' title='bbox 1597 321 1693 350; x_wconf 53' lang='lat' dir='ltr'><strong>huius*</strong></span> 
     </span>
     <span class='ocr_line' id='line_1_54' title="bbox 12 371 1763 418; baseline 0.008 -17"><span class='ocrx_word' id='word_1_275' title='bbox 12 388 64 409; x_wconf 55' lang='lat' dir='ltr'>men</span> <span class='ocrx_word' id='word_1_276' title='bbox 82 395 107 409; x_wconf 53' lang='grc' dir='ltr'>,ω</span> <span class='ocrx_word' id='word_1_277' title='bbox 140 395 196 409; x_wconf 46' lang='grc' dir='ltr'>ω..</span> <span class='ocrx_word' id='word_1_278' title='bbox 223 372 303 417; x_wconf 89' lang='lat' dir='ltr'>palis</span> <span class='ocrx_word' id='word_1_279' title='bbox 337 371 428 406; x_wconf 80' lang='lat' dir='ltr'>oflicii</span> <span class='ocrx_word' id='word_1_280' title='bbox 464 371 644 417; x_wconf 80' lang='lat' dir='ltr'>dignitatem</span> <span class='ocrx_word' id='word_1_281' title='bbox 661 400 668 413; x_wconf 93' lang='lat'><strong>‚</strong></span> <span class='ocrx_word' id='word_1_282' title='bbox 703 380 733 406; x_wconf 91' lang='lat' dir='ltr'>et</span> <span class='ocrx_word' id='word_1_283' title='bbox 759 371 900 406; x_wconf 88' lang='lat' dir='ltr'>ordinem</span> <span class='ocrx_word' id='word_1_284' title='bbox 929 372 970 406; x_wconf 85' lang='lat' dir='ltr'>sit</span> <span class='ocrx_word' id='word_1_285' title='bbox 1011 378 1153 415; x_wconf 85' lang='lat' dir='ltr'>Gregorius</span> <span class='ocrx_word' id='word_1_286' title='bbox 1172 382 1311 418; x_wconf 81' lang='lat' dir='ltr'>episcopus</span> <span class='ocrx_word' id='word_1_287' title='bbox 1331 391 1425 412; x_wconf 76' lang='lat' dir='ltr'>servus</span> <span class='ocrx_word' id='word_1_288' title='bbox 1450 391 1589 413; x_wconf 85' lang='lat' dir='ltr'>servorum</span> <span class='ocrx_word' id='word_1_289' title='bbox 1608 385 1672 418; x_wconf 73' lang='lat' dir='ltr'>Dei.</span> <span class='ocrx_word' id='word_1_290' title='bbox 1704 386 1763 415; x_wconf 79' lang='lat' dir='ltr'>sra-</span> 
     </span>
    </p>
   </div>
   <div class='ocr_carea' id='block_1_17' title="bbox 1054 425 1765 550">
    <p class='ocr_par' dir='ltr' id='par_1_17' title="bbox 1054 425 1765 550">
     <span class='ocr_line' id='line_1_55' title="bbox 1054 425 1761 464; baseline 0.011 -12"><span class='ocrx_word' id='word_1_291' title='bbox 1054 425 1143 453; x_wconf 87' lang='lat' dir='ltr'>tribus</span> <span class='ocrx_word' id='word_1_292' title='bbox 1155 427 1366 456; x_wconf 70' lang='lat' dir='ltr'>consistentibus</span> <span class='ocrx_word' id='word_1_293' title='bbox 1386 429 1414 457; x_wconf 85' lang='lat' dir='ltr'>in</span> <span class='ocrx_word' id='word_1_294' title='bbox 1433 430 1545 458; x_wconf 79' lang='lat' dir='ltr'>Abbatia</span> <span class='ocrx_word' id='word_1_295' title='bbox 1566 431 1695 464; x_wconf 79' lang='lat' dir='ltr'>Romana,</span> <span class='ocrx_word' id='word_1_296' title='bbox 1717 439 1761 460; x_wconf 85' lang='lat' dir='ltr'>su-</span> 
     </span>
     <span class='ocr_line' id='line_1_56' title="bbox 1055 470 1765 508; baseline 0.011 -11"><span class='ocrx_word' id='word_1_297' title='bbox 1055 477 1102 505; x_wconf 77' lang='lat' dir='ltr'>per</span> <span class='ocrx_word' id='word_1_298' title='bbox 1128 470 1238 498; x_wconf 87' lang='lat' dir='ltr'>fluvium</span> <span class='ocrx_word' id='word_1_299' title='bbox 1262 471 1363 500; x_wconf 79' lang='lat' dir='ltr'>iseram</span> <span class='ocrx_word' id='word_1_300' title='bbox 1391 474 1559 508; x_wconf 77' lang='lat' dir='ltr'>constituta.</span> <span class='ocrx_word' id='word_1_301' title='bbox 1593 475 1709 505; x_wconf 83' lang='lat' dir='ltr'>salutem</span> <span class='ocrx_word' id='word_1_302' title='bbox 1737 477 1765 505; x_wconf 81' lang='lat' dir='ltr'>et</span> 
     </span>
     <span class='ocr_line' id='line_1_57' title="bbox 1054 515 1469 550; baseline 0.01 -8"><span class='ocrx_word' id='word_1_303' title='bbox 1054 515 1231 550; x_wconf 80' lang='lat' dir='ltr'>apostoticam</span> <span class='ocrx_word' id='word_1_304' title='bbox 1248 516 1469 546; x_wconf 80' lang='lat' dir='ltr'>benedictionem.</span> 
     </span>
    </p>
   </div>
   <div class='ocr_carea' id='block_1_18' title="bbox 1001 576 1967 2147">
    <p class='ocr_par' dir='ltr' id='par_1_18' title="bbox 1001 576 1967 2147">
     <span class='ocr_line' id='line_1_58' title="bbox 1058 576 1762 628; baseline 0.013 -18"><span class='ocrx_word' id='word_1_305' title='bbox 1058 576 1233 613; x_wconf 86' lang='lat' dir='ltr'>Fidelitatis</span> <span class='ocrx_word' id='word_1_306' title='bbox 1255 591 1290 614; x_wconf 87' lang='lat' dir='ltr'>ac</span> <span class='ocrx_word' id='word_1_307' title='bbox 1312 579 1489 616; x_wconf 87' lang='lat' dir='ltr'>devotionis</span> <span class='ocrx_word' id='word_1_308' title='bbox 1509 590 1629 618; x_wconf 80' lang='lat' dir='ltr'>vestrae</span> <span class='ocrx_word' id='word_1_309' title='bbox 1643 584 1762 628; x_wconf 59' lang='lat' dir='ltr'>studia,</span> 
     </span>
     <span class='ocr_line' id='line_1_59' title="bbox 1008 627 1760 673; baseline 0.013 -15"><span class='ocrx_word' id='word_1_310' title='bbox 1008 638 1088 672; x_wconf 87' lang='lat' dir='ltr'>qnae</span> <span class='ocrx_word' id='word_1_311' title='bbox 1118 639 1172 673; x_wconf 88' lang='lat' dir='ltr'>per</span> <span class='ocrx_word' id='word_1_312' title='bbox 1194 627 1310 673; x_wconf 83' lang='lat' dir='ltr'>legatos</span> <span class='ocrx_word' id='word_1_313' title='bbox 1341 637 1458 664; x_wconf 85' lang='lat' dir='ltr'>vestros</span> <span class='ocrx_word' id='word_1_314' title='bbox 1489 632 1603 666; x_wconf 81' lang='lat' dir='ltr'>nostris</span> <span class='ocrx_word' id='word_1_315' title='bbox 1629 634 1760 668; x_wconf 84' lang='lat' dir='ltr'>auribus</span> 
     </span>
     <span class='ocr_line' id='line_1_60' title="bbox 1010 676 1759 724; baseline 0.012 -16"><span class='ocrx_word' id='word_1_316' title='bbox 1010 676 1186 715; x_wconf 73' lang='lat' dir='ltr'>intimastis,</span> <span class='ocrx_word' id='word_1_317' title='bbox 1202 678 1392 724; x_wconf 75' lang='lat' dir='ltr'>accepimus.</span> <span class='ocrx_word' id='word_1_318' title='bbox 1411 679 1549 719; x_wconf 65' lang='lat' dir='ltr'>Petis-tis,</span> <span class='ocrx_word' id='word_1_319' title='bbox 1570 690 1602 715; x_wconf 89' lang='lat' dir='ltr'>nt</span> <span class='ocrx_word' id='word_1_320' title='bbox 1616 682 1759 718; x_wconf 75' lang='lat' dir='ltr'>Romana</span> 
     </span>
     <span class='ocr_line' id='line_1_61' title="bbox 1009 723 1759 774; baseline 0.013 -17"><span class='ocrx_word' id='word_1_321' title='bbox 1009 723 1149 760; x_wconf 82' lang='lat' dir='ltr'>Ecclesia</span> <span class='ocrx_word' id='word_1_322' title='bbox 1165 725 1318 767; x_wconf 85' lang='lat' dir='ltr'>libertate,</span> <span class='ocrx_word' id='word_1_323' title='bbox 1335 740 1427 774; x_wconf 86' lang='lat' dir='ltr'>quam</span> <span class='ocrx_word' id='word_1_324' title='bbox 1449 737 1546 763; x_wconf 83' lang='lat' dir='ltr'>vestra</span> <span class='ocrx_word' id='word_1_325' title='bbox 1564 730 1702 766; x_wconf 74' lang='lat' dir='ltr'>Ecclesia</span> <span class='ocrx_word' id='word_1_326' title='bbox 1719 733 1759 766; x_wconf 90' lang='lat' dir='ltr'>ab</span> 
     </span>
     <span class='ocr_line' id='line_1_62' title="bbox 1007 775 1763 820; baseline 0.012 -14"><span class='ocrx_word' id='word_1_327' title='bbox 1007 775 1259 809; x_wconf 84' lang='lat' dir='ltr'>antecessoribus</span> <span class='ocrx_word' id='word_1_328' title='bbox 1279 777 1394 811; x_wconf 86' lang='lat' dir='ltr'>nostris</span> <span class='ocrx_word' id='word_1_329' title='bbox 1409 778 1559 813; x_wconf 79' lang='lat' dir='ltr'>hacteuus</span> <span class='ocrx_word' id='word_1_330' title='bbox 1574 779 1693 820; x_wconf 72' lang='lat' dir='ltr'>liabuit,</span> <span class='ocrx_word' id='word_1_331' title='bbox 1709 794 1763 816; x_wconf 68' lang='lat' dir='ltr'>vos</span> 
     </span>
     <span class='ocr_line' id='line_1_63' title="bbox 1007 821 1762 876; baseline 0.013 -21"><span class='ocrx_word' id='word_1_332' title='bbox 1007 821 1208 859; x_wconf 84' lang='lat' dir='ltr'>donaremus.</span> <span class='ocrx_word' id='word_1_333' title='bbox 1241 826 1418 872; x_wconf 80' lang='lat' dir='ltr'>Scripsistis</span> <span class='ocrx_word' id='word_1_334' title='bbox 1446 827 1538 862; x_wconf 80' lang='lat' dir='ltr'>etiam</span> <span class='ocrx_word' id='word_1_335' title='bbox 1569 830 1670 876; x_wconf 87' lang='lat' dir='ltr'>(quod</span> <span class='ocrx_word' id='word_1_336' title='bbox 1706 843 1762 865; x_wconf 82' lang='lat' dir='ltr'>nos</span> 
     </span>
     <span class='ocr_line' id='line_1_64' title="bbox 1008 871 1762 921; baseline 0.013 -17"><span class='ocrx_word' id='word_1_337' title='bbox 1008 871 1097 907; x_wconf 74' lang='lat' dir='ltr'>valde</span> <span class='ocrx_word' id='word_1_338' title='bbox 1116 873 1277 918; x_wconf 82' lang='lat' dir='ltr'>laetificat)</span> <span class='ocrx_word' id='word_1_339' title='bbox 1301 875 1454 921; x_wconf 87' lang='lat' dir='ltr'>quosdam</span> <span class='ocrx_word' id='word_1_340' title='bbox 1482 877 1600 912; x_wconf 85' lang='lat' dir='ltr'>scilicet</span> <span class='ocrx_word' id='word_1_341' title='bbox 1624 887 1762 914; x_wconf 84' lang='lat' dir='ltr'>vestrum</span> 
     </span>
     <span class='ocr_line' id='line_1_65' title="bbox 1007 921 1760 975; baseline 0.013 -22"><span class='ocrx_word' id='word_1_342' title='bbox 1007 921 1180 966; x_wconf 73' lang='lat' dir='ltr'>regularem</span> <span class='ocrx_word' id='word_1_343' title='bbox 1199 925 1445 972; x_wconf 76' lang='lat' dir='ltr'>canonicamque</span> <span class='ocrx_word' id='word_1_344' title='bbox 1461 926 1552 960; x_wconf 76' lang='lat' dir='ltr'>vitam</span> <span class='ocrx_word' id='word_1_345' title='bbox 1569 926 1760 975; x_wconf 77' lang='lat' dir='ltr'>incaepisse:</span> 
     </span>
     <span class='ocr_line' id='line_1_66' title="bbox 1006 970 1762 1018; baseline 0.012 -15"><span class='ocrx_word' id='word_1_346' title='bbox 1006 970 1121 1015; x_wconf 88' lang='lat' dir='ltr'>quibus</span> <span class='ocrx_word' id='word_1_347' title='bbox 1148 972 1302 1018; x_wconf 87' lang='lat' dir='ltr'>quaedam</span> <span class='ocrx_word' id='word_1_348' title='bbox 1338 973 1498 1010; x_wconf 83' lang='lat' dir='ltr'>Ecclesiae</span> <span class='ocrx_word' id='word_1_349' title='bbox 1533 984 1650 1012; x_wconf 86' lang='lat' dir='ltr'>vestrae</span> <span class='ocrx_word' id='word_1_350' title='bbox 1681 977 1762 1012; x_wconf 84' lang='lat' dir='ltr'>bona</span> 
     </span>
     <span class='ocr_line' id='line_1_67' title="bbox 1008 1021 1762 1072; baseline 0.013 -21"><span class='ocrx_word' id='word_1_351' title='bbox 1008 1031 1061 1053; x_wconf 76' lang='lat' dir='ltr'>vos</span> <span class='ocrx_word' id='word_1_352' title='bbox 1088 1021 1284 1056; x_wconf 87' lang='lat' dir='ltr'>concessisse</span> <span class='ocrx_word' id='word_1_353' title='bbox 1324 1022 1558 1063; x_wconf 83' lang='lat' dir='ltr'>denunciastis,</span> <span class='ocrx_word' id='word_1_354' title='bbox 1599 1034 1762 1072; x_wconf 82' lang='lat' dir='ltr'>rogantes,</span> 
     </span>
     <span class='ocr_line' id='line_1_68' title="bbox 1008 1069 1757 1111; baseline 0.013 -10"><span class='ocrx_word' id='word_1_355' title='bbox 1008 1076 1040 1101; x_wconf 92' lang='lat' dir='ltr'>nt</span> <span class='ocrx_word' id='word_1_356' title='bbox 1074 1069 1150 1103; x_wconf 87' lang='lat' dir='ltr'>baec</span> <span class='ocrx_word' id='word_1_357' title='bbox 1187 1079 1290 1105; x_wconf 87' lang='lat' dir='ltr'>nostra</span> <span class='ocrx_word' id='word_1_358' title='bbox 1327 1072 1524 1108; x_wconf 78' lang='lat' dir='ltr'>firmaremus</span> <span class='ocrx_word' id='word_1_359' title='bbox 1561 1075 1757 1111; x_wconf 86' lang='lat' dir='ltr'>auctoritate.</span> 
     </span>
     <span class='ocr_line' id='line_1_69' title="bbox 1007 1116 1764 1171; baseline 0.013 -21"><span class='ocrx_word' id='word_1_360' title='bbox 1007 1116 1135 1152; x_wconf 79' lang='lat' dir='ltr'>Vestrae</span> <span class='ocrx_word' id='word_1_361' title='bbox 1158 1119 1261 1166; x_wconf 89' lang='lat' dir='ltr'>itaque</span> <span class='ocrx_word' id='word_1_362' title='bbox 1294 1120 1392 1156; x_wconf 79' lang='lat' dir='ltr'>bonae</span> <span class='ocrx_word' id='word_1_363' title='bbox 1428 1122 1594 1158; x_wconf 87' lang='lat' dir='ltr'>intentioni</span> <span class='ocrx_word' id='word_1_364' title='bbox 1622 1136 1764 1171; x_wconf 85' lang='lat' dir='ltr'>congau-</span> 
     </span>
     <span class='ocr_line' id='line_1_70' title="bbox 1006 1165 1760 1219; baseline 0.012 -20"><span class='ocrx_word' id='word_1_365' title='bbox 1006 1165 1136 1211; x_wconf 83' lang='lat' dir='ltr'>demus,</span> <span class='ocrx_word' id='word_1_366' title='bbox 1173 1176 1203 1202; x_wconf 88' lang='lat' dir='ltr'>et</span> <span class='ocrx_word' id='word_1_367' title='bbox 1239 1177 1270 1202; x_wconf 88' lang='lat' dir='ltr'>ut</span> <span class='ocrx_word' id='word_1_368' title='bbox 1299 1182 1423 1216; x_wconf 81' lang='lat' dir='ltr'>semper</span> <span class='ocrx_word' id='word_1_369' title='bbox 1458 1172 1487 1206; x_wconf 92' lang='lat' dir='ltr'>in</span> <span class='ocrx_word' id='word_1_370' title='bbox 1522 1172 1636 1208; x_wconf 80' lang='lat' dir='ltr'>melius</span> <span class='ocrx_word' id='word_1_371' title='bbox 1664 1175 1760 1219; x_wconf 86' lang='lat' dir='ltr'>proli-</span> 
     </span>
     <span class='ocr_line' id='line_1_71' title="bbox 1006 1215 1759 1268; baseline 0.013 -20"><span class='ocrx_word' id='word_1_372' title='bbox 1006 1215 1105 1257; x_wconf 77' lang='lat' dir='ltr'>ciatis,</span> <span class='ocrx_word' id='word_1_373' title='bbox 1135 1224 1297 1263; x_wconf 86' lang='lat' dir='ltr'>optamus:</span> <span class='ocrx_word' id='word_1_374' title='bbox 1330 1219 1595 1268; x_wconf 70' lang='lat' dir='ltr'>petitionibusque</span> <span class='ocrx_word' id='word_1_375' title='bbox 1636 1224 1759 1265; x_wconf 87' lang='lat' dir='ltr'>vestris,</span> 
     </span>
     <span class='ocr_line' id='line_1_72' title="bbox 1005 1264 1761 1319; baseline 0.012 -21"><span class='ocrx_word' id='word_1_376' title='bbox 1005 1264 1135 1300; x_wconf 84' lang='lat' dir='ltr'>obtentu</span> <span class='ocrx_word' id='word_1_377' title='bbox 1164 1266 1218 1300; x_wconf 86' lang='lat' dir='ltr'>lilii</span> <span class='ocrx_word' id='word_1_378' title='bbox 1246 1268 1341 1301; x_wconf 81' lang='lat' dir='ltr'>nostri</span> <span class='ocrx_word' id='word_1_379' title='bbox 1372 1269 1516 1315; x_wconf 76' lang='lat' dir='ltr'>lingonis</span> <span class='ocrx_word' id='word_1_380' title='bbox 1540 1270 1665 1306; x_wconf 89' lang='lat' dir='ltr'>Diensis</span> <span class='ocrx_word' id='word_1_381' title='bbox 1691 1273 1761 1319; x_wconf 89' lang='lat' dir='ltr'>epi-</span> 
     </span>
     <span class='ocr_line' id='line_1_73' title="bbox 1005 1315 1760 1365; baseline 0.013 -19"><span class='ocrx_word' id='word_1_382' title='bbox 1005 1315 1105 1360; x_wconf 83' lang='lat' dir='ltr'>scopi,</span> <span class='ocrx_word' id='word_1_383' title='bbox 1133 1323 1163 1350; x_wconf 88' lang='lat' dir='ltr'>et</span> <span class='ocrx_word' id='word_1_384' title='bbox 1191 1316 1283 1350; x_wconf 86' lang='lat' dir='ltr'>vestri</span> <span class='ocrx_word' id='word_1_385' title='bbox 1316 1317 1497 1362; x_wconf 83' lang='lat' dir='ltr'>dilectione,</span> <span class='ocrx_word' id='word_1_386' title='bbox 1520 1321 1701 1365; x_wconf 79' lang='lat' dir='ltr'>annuimus,</span> <span class='ocrx_word' id='word_1_387' title='bbox 1729 1330 1760 1356; x_wconf 88' lang='lat' dir='ltr'>et</span> 
     </span>
     <span class='ocr_line' id='line_1_74' title="bbox 1006 1364 1759 1415; baseline 0.013 -20"><span class='ocrx_word' id='word_1_388' title='bbox 1006 1374 1166 1398; x_wconf 89' lang='lat' dir='ltr'>romanam</span> <span class='ocrx_word' id='word_1_389' title='bbox 1206 1364 1380 1400; x_wconf 87' lang='lat' dir='ltr'>libertatem</span> <span class='ocrx_word' id='word_1_390' title='bbox 1419 1367 1531 1409; x_wconf 81' lang='lat' dir='ltr'>&lt;sicuti</span> <span class='ocrx_word' id='word_1_391' title='bbox 1563 1370 1759 1415; x_wconf 82' lang='lat' dir='ltr'>postulastis)</span> 
     </span>
     <span class='ocr_line' id='line_1_75' title="bbox 1004 1413 1756 1462; baseline 0.011 -17"><span class='ocrx_word' id='word_1_392' title='bbox 1004 1413 1219 1447; x_wconf 83' lang='lat' dir='ltr'>concedimus.</span> <span class='ocrx_word' id='word_1_393' title='bbox 1245 1413 1297 1447; x_wconf 84' lang='lat' dir='ltr'>llla</span> <span class='ocrx_word' id='word_1_394' title='bbox 1323 1426 1393 1449; x_wconf 86' lang='lat' dir='ltr'>rero</span> <span class='ocrx_word' id='word_1_395' title='bbox 1421 1428 1501 1462; x_wconf 87' lang='lat' dir='ltr'>quae</span> <span class='ocrx_word' id='word_1_396' title='bbox 1529 1416 1678 1453; x_wconf 84' lang='lat' dir='ltr'>fratribus</span> <span class='ocrx_word' id='word_1_397' title='bbox 1701 1431 1756 1454; x_wconf 86' lang='lat' dir='ltr'>ve-</span> 
     </span>
     <span class='ocr_line' id='line_1_76' title="bbox 1004 1460 1758 1511; baseline 0.012 -18"><span class='ocrx_word' id='word_1_398' title='bbox 1004 1460 1077 1495; x_wconf 87' lang='lat' dir='ltr'>stris</span> <span class='ocrx_word' id='word_1_399' title='bbox 1098 1462 1296 1508; x_wconf 82' lang='lat' dir='ltr'>regularibus</span> <span class='ocrx_word' id='word_1_400' title='bbox 1320 1465 1517 1511; x_wconf 87' lang='lat' dir='ltr'>pracpositus</span> <span class='ocrx_word' id='word_1_401' title='bbox 1541 1474 1642 1501; x_wconf 81' lang='lat' dir='ltr'>vester</span> <span class='ocrx_word' id='word_1_402' title='bbox 1665 1467 1758 1502; x_wconf 85' lang='lat' dir='ltr'>Heri-</span> 
     </span>
     <span class='ocr_line' id='line_1_77' title="bbox 1005 1512 1758 1562; baseline 0.012 -20"><span class='ocrx_word' id='word_1_403' title='bbox 1005 1521 1139 1545; x_wconf 87' lang='lat' dir='ltr'>mannus</span> <span class='ocrx_word' id='word_1_404' title='bbox 1171 1519 1201 1545; x_wconf 88' lang='lat' dir='ltr'>et</span> <span class='ocrx_word' id='word_1_405' title='bbox 1234 1524 1287 1546; x_wconf 80' lang='lat' dir='ltr'>vos</span> <span class='ocrx_word' id='word_1_406' title='bbox 1318 1512 1483 1553; x_wconf 81' lang='lat' dir='ltr'>donastis,</span> <span class='ocrx_word' id='word_1_407' title='bbox 1520 1522 1550 1549; x_wconf 91' lang='lat' dir='ltr'>et</span> <span class='ocrx_word' id='word_1_408' title='bbox 1587 1517 1758 1562; x_wconf 73' lang='lat' dir='ltr'>statuistis,</span> 
     </span>
     <span class='ocr_line' id='line_1_78' title="bbox 1004 1560 1756 1609; baseline 0.012 -17"><span class='ocrx_word' id='word_1_409' title='bbox 1004 1570 1084 1604; x_wconf 84' lang='lat' dir='ltr'>quae</span> <span class='ocrx_word' id='word_1_410' title='bbox 1111 1568 1141 1594; x_wconf 87' lang='lat' dir='ltr'>et</span> <span class='ocrx_word' id='word_1_411' title='bbox 1163 1560 1264 1595; x_wconf 88' lang='lat' dir='ltr'>literis</span> <span class='ocrx_word' id='word_1_412' title='bbox 1290 1561 1327 1595; x_wconf 89' lang='lat' dir='ltr'>ad</span> <span class='ocrx_word' id='word_1_413' title='bbox 1351 1573 1408 1597; x_wconf 90' lang='lat' dir='ltr'>nos</span> <span class='ocrx_word' id='word_1_414' title='bbox 1431 1563 1536 1598; x_wconf 88' lang='lat' dir='ltr'>missis</span> <span class='ocrx_word' id='word_1_415' title='bbox 1558 1564 1756 1609; x_wconf 83' lang='lat' dir='ltr'>inseruistis,</span> 
     </span>
     <span class='ocr_line' id='line_1_79' title="bbox 1004 1607 1756 1656; baseline 0.012 -15"><span class='ocrx_word' id='word_1_416' title='bbox 1004 1607 1150 1643; x_wconf 67' lang='lat' dir='ltr'>videlicet</span> <span class='ocrx_word' id='word_1_417' title='bbox 1176 1610 1326 1656; x_wconf 83' lang='lat' dir='ltr'>quicquid</span> <span class='ocrx_word' id='word_1_418' title='bbox 1348 1612 1406 1656; x_wconf 84' lang='lat' dir='ltr'>ipsi</span> <span class='ocrx_word' id='word_1_419' title='bbox 1430 1612 1469 1646; x_wconf 87' lang='lat' dir='ltr'>de</span> <span class='ocrx_word' id='word_1_420' title='bbox 1493 1612 1584 1648; x_wconf 86' lang='lat' dir='ltr'>bouis</span> <span class='ocrx_word' id='word_1_421' title='bbox 1610 1614 1756 1650; x_wconf 90' lang='lat' dir='ltr'>eiusdem</span> 
     </span>
     <span class='ocr_line' id='line_1_80' title="bbox 1004 1655 1759 1705; baseline 0.012 -15"><span class='ocrx_word' id='word_1_422' title='bbox 1004 1655 1161 1692; x_wconf 82' lang='lat' dir='ltr'>Ecclesiae</span> <span class='ocrx_word' id='word_1_423' title='bbox 1199 1659 1287 1705; x_wconf 86' lang='lat' dir='ltr'>prius</span> <span class='ocrx_word' id='word_1_424' title='bbox 1322 1660 1438 1695; x_wconf 83' lang='lat' dir='ltr'>habere</span> <span class='ocrx_word' id='word_1_425' title='bbox 1478 1661 1686 1703; x_wconf 82' lang='lat' dir='ltr'>videbantur,</span> <span class='ocrx_word' id='word_1_426' title='bbox 1726 1672 1759 1699; x_wconf 86' lang='lat' dir='ltr'>et</span> 
     </span>
     <span class='ocr_line' id='line_1_81' title="bbox 1003 1706 1755 1758; baseline 0.012 -20"><span class='ocrx_word' id='word_1_427' title='bbox 1003 1706 1196 1754; x_wconf 83' lang='lat' dir='ltr'>quicumque</span> <span class='ocrx_word' id='word_1_428' title='bbox 1223 1720 1259 1742; x_wconf 79' lang='lat' dir='ltr'>ex</span> <span class='ocrx_word' id='word_1_429' title='bbox 1289 1709 1376 1743; x_wconf 84' lang='lat' dir='ltr'>vobis</span> <span class='ocrx_word' id='word_1_430' title='bbox 1395 1710 1421 1743; x_wconf 84' lang='lat' dir='ltr'>ei</span> <span class='ocrx_word' id='word_1_431' title='bbox 1450 1722 1484 1744; x_wconf 92' lang='lat' dir='ltr'>se</span> <span class='ocrx_word' id='word_1_432' title='bbox 1506 1711 1627 1746; x_wconf 85' lang='lat' dir='ltr'>sociare</span> <span class='ocrx_word' id='word_1_433' title='bbox 1655 1724 1755 1758; x_wconf 85' lang='lat' dir='ltr'>regu-</span> 
     </span>
     <span class='ocr_line' id='line_1_82' title="bbox 1004 1755 1753 1806; baseline 0.011 -18"><span class='ocrx_word' id='word_1_434' title='bbox 1004 1755 1108 1790; x_wconf 86' lang='lat' dir='ltr'>lariter</span> <span class='ocrx_word' id='word_1_435' title='bbox 1135 1757 1299 1797; x_wconf 70' lang='lat' dir='ltr'>voluerint,</span> <span class='ocrx_word' id='word_1_436' title='bbox 1329 1758 1374 1792; x_wconf 87' lang='lat' dir='ltr'>vel</span> <span class='ocrx_word' id='word_1_437' title='bbox 1410 1759 1494 1806; x_wconf 87' lang='lat' dir='ltr'>quod</span> <span class='ocrx_word' id='word_1_438' title='bbox 1530 1759 1592 1795; x_wconf 90' lang='lat' dir='ltr'>illis</span> <span class='ocrx_word' id='word_1_439' title='bbox 1624 1761 1663 1795; x_wconf 89' lang='lat' dir='ltr'>de</span> <span class='ocrx_word' id='word_1_440' title='bbox 1683 1762 1753 1797; x_wconf 83' lang='lat' dir='ltr'>suis</span> 
     </span>
     <span class='ocr_line' id='line_1_83' title="bbox 1002 1803 1753 1856; baseline 0.011 -19"><span class='ocrx_word' id='word_1_441' title='bbox 1002 1803 1122 1850; x_wconf 84' lang='lat' dir='ltr'>aliquid</span> <span class='ocrx_word' id='word_1_442' title='bbox 1155 1806 1299 1851; x_wconf 81' lang='lat' dir='ltr'>dederit,</span> <span class='ocrx_word' id='word_1_443' title='bbox 1327 1819 1384 1841; x_wconf 88' lang='lat' dir='ltr'>nos</span> <span class='ocrx_word' id='word_1_444' title='bbox 1419 1821 1546 1856; x_wconf 87' lang='lat' dir='ltr'>quoqne</span> <span class='ocrx_word' id='word_1_445' title='bbox 1586 1809 1753 1846; x_wconf 88' lang='lat' dir='ltr'>donamus.</span> 
     </span>
     <span class='ocr_line' id='line_1_84' title="bbox 1002 1852 1967 1906; baseline 0.011 -20"><span class='ocrx_word' id='word_1_446' title='bbox 1002 1852 1225 1889; x_wconf 79' lang='lat' dir='ltr'>possessiones</span> <span class='ocrx_word' id='word_1_447' title='bbox 1251 1864 1355 1890; x_wconf 85' lang='lat' dir='ltr'>autem</span> <span class='ocrx_word' id='word_1_448' title='bbox 1377 1865 1407 1890; x_wconf 83' lang='lat' dir='ltr'>et</span> <span class='ocrx_word' id='word_1_449' title='bbox 1425 1857 1679 1904; x_wconf 84' lang='lat' dir='ltr'>dispensationes</span> <span class='ocrx_word' id='word_1_450' title='bbox 1695 1860 1757 1894; x_wconf 86' lang='lat' dir='ltr'>Ec-</span> <span class='ocrx_word' id='word_1_451' title='bbox 1807 1874 1967 1906; x_wconf 49' lang='lat' dir='ltr'>ammenta„-</span> 
     </span>
     <span class='ocr_line' id='line_1_85' title="bbox 1002 1901 1966 1951; baseline 0.016 -15"><span class='ocrx_word' id='word_1_452' title='bbox 1002 1902 1126 1943; x_wconf 82' lang='lat' dir='ltr'>elesiae,</span> <span class='ocrx_word' id='word_1_453' title='bbox 1161 1916 1241 1950; x_wconf 88' lang='lat' dir='ltr'>quae</span> <span class='ocrx_word' id='word_1_454' title='bbox 1263 1905 1352 1940; x_wconf 86' lang='lat' dir='ltr'>datae</span> <span class='ocrx_word' id='word_1_455' title='bbox 1387 1906 1523 1950; x_wconf 85' lang='lat' dir='ltr'>suerint,</span> <span class='ocrx_word' id='word_1_456' title='bbox 1551 1907 1589 1942; x_wconf 88' lang='lat' dir='ltr'>ad</span> <span class='ocrx_word' id='word_1_457' title='bbox 1614 1920 1756 1944; x_wconf 87' lang='lat' dir='ltr'>mensam</span> <span class='ocrx_word' id='word_1_458' title='bbox 1781 1901 1966 1951; x_wconf 54' lang='lat' dir='ltr'>{{f.?1&#39;„{²2?⁰2.”1&#39;51¹.¹.&#39;.¹3</span> 
     </span>
     <span class='ocr_line' id='line_1_86' title="bbox 1002 1950 1966 2005; baseline 0.012 -21"><span class='ocrx_word' id='word_1_459' title='bbox 1002 1950 1132 1986; x_wconf 83' lang='lat' dir='ltr'>fratrum</span> <span class='ocrx_word' id='word_1_460' title='bbox 1158 1953 1343 1999; x_wconf 76' lang='lat' dir='ltr'>regulariter</span> <span class='ocrx_word' id='word_1_461' title='bbox 1371 1954 1448 1989; x_wconf 87' lang='lat' dir='ltr'>inibi</span> <span class='ocrx_word' id='word_1_462' title='bbox 1482 1956 1656 1991; x_wconf 78' lang='lat' dir='ltr'>viventium</span> <span class='ocrx_word' id='word_1_463' title='bbox 1683 1971 1756 2004; x_wconf 87' lang='lat' dir='ltr'>per·</span> <span class='ocrx_word' id='word_1_464' title='bbox 1781 1955 1966 2005; x_wconf 55' lang='lat' dir='ltr'>‘215,z„‚2⁵,⁵}{(.f¹“³5¹2³</span> 
     </span>
     <span class='ocr_line' id='line_1_87' title="bbox 1003 1999 1965 2051; baseline 0.011 -18"><span class='ocrx_word' id='word_1_465' title='bbox 1003 1999 1120 2045; x_wconf 88' lang='lat' dir='ltr'>tinere,</span> <span class='ocrx_word' id='word_1_466' title='bbox 1147 2009 1177 2036; x_wconf 89' lang='lat' dir='ltr'>et</span> <span class='ocrx_word' id='word_1_467' title='bbox 1205 2002 1327 2037; x_wconf 89' lang='lat' dir='ltr'>nullum</span> <span class='ocrx_word' id='word_1_468' title='bbox 1365 2003 1497 2039; x_wconf 83' lang='lat' dir='ltr'>ulterius</span> <span class='ocrx_word' id='word_1_469' title='bbox 1532 2005 1649 2040; x_wconf 87' lang='lat' dir='ltr'>ibidem</span> <span class='ocrx_word' id='word_1_470' title='bbox 1675 2007 1754 2051; x_wconf 80' lang='lat' dir='ltr'>sieri,</span> <span class='ocrx_word' id='word_1_471' title='bbox 1780 2007 1883 2028; x_wconf 67' lang='lat'>‘&#39;⁶⁶&#39;¹¹&#39;¹¹¹¹¹</span> <span class='ocrx_word' id='word_1_472' title='bbox 1917 2015 1965 2034; x_wconf 58' lang='grc' dir='ltr'>ΡΜ·</span> 
     </span>
     <span class='ocr_line' id='line_1_88' title="bbox 1001 2049 1757 2102; baseline 0.011 -20"><span class='ocrx_word' id='word_1_473' title='bbox 1001 2056 1054 2083; x_wconf 87' lang='lat' dir='ltr'>aut</span> <span class='ocrx_word' id='word_1_474' title='bbox 1075 2049 1214 2085; x_wconf 86' lang='lat' dir='ltr'>ordinari</span> <span class='ocrx_word' id='word_1_475' title='bbox 1242 2052 1442 2096; x_wconf 88' lang='lat' dir='ltr'>canonicum,</span> <span class='ocrx_word' id='word_1_476' title='bbox 1466 2053 1525 2088; x_wconf 85' lang='lat' dir='ltr'>nisi</span> <span class='ocrx_word' id='word_1_477' title='bbox 1549 2054 1602 2101; x_wconf 88' lang='lat' dir='ltr'>qui</span> <span class='ocrx_word' id='word_1_478' title='bbox 1631 2056 1757 2102; x_wconf 87' lang='lat' dir='ltr'>regula-</span> 
     </span>
     <span class='ocr_line' id='line_1_89' title="bbox 1002 2098 1754 2147; baseline 0.012 -16"><span class='ocrx_word' id='word_1_479' title='bbox 1002 2098 1077 2133; x_wconf 89' lang='lat' dir='ltr'>riter</span> <span class='ocrx_word' id='word_1_480' title='bbox 1102 2111 1136 2133; x_wconf 91' lang='lat' dir='ltr'>se</span> <span class='ocrx_word' id='word_1_481' title='bbox 1158 2100 1312 2135; x_wconf 84' lang='lat' dir='ltr'>victurum</span> <span class='ocrx_word' id='word_1_482' title='bbox 1336 2101 1496 2147; x_wconf 82' lang='lat' dir='ltr'>professus</span> <span class='ocrx_word' id='word_1_483' title='bbox 1518 2102 1623 2147; x_wconf 89' lang='lat' dir='ltr'>fuerit,</span> <span class='ocrx_word' id='word_1_484' title='bbox 1647 2113 1754 2140; x_wconf 73' lang='lat' dir='ltr'>nostra</span> 
     </span>
    </p>
   </div>
   <div class='ocr_carea' id='block_1_19' title="bbox 1829 704 1912 724">
    <p class='ocr_par' dir='ltr' id='par_1_19' title="bbox 1829 704 1912 724">
     <span class='ocr_line' id='line_1_90' title="bbox 1829 704 1912 724; baseline 0.012 -2"><span class='ocrx_word' id='word_1_485' title='bbox 1829 704 1912 724; x_wconf 67' lang='lat' dir='ltr'>l&#39;otdiu,</span> 
     </span>
    </p>
   </div>
   <div class='ocr_carea' id='block_1_20' title="bbox 1785 1155 1970 1232">
    <p class='ocr_par' dir='ltr' id='par_1_20' title="bbox 1785 1155 1970 1232">
     <span class='ocr_line' id='line_1_91' title="bbox 1812 1155 1970 1177; baseline 0.006 -2"><span class='ocrx_word' id='word_1_486' title='bbox 1812 1155 1934 1177; x_wconf 71' lang='lat' dir='ltr'>Monastertt</span> <span class='ocrx_word' id='word_1_487' title='bbox 1949 1157 1970 1176; x_wconf 80' lang='lat' dir='ltr'>ti-</span> 
     </span>
     <span class='ocr_line' id='line_1_92' title="bbox 1785 1182 1970 1204; baseline 0.011 -2"><span class='ocrx_word' id='word_1_488' title='bbox 1785 1182 1857 1203; x_wconf 73' lang='lat' dir='ltr'>bertas</span> <span class='ocrx_word' id='word_1_489' title='bbox 1897 1183 1970 1204; x_wconf 80' lang='lat' dir='ltr'>conflr-</span> 
     </span>
     <span class='ocr_line' id='line_1_93' title="bbox 1785 1211 1860 1232; baseline 0 -3"><span class='ocrx_word' id='word_1_490' title='bbox 1785 1211 1860 1232; x_wconf 73' lang='lat' dir='ltr'>matur:</span> 
     </span>
    </p>
   </div>
   <div class='ocr_carea' id='block_1_21' title="bbox 1783 1443 1970 1597">
    <p class='ocr_par' dir='ltr' id='par_1_21' title="bbox 1783 1443 1970 1597">
     <span class='ocr_line' id='line_1_94' title="bbox 1818 1443 1969 1466; baseline 0.02 -3"><span class='ocrx_word' id='word_1_491' title='bbox 1818 1443 1877 1464; x_wconf 85' lang='lat' dir='ltr'>Sicut</span> <span class='ocrx_word' id='word_1_492' title='bbox 1906 1445 1969 1466; x_wconf 72' lang='lat' dir='ltr'>etiam</span> 
     </span>
     <span class='ocr_line' id='line_1_95' title="bbox 1784 1469 1970 1492; baseline 0.016 -3"><span class='ocrx_word' id='word_1_493' title='bbox 1784 1469 1840 1490; x_wconf 74' lang='lat' dir='ltr'>nona</span> <span class='ocrx_word' id='word_1_494' title='bbox 1855 1471 1924 1491; x_wconf 81' lang='lat' dir='ltr'>omnia</span> <span class='ocrx_word' id='word_1_495' title='bbox 1941 1473 1970 1492; x_wconf 73' lang='lat' dir='ltr'>ai-</span> 
     </span>
     <span class='ocr_line' id='line_1_96' title="bbox 1784 1496 1970 1519; baseline 0.016 -3"><span class='ocrx_word' id='word_1_496' title='bbox 1784 1496 1831 1517; x_wconf 84' lang='lat' dir='ltr'>dem</span> <span class='ocrx_word' id='word_1_497' title='bbox 1866 1497 1970 1519; x_wconf 67' lang='lat' dir='ltr'>hactenu-</span> 
     </span>
     <span class='ocr_line' id='line_1_97' title="bbox 1784 1525 1969 1546; baseline 0.022 -5"><span class='ocrx_word' id='word_1_498' title='bbox 1784 1528 1894 1546; x_wconf 57' lang='lat' dir='ltr'>concessa.</span> <span class='ocrx_word' id='word_1_499' title='bbox 1906 1525 1937 1545; x_wconf 69' lang='lat' dir='ltr'>vel</span> <span class='ocrx_word' id='word_1_500' title='bbox 1949 1531 1969 1544; x_wconf 81' lang='lat' dir='ltr'>in</span> 
     </span>
     <span class='ocr_line' id='line_1_98' title="bbox 1783 1552 1969 1574; baseline 0.032 -8"><span class='ocrx_word' id='word_1_501' title='bbox 1783 1552 1889 1574; x_wconf 68' lang='lat' dir='ltr'>posterum</span> <span class='ocrx_word' id='word_1_502' title='bbox 1920 1556 1969 1571; x_wconf 75' lang='lat' dir='ltr'>eon·</span> 
     </span>
     <span class='ocr_line' id='line_1_99' title="bbox 1783 1576 1888 1597; baseline 0.019 -2"><span class='ocrx_word' id='word_1_503' title='bbox 1783 1576 1888 1597; x_wconf 73' lang='lat' dir='ltr'>cedenda.</span> 
     </span>
    </p>
   </div>
   <div class='ocr_carea' id='block_1_22' title="bbox 1780 2033 1930 2056">
    <p class='ocr_par' dir='ltr' id='par_1_22' title="bbox 1780 2033 1930 2056">
     <span class='ocr_line' id='line_1_100' title="bbox 1780 2033 1930 2056; baseline 0.02 -3"><span class='ocrx_word' id='word_1_504' title='bbox 1780 2033 1846 2054; x_wconf 72' lang='lat' dir='ltr'>fossus</span> <span class='ocrx_word' id='word_1_505' title='bbox 1861 2035 1930 2056; x_wconf 81' lang='lat' dir='ltr'>suerit.</span> 
     </span>
    </p>
   </div>
   <div class='ocr_carea' id='block_1_23' title="bbox 958 2144 1963 2198">
    <p class='ocr_par' dir='ltr' id='par_1_23' title="bbox 958 2144 1963 2198">
     <span class='ocr_line' id='line_1_101' title="bbox 958 2144 1963 2198; baseline 0.012 -18"><span class='ocrx_word' id='word_1_506' title='bbox 958 2153 961 2158; x_wconf 80' lang='grc'><strong>“</strong></span> <span class='ocrx_word' id='word_1_507' title='bbox 1000 2148 1184 2183; x_wconf 84' lang='lat' dir='ltr'>auctoritate</span> <span class='ocrx_word' id='word_1_508' title='bbox 1218 2144 1399 2185; x_wconf 73' lang='lat' dir='ltr'>statuimus.</span> <span class='ocrx_word' id='word_1_509' title='bbox 1437 2151 1673 2198; x_wconf 86' lang='lat' dir='ltr'>Praepositum,</span> <span class='ocrx_word' id='word_1_510' title='bbox 1701 2153 1748 2188; x_wconf 86' lang='lat' dir='ltr'>vel</span> <span class='ocrx_word' id='word_1_511' title='bbox 1799 2169 1963 2196; x_wconf 46' lang='lat' dir='ltr'>Praepo-‘nhat</span> 
     </span>
    </p>
   </div>
   <div class='ocr_carea' id='block_1_24' title="bbox 1778 2197 1963 2296">
    <p class='ocr_par' dir='ltr' id='par_1_24' title="bbox 1778 2197 1963 2296">
     <span class='ocr_line' id='line_1_102' title="bbox 1778 2197 1963 2219; baseline 0.016 -3"><span class='ocrx_word' id='word_1_512' title='bbox 1778 2197 1920 2218; x_wconf 73' lang='lat' dir='ltr'>ministrorum</span> <span class='ocrx_word' id='word_1_513' title='bbox 1943 2205 1963 2219; x_wconf 72' lang='lat' dir='ltr'>e-</span> 
     </span>
     <span class='ocr_line' id='line_1_103' title="bbox 1779 2223 1963 2249; baseline 0.016 -7"><span class='ocrx_word' id='word_1_514' title='bbox 1779 2223 1841 2243; x_wconf 79' lang='lat' dir='ltr'>tectio</span> <span class='ocrx_word' id='word_1_515' title='bbox 1864 2224 1890 2243; x_wconf 79' lang='lat' dir='ltr'>ad</span> <span class='ocrx_word' id='word_1_516' title='bbox 1907 2224 1963 2249; x_wconf 68' lang='lat' dir='ltr'>ipsos</span> 
     </span>
     <span class='ocr_line' id='line_1_104' title="bbox 1778 2250 1962 2273; baseline 0.022 -5"><span class='ocrx_word' id='word_1_517' title='bbox 1778 2252 1875 2273; x_wconf 80' lang='lat' dir='ltr'>spectare</span> <span class='ocrx_word' id='word_1_518' title='bbox 1891 2250 1962 2272; x_wconf 76' lang='lat' dir='ltr'>decor-</span> 
     </span>
     <span class='ocr_line' id='line_1_105' title="bbox 1778 2275 1840 2296; baseline 0 0"><span class='ocrx_word' id='word_1_519' title='bbox 1778 2275 1840 2296; x_wconf 86' lang='lat' dir='ltr'>nitur.</span> 
     </span>
    </p>
   </div>
   <div class='ocr_carea' id='block_1_25' title="bbox 999 2195 1757 2627">
    <p class='ocr_par' dir='ltr' id='par_1_25' title="bbox 999 2195 1757 2627">
     <span class='ocr_line' id='line_1_106' title="bbox 1000 2195 1753 2247; baseline 0.011 -18"><span class='ocrx_word' id='word_1_520' title='bbox 1000 2195 1156 2240; x_wconf 85' lang='lat' dir='ltr'>abbatem,</span> <span class='ocrx_word' id='word_1_521' title='bbox 1180 2210 1235 2232; x_wconf 90' lang='lat' dir='ltr'>seu</span> <span class='ocrx_word' id='word_1_522' title='bbox 1257 2199 1424 2235; x_wconf 83' lang='lat' dir='ltr'>cuiuslibet</span> <span class='ocrx_word' id='word_1_523' title='bbox 1439 2200 1685 2247; x_wconf 84' lang='lat' dir='ltr'>dispensationis</span> <span class='ocrx_word' id='word_1_524' title='bbox 1704 2215 1753 2237; x_wconf 89' lang='lat' dir='ltr'>ec·</span> 
     </span>
     <span class='ocr_line' id='line_1_107' title="bbox 1000 2244 1753 2296; baseline 0.011 -18"><span class='ocrx_word' id='word_1_525' title='bbox 1000 2244 1192 2280; x_wconf 85' lang='lat' dir='ltr'>clesiastieae</span> <span class='ocrx_word' id='word_1_526' title='bbox 1216 2248 1415 2289; x_wconf 84' lang='lat' dir='ltr'>ministrum,</span> <span class='ocrx_word' id='word_1_527' title='bbox 1453 2249 1512 2283; x_wconf 87' lang='lat' dir='ltr'>nisi</span> <span class='ocrx_word' id='word_1_528' title='bbox 1545 2262 1640 2296; x_wconf 89' lang='lat' dir='ltr'>quem</span> <span class='ocrx_word' id='word_1_529' title='bbox 1664 2263 1753 2286; x_wconf 87' lang='lat' dir='ltr'>com-</span> 
     </span>
     <span class='ocr_line' id='line_1_108' title="bbox 1001 2294 1757 2343; baseline 0.011 -16"><span class='ocrx_word' id='word_1_530' title='bbox 1001 2294 1105 2328; x_wconf 86' lang='lat' dir='ltr'>munis</span> <span class='ocrx_word' id='word_1_531' title='bbox 1132 2294 1242 2330; x_wconf 87' lang='lat' dir='ltr'>electio</span> <span class='ocrx_word' id='word_1_532' title='bbox 1271 2296 1400 2331; x_wconf 86' lang='lat' dir='ltr'>fratrum</span> <span class='ocrx_word' id='word_1_533' title='bbox 1438 2298 1623 2343; x_wconf 79' lang='lat' dir='ltr'>regulariter</span> <span class='ocrx_word' id='word_1_534' title='bbox 1652 2299 1757 2334; x_wconf 74' lang='lat' dir='ltr'>viven-</span> 
     </span>
     <span class='ocr_line' id='line_1_109' title="bbox 1000 2342 1753 2390; baseline 0.011 -15"><span class='ocrx_word' id='word_1_535' title='bbox 1000 2342 1079 2376; x_wconf 90' lang='lat' dir='ltr'>tium</span> <span class='ocrx_word' id='word_1_536' title='bbox 1107 2355 1183 2378; x_wconf 89' lang='lat' dir='ltr'>suae</span> <span class='ocrx_word' id='word_1_537' title='bbox 1217 2345 1422 2390; x_wconf 75' lang='lat' dir='ltr'>professionis</span> <span class='ocrx_word' id='word_1_538' title='bbox 1449 2347 1627 2382; x_wconf 88' lang='lat' dir='ltr'>secundum</span> <span class='ocrx_word' id='word_1_539' title='bbox 1650 2348 1753 2383; x_wconf 86' lang='lat' dir='ltr'>Deum</span> 
     </span>
     <span class='ocr_line' id='line_1_110' title="bbox 999 2391 1752 2442; baseline 0.009 -17"><span class='ocrx_word' id='word_1_540' title='bbox 999 2391 1146 2437; x_wconf 85' lang='lat' dir='ltr'>elegerit,</span> <span class='ocrx_word' id='word_1_541' title='bbox 1175 2393 1264 2427; x_wconf 91' lang='lat' dir='ltr'>vobis</span> <span class='ocrx_word' id='word_1_542' title='bbox 1293 2394 1468 2440; x_wconf 83' lang='lat' dir='ltr'>praeferre,</span> <span class='ocrx_word' id='word_1_543' title='bbox 1495 2397 1667 2442; x_wconf 85' lang='lat' dir='ltr'>apostolica</span> <span class='ocrx_word' id='word_1_544' title='bbox 1701 2410 1752 2432; x_wconf 89' lang='lat' dir='ltr'>au·</span> 
     </span>
     <span class='ocr_line' id='line_1_111' title="bbox 1000 2441 1754 2491; baseline 0.009 -17"><span class='ocrx_word' id='word_1_545' title='bbox 1000 2441 1140 2476; x_wconf 85' lang='lat' dir='ltr'>ctoritate</span> <span class='ocrx_word' id='word_1_546' title='bbox 1164 2441 1379 2487; x_wconf 85' lang='lat' dir='ltr'>prohibemus.</span> <span class='ocrx_word' id='word_1_547' title='bbox 1402 2443 1449 2478; x_wconf 88' lang='lat' dir='ltr'>Ne</span> <span class='ocrx_word' id='word_1_548' title='bbox 1463 2444 1535 2491; x_wconf 85' lang='lat' dir='ltr'>quis</span> <span class='ocrx_word' id='word_1_549' title='bbox 1556 2454 1661 2480; x_wconf 87' lang='lat' dir='ltr'>autem</span> <span class='ocrx_word' id='word_1_550' title='bbox 1676 2446 1754 2481; x_wconf 67' lang='lat' dir='ltr'>llaec</span> 
     </span>
     <span class='ocr_line' id='line_1_112' title="bbox 1000 2489 1752 2541; baseline 0.009 -19"><span class='ocrx_word' id='word_1_551' title='bbox 1000 2501 1015 2522; x_wconf 88' lang='lat' dir='ltr'>a</span> <span class='ocrx_word' id='word_1_552' title='bbox 1045 2489 1135 2524; x_wconf 87' lang='lat' dir='ltr'>nobis</span> <span class='ocrx_word' id='word_1_553' title='bbox 1169 2490 1335 2525; x_wconf 87' lang='lat' dir='ltr'>salubriter</span> <span class='ocrx_word' id='word_1_554' title='bbox 1370 2500 1486 2527; x_wconf 86' lang='lat' dir='ltr'>statuta</span> <span class='ocrx_word' id='word_1_555' title='bbox 1519 2493 1633 2529; x_wconf 75' lang='lat' dir='ltr'>violare</span> <span class='ocrx_word' id='word_1_556' title='bbox 1662 2508 1752 2541; x_wconf 78' lang='lat' dir='ltr'>prac-</span> 
     </span>
     <span class='ocr_line' id='line_1_113' title="bbox 1000 2539 1755 2588; baseline 0.007 -17"><span class='ocrx_word' id='word_1_557' title='bbox 1000 2546 1114 2577; x_wconf 79' lang='lat' dir='ltr'>sumat,</span> <span class='ocrx_word' id='word_1_558' title='bbox 1142 2539 1254 2573; x_wconf 84' lang='lat' dir='ltr'>virtute</span> <span class='ocrx_word' id='word_1_559' title='bbox 1281 2540 1388 2575; x_wconf 87' lang='lat' dir='ltr'>Sancti</span> <span class='ocrx_word' id='word_1_560' title='bbox 1421 2541 1579 2588; x_wconf 88' lang='lat' dir='ltr'>Spiritus,</span> <span class='ocrx_word' id='word_1_561' title='bbox 1613 2553 1642 2576; x_wconf 84' lang='lat' dir='ltr'>et</span> <span class='ocrx_word' id='word_1_562' title='bbox 1671 2553 1755 2588; x_wconf 73' lang='lat' dir='ltr'>pote-</span> 
     </span>
     <span class='ocr_line' id='line_1_114' title="bbox 1000 2587 1747 2627; baseline 0.009 -7"><span class='ocrx_word' id='word_1_563' title='bbox 1000 2594 1078 2621; x_wconf 85' lang='lat' dir='ltr'>state</span> <span class='ocrx_word' id='word_1_564' title='bbox 1111 2587 1203 2622; x_wconf 82' lang='lat' dir='ltr'>nobis</span> <span class='ocrx_word' id='word_1_565' title='bbox 1224 2600 1240 2622; x_wconf 81' lang='lat' dir='ltr'>a</span> <span class='ocrx_word' id='word_1_566' title='bbox 1276 2587 1343 2624; x_wconf 88' lang='lat' dir='ltr'>Deo</span> <span class='ocrx_word' id='word_1_567' title='bbox 1369 2589 1481 2625; x_wconf 87' lang='lat' dir='ltr'>collata</span> <span class='ocrx_word' id='word_1_568' title='bbox 1517 2591 1747 2627; x_wconf 82' lang='lat' dir='ltr'>interdicimus.</span> 
     </span>
    </p>
   </div>
   <div class='ocr_carea' id='block_1_26' title="bbox 1777 2456 1960 2509">
    <p class='ocr_par' dir='ltr' id='par_1_26' title="bbox 1777 2456 1960 2509">
     <span class='ocr_line' id='line_1_115' title="bbox 1817 2456 1950 2479; baseline 0.015 -2"><span class='ocrx_word' id='word_1_569' title='bbox 1817 2456 1950 2479; x_wconf 78' lang='lat' dir='ltr'>Confirmatio</span> 
     </span>
     <span class='ocr_line' id='line_1_116' title="bbox 1777 2483 1960 2509; baseline 0.027 -7"><span class='ocrx_word' id='word_1_570' title='bbox 1777 2483 1818 2508; x_wconf 80' lang='lat' dir='ltr'>prii</span> <span class='ocrx_word' id='word_1_571' title='bbox 1825 2484 1880 2509; x_wconf 65' lang='lat' dir='ltr'>liegii</span> <span class='ocrx_word' id='word_1_572' title='bbox 1891 2485 1960 2507; x_wconf 75' lang='lat' dir='ltr'>liniu‘.</span> 
     </span>
    </p>
   </div>
  </div>
 </body>
</html>
