2180 3205
14 273 62 301 An.
82 271 110 299 C.
129 269 196 299 1123

31 1557 175 1580 ΡῐοοειῃΙυιη.

24 2189 201 2238 ...mm

22 2242 50 2264 111
65 2248 165 2269 perpetua
176 2244 201 2264 ti-

0 2265 1 2304 i
23 2267 102 2290 mu!
118 2270 167 2291 troi.
179 2273 202 2291 ‘t

24 2295 64 2316 mh
76 2296 122 2317 iure
132 2298 202 2318 sotius

23 2322 201 2387 midas?

853 253 1009 277 c1tt.tx·t·t's
1035 254 1056 275 tt
1085 253 1133 275 ΙΨ.

260 308 445 349 Apostolicae
464 308 549 338 sortis
581 308 641 338 sore
664 306 808 337 ‹tneorniu
830 324 869 330 —
890 307 967 336 Con-

260 355 356 385 firmat
377 355 487 388 itidem,
519 364 551 383 ac
580 353 730 383 describit.
751 369 791 374 -
811 351 969 381 Confirmat

259 407 376 437 quoqne
394 398 568 427 donationes
591 406 702 432 omncs,
718 406 792 435 quae
816 397 844 425 in
870 400 968 434 poste-

257 451 322 472 rum
333 442 398 471 eius
413 441 508 470 favore
521 441 582 470 fieri
599 441 756 479 contingat.
771 457 810 462 —
822 440 969 475 Decernit,

257 491 290 516 ut
325 485 446 515 abbates
481 484 677 514 Cassincnscs
713 486 839 514 caeteris
874 483 968 513 abba-

257 530 336 560 tibus
368 539 419 568 per
453 529 642 559 Occidentem
667 530 911 568 praecedantz—
935 527 969 557 Ut

257 574 449 609 chirottiecta,
468 574 621 603 dalmatica
642 577 669 601 et
688 573 772 601 mitra
787 576 969 601 utantur:—

256 618 293 649 Ut
311 618 364 648 soli
384 617 570 656 Apostolicae
590 616 657 646 Scdi
686 616 745 645 sint
762 615 909 645 subiecti:
930 632 970 637 —

261 661 295 692 Ut
312 670 514 701 quoscumque
533 660 656 689 clericos
684 659 836 698 suscipere
855 659 969 697 possint

258 707 323 736 sine
354 705 486 744 episcopi
514 704 758 733 contradictione:
782 720 821 726 -—-
842 702 912 733 Item
941 707 969 733 et

255 749 428 786 monachos,
440 754 468 778 ct
486 748 727 778 sanctimoniales
746 747 801 777 sibi
819 747 968 777 subiectas

255 794 402 825 iudicare:
428 810 466 816 —-
489 792 612 822 Palladii
636 791 738 821 cellam
763 801 914 821 romanam
939 792 966 820 in

257 837 419 878 hospitium
436 838 479 866 eis
499 836 644 866 concedit.
661 852 700 857 —
716 834 836 864 Abbatis
851 835 969 864 electio-

255 891 322 912 nem
341 882 376 911 ad
399 881 479 910 solos
501 879 660 909 monachos
677 883 812 917 spectare
825 879 968 915 decernit,

255 942 295 948 —
315 925 349 955 Et
366 924 619 955 consecrationem
642 923 678 952 ad
702 922 865 952 Romanuin
892 923 969 952 Pon-

255 970 377 1000 tificem:
399 985 438 991 —
468 968 560 1007 Eique
590 968 636 996 ius
664 967 765 997 tribuit
794 976 967 996 excommu-

257 1014 375 1045 nicandi
407 1017 541 1052 raptores
572 1021 671 1041 rerum
700 1011 734 1041 ad
756 1012 966 1041 monasterium

257 1057 488 1098 pertinentium,
512 1056 538 1085 si
574 1056 693 1085 eosdem
726 1056 882 1094 episcopus
911 1056 967 1085 loci

257 1101 512 1131 excommunicare
529 1100 670 1129 noluerit·
689 1116 728 1121 —
743 1099 812 1129 ltem
832 1104 859 1129 ct
877 1100 968 1129 liber-

256 1150 344 1176 tatem
379 1145 549 1184 sepulturae
584 1145 692 1183 cuique
727 1146 750 1174 si
778 1145 818 1175 ibi
848 1145 967 1183 sepeliri

256 1189 389 1220 voluerit.
418 1205 459 1211 —-
487 1188 644 1218 Roboratio
665 1189 786 1227 paginae
810 1189 908 1218 liuius.
930 1205 969 1210 —

258 1233 358 1264 Calixti
381 1232 435 1262 PP.
454 1232 646 1271 subscriptio.

217 1304 341 1332 calixtus
359 1303 499 1339 episcopus
527 1309 622 1331 servus
649 1309 788 1331 servorum
811 1302 866 1335 Dei,
894 1310 967 1331 reve-

259 1348 420 1377 rendissimo
439 1349 468 1376 et
486 1347 629 1375 carissimo
643 1347 728 1376 fratri
747 1347 856 1375 Girardo
881 1347 968 1375 Cassi·

259 1393 352 1423 nensis
367 1392 529 1421 monasterii
540 1392 614 1420 Beati
631 1392 766 1420 Benedicti
778 1392 880 1424 abbati.
898 1393 967 1420 eius·

260 1444 311 1474 que
341 1437 539 1466 successoribus
563 1436 728 1472 regulariter
760 1437 967 1469 substituendis.

261 1483 475 1519 inperpetuum.

266 1539 485 1587 Omnipoteuti
507 1539 589 1579 Deo,
610 1540 700 1575 cuius
722 1539 832 1574 melior
853 1547 900 1574 est
915 1540 969 1573 mi-

216 1588 387 1625 sericordia
420 1601 516 1636 super
543 1589 639 1629 vitas,
675 1589 790 1636 gratias
824 1589 967 1635 agimus,

216 1639 269 1686 qui
292 1638 450 1684 gloriosus
471 1638 502 1672 in
525 1638 642 1673 sanctis
663 1639 740 1678 suis,
762 1646 855 1685 atque
878 1639 970 1672 mira·

218 1688 310 1730 bilis,
343 1695 375 1722 et
407 1688 541 1722 virtutes
567 1699 640 1722 suas
675 1687 868 1734 ubicumque
903 1687 969 1721 xult

218 1736 369 1772 ineffabili
403 1736 542 1771 bonitate
568 1736 715 1771 ostendit.
752 1736 823 1784 Ipse
850 1737 969 1783 quippe

218 1785 410 1832 dignationis
447 1797 522 1820 suae
569 1786 708 1840 potentia
752 1785 966 1820 beatissimum

217 1834 426 1870 Benedicturn
467 1842 586 1881 patrem
621 1835 764 1869 omnium
806 1835 968 1869 constituit

220 1883 462 1919 monachorum.
487 1884 554 1931 ipse
576 1896 647 1918 eum
673 1884 863 1918 monasticae
891 1884 969 1930 legis

220 1933 349 1968 latorem
387 1941 418 1968 et
455 1941 650 1988 operatorem
693 1945 760 1968 esse
795 1933 967 1980 disposuit:

220 1983 287 2030 ipse
320 1982 405 2017 illius
437 1982 557 2017 meritis
583 1982 773 2017 Cassinense
808 1991 969 2017 monaste-

219 2033 322 2076 rium,
356 2031 387 2065 in
419 2043 482 2078 quo
509 2038 539 2065 et
576 2032 775 2066 sanctissime
808 2031 900 2075 vixit,
940 2039 970 2065 et

219 2081 445 2128 gloriosissime
482 2080 576 2121 obiit,
609 2081 757 2115 omnibus
785 2093 840 2127 per
874 2080 970 2115 Occi-

221 2137 348 2165 dentem
377 2130 575 2164 monasteriis
601 2129 746 2164 clementi
780 2129 969 2175 benignitate

221 2179 380 2227 praefecit.
403 2178 502 2213 Cuius
524 2178 664 2225 profecto
683 2179 805 2213 divinae
824 2178 971 2212 bonitatis

221 2235 441 2275 cooperatores
473 2229 607 2262 existere
643 2227 844 2273 Apostolicae
877 2227 971 2261 Sedis

221 2277 400 2318 auctoritas,
421 2284 452 2311 et
478 2284 578 2311 vestra
605 2277 685 2311 circa
707 2276 882 2311 Romanam
908 2276 972 2309 Ec-

221 2327 350 2362 clesiam
388 2337 530 2372 semper,
565 2337 601 2359 ac
629 2333 734 2360 nostro
771 2325 969 2372 potissimum

223 2384 378 2422 tempore,
404 2374 528 2409 fervens
554 2374 678 2408 devotio
711 2386 769 2408 nos
797 2374 970 2408 hortantur.

221 2425 356 2460 Divinae
390 2424 484 2470 igitur
509 2423 743 2458 constitutionis
777 2423 970 2469 propositum

223 2481 477 2521 prosequentes,
515 2473 618 2507 locum
656 2472 758 2519 ipsum
805 2472 971 2518 praecipua

223 2523 394 2557 dilectione
415 2522 669 2577 complectimur
692 2530 721 2554 et
749 2521 865 2564 omnia,
892 2533 973 2567 quae

224 2571 261 2606 ad
283 2583 351 2606 eam
376 2572 546 2618 pertinent,
579 2571 681 2625 quieta
709 2582 850 2616 semper,
883 2578 913 2603 et
934 2570 973 2604 ab

225 2622 365 2656 omnium
389 2620 568 2655 mortalium
593 2621 664 2666 iugo
686 2618 782 2654 libera
801 2619 860 2654 sub
874 2619 974 2654 solius

1640 243 1703 275 541

1010 316 1134 340 sancia-2
1155 305 1316 340 Romanae
1330 306 1492 341 Eos-lasiae
1516 305 1581 340 inre
1604 318 1639 340 ac
1653 307 1759 341 ‹lesen-

1010 356 1096 389 sionc
1142 365 1287 401 periit-tua
1325 369 1506 401 permanet-c·
1544 357 1754 390 decernimus.

1011 404 1043 438 ln
1071 405 1187 451 quilius
1210 405 1284 438 llaec
1309 406 1443 451 propriis
1469 405 1616 439 duximus
1653 406 1759 439 nomi·

1012 453 1102 487 nibus
1120 453 1314 487 adnotanda:
1345 455 1374 488 in
1402 455 1510 501 primis
1533 455 1756 489 mon-,sterium

1012 502 1136 536 Domini
1181 502 1352 537 Salvatoris
1394 504 1529 550 positum
1565 503 1601 537 ad
1645 504 1755 548 iit-‹lum

1010 552 1113 585 Casini
1137 554 1263 592 montis,
1292 553 1514 586 monasterium
1538 552 1570 587 S.
1606 553 1661 587 Dei
1693 552 1758 588 Ge-

1011 601 1130 635 nitricis
1165 599 1305 646 Virginis
1343 600 1476 644 Mariae,
1509 602 1593 648 quod
1632 610 1758 637 vocatur

1011 649 1221 692 plumbarola,
1262 651 1486 684 monasterium
1521 650 1555 685 S.
1584 651 1698 685 Mariae
1727 652 1758 686 in

1009 699 1136 745 Cingla,
1157 699 1265 733 cellam
1283 698 1316 733 S.
1335 698 1492 733 Benedicti
1510 699 1538 733 in
1559 699 1666 746 Capua
1683 712 1755 735 cum

1009 749 1096 782 cellis
1121 756 1151 782 et
1175 748 1371 794 pertinentiis
1399 748 1480 788 suis,
1517 748 1550 782 S.
1580 751 1690 794 :tngo-li
1720 749 1759 784 :id

1011 797 1174 840 Formam,
1196 796 1229 831 S.
1247 797 1370 831 loannis
1389 796 1586 838 Puellarum,
1614 798 1647 832 S.
1672 798 1758 843 Ruti,

1009 845 1042 880 S.
1066 845 1228 880 Benedicti
1245 846 1362 884 Pizuli,
1381 845 1414 880 S.
1436 847 1546 892 Angeli
1569 847 1606 880 ad
1630 847 1760 881 (maldi-

1010 895 1132 933 scos,S.
1148 895 1288 941 Agathae
1303 895 1333 929 in
1348 895 1488 930 Anversa
1501 895 1603 938 (ti,S.
1619 896 1758 931 Cociliae

1009 953 1039 978 et
1061 944 1094 978 S.
1119 944 1262 978 Demiirii
1288 945 1315 978 in
1344 944 1490 991 Neapoli,
1517 944 1551 979 S.
1571 945 1709 992 Sophiae
1726 947 1758 980 in

1009 993 1200 1034 Benevento,
1221 995 1255 1028 S.
1270 993 1432 1028 Benedicti
1449 994 1486 1028 ad
1503 1002 1622 1040 portam
1638 994 1757 1040 Rufini,

1009 1042 1042 1077 S.
1071 1042 1188 1077 Nicolai
1217 1044 1246 1076 in
1269 1044 1392 1077 civitate
1414 1043 1511 1079 Nova.
1535 1043 1568 1078 S.
1592 1043 1758 1078 B··nedicti

1011 1092 1039 1126 in
1063 1092 1217 1136 Pantano,
1239 1092 1406 1126 SNicolai
1431 1093 1460 1126 iu
1484 1092 1574 1126 Petra
1594 1092 1758 1137 polecina,

1009 1141 1042 1175 S.
1070 1140 1196 1187 Georgii
1233 1142 1260 1174 in
1291 1140 1469 1183 Fenucleo,
1504 1140 1536 1175 S.
1566 1141 1692 1176 loannis
1727 1143 1759 1177 in

1009 1190 1192 1234 Turlecoso,
1214 1190 1246 1224 S.
1267 1190 1349 1224 Petri
1367 1191 1396 1224 in
1417 1189 1572 1230 Rossano,
1594 1190 1627 1225 S.
1645 1191 1761 1237 Angeli

1011 1240 1040 1273 in
1063 1239 1228 1284 Capraria,
1255 1240 1289 1274 S.
1314 1239 1446 1274 Ianuarii
1479 1252 1575 1286 propi·
1600 1239 1763 1274 Beneven-

1011 1297 1086 1327 tum,
1109 1289 1214 1323 Sancti
1242 1288 1365 1322 Martini
1389 1288 1523 1328 ibidum,
1552 1290 1585 1323 S.
1617 1289 1760 1336 Dionysii

1010 1338 1039 1372 in
1063 1337 1175 1377 Ponte,
1203 1345 1232 1372 et
1254 1338 1361 1371 Sancti
1391 1338 1559 1376 Anastasii,
1587 1338 1620 1371 S.
1645 1338 1761 1372 Mariae

1011 1387 1040 1420 iu
1077 1386 1219 1421 Canneto
1247 1387 1332 1420 iuxta
1367 1387 1496 1421 flurium
1531 1387 1691 1431 Triviuni,
1725 1388 1762 1423 S.

1011 1436 1191 1476 Benedicti,
1224 1436 1258 1470 S.
1291 1436 1451 1471 Laurentii
1481 1436 1509 1469 in
1539 1435 1688 1474 Salerno,
1726 1437 1760 1471 S.

1010 1485 1124 1520 Mariae
1148 1486 1178 1519 in
1213 1485 1343 1519 Tremiti
1379 1497 1450 1519 cum
1480 1485 1556 1532 ipsis
1578 1485 1701 1525 insulis,
1723 1485 1758 1521 S.

1010 1534 1202 1569 Liberatoris
1221 1535 1251 1568 in
1275 1534 1411 1569 Marchia
1433 1546 1505 1568 cum
1529 1534 1679 1569 omnibus
1694 1536 1760 1569 suis

1012 1584 1224 1629 pertinentiis,
1256 1583 1290 1618 S.
1319 1583 1482 1618 Benedicti
1515 1583 1545 1617 in
1581 1583 1695 1622 Marsi,
1725 1584 1759 1619 S.

1009 1633 1125 1667 Mariae
1148 1634 1177 1666 in
1200 1632 1301 1672 Luco,
1319 1632 1352 1667 S.
1375 1631 1533 1667 Cosmatis
1555 1633 1585 1666 in
1605 1632 1761 1672 Civitella.

1009 1682 1043 1717 S.
1066 1682 1177 1728 Angeli
1206 1682 1237 1716 in
1264 1681 1396 1716 Rarreio
1417 1694 1489 1716 cum
1516 1681 1664 1716 omnibus
1688 1694 1762 1728 per-

1010 1732 1152 1765 tinentiis
1173 1731 1251 1774 suis,
1286 1730 1319 1765 S.
1347 1730 1462 1765 Mariae
1484 1731 1679 1766 Ancillarum
1703 1731 1762 1778 Dej

1012 1781 1041 1814 in
1066 1781 1189 1814 civitate
1203 1779 1363 1823 Cosentia,
1385 1780 1419 1814 S.
1442 1780 1557 1815 Mariae
1580 1780 1609 1813 in
1627 1780 1759 1819 Branza,

1010 1829 1042 1864 S.
1072 1829 1156 1863 Petri
1185 1829 1224 1863 de
1245 1829 1343 1871 Lacu,
1369 1829 1402 1864 S.
1426 1829 1511 1863 Petri
1539 1829 1578 1863 de
1597 1828 1761 1870 Orellano,

1010 1879 1043 1913 S.
1067 1878 1189 1913 Erasmi
1212 1886 1243 1912 et
1269 1878 1302 1913 S.
1326 1878 1489 1913 Benedicti
1513 1886 1543 1913 et
1570 1878 1604 1913 S.
1625 1878 1761 1913 Schola-

1011 1929 1106 1962 sticae
1128 1928 1158 1961 in
1185 1926 1304 1970 Caieta,
1327 1926 1359 1962 S.
1384 1928 1490 1974 Magni
1517 1928 1546 1962 in
1570 1927 1702 1966 Fundis,
1725 1927 1759 1962 S.

1010 1976 1161 2023 Stephani
1189 1986 1219 2011 et
1248 1976 1281 2011 S.
1310 1976 1473 2012 Benedicti
1506 1985 1537 2011 et
1558 1976 1592 2011 S.
1620 1976 1762 2022 Agatliae

1012 2027 1041 2060 in
1076 2025 1263 2066 Terracina,
1295 2025 1329 2059 S.
1367 2026 1449 2060 Petri
1483 2026 1513 2060 in
1541 2025 1693 2064 For-esta,
1725 2025 1760 2060 S.

1012 2075 1099 2109 Pauli
1119 2075 1248 2115 ibidem,
1271 2074 1305 2110 S.
1328 2075 1444 2109 Mariae
1467 2075 1497 2108 in
1526 2074 1761 2115 Ponte-Curvo,

1011 2124 1042 2159 S.
1068 2124 1192 2170 Angeli,
1221 2124 1255 2158 S.
1285 2124 1442 2166 Nicaneri,
1468 2131 1499 2157 et
1521 2123 1555 2158 S.
1574 2123 1714 2157 Thomae
1731 2123 1762 2157 in

1011 2173 1115 2211 Troia,
1144 2173 1178 2207 S.
1207 2173 1342 2207 Eustasii
1367 2173 1398 2206 in
1421 2172 1572 2211 Pantatia,
1595 2172 1628 2206 S.
1661 2172 1763 2207 Bene-

1012 2222 1083 2255 dicti
1109 2222 1138 2255 in
1162 2221 1289 2261 Larino.
1312 2221 1346 2256 S.
1372 2221 1532 2256 Benedicti
1549 2222 1579 2254 in
1595 2220 1762 2261 Pectinari,

1012 2270 1045 2304 S.
1064 2271 1179 2305 Mariae
1199 2271 1229 2304 in
1252 2270 1487 2314 Casale-Plano,
1509 2270 1543 2304 S.
1564 2270 1763 2305 llluminatae

1012 2320 1042 2353 in
1066 2319 1193 2354 castello
1221 2319 1416 2361 Lemusano,
1439 2319 1472 2353 S.
1497 2319 1662 2353 Trinitatis
1683 2328 1712 2353 et
1727 2319 1763 2354 S.

1012 2368 1139 2415 Georgii
1169 2369 1198 2402 in
1214 2368 1391 2407 Termulae,
1414 2368 1448 2402 S.
1465 2367 1572 2402 Focati
1596 2369 1626 2402 in
1644 2368 1760 2404 Lesina

1012 2430 1083 2452 cum
1109 2419 1196 2452 sance
1231 2425 1261 2451 et
1288 2418 1437 2464 piscaria,
1464 2417 1497 2452 S.
1532 2417 1695 2451 Benedicti
1731 2418 1762 2452 in

1014 2467 1142 2506 Asculo,
1168 2466 1201 2501 S.
1229 2467 1364 2501 Eustatii
1387 2467 1416 2500 in
1452 2466 1761 2511 Petra-Abundanti,

1013 2516 1047 2549 S.
1071 2516 1201 2550 Eustatii
1225 2516 1254 2550 in
1279 2515 1404 2562 Vipera,
1431 2515 1464 2550 S.
1492 2515 1607 2550 Mariae
1642 2516 1672 2550 in
1700 2515 1764 2550 Ba-

1016 2574 1133 2608 retano,
1155 2565 1189 2599 S.
1209 2564 1423 2599 Scholasticae
1445 2565 1475 2599 in
1498 2565 1623 2607 pinnis,
1645 2565 1679 2600 S.
1697 2565 1764 2600 Sal-

1050 2631 1088 2666 (t)
1106 2631 1171 2665 Lege
1188 2632 1294 2656 Asci-sa.
1327 2630 1364 2665 (n.
1385 2630 1426 2666 τ.)

1786 263 1835 291 ΑΒ.
1855 262 1884 290 C.
1903 262 1971 290 ¹¹23

1804 325 1930 346 sunni-mart
1947 327 1972 346 ii-

1787 354 1846 383 dem.
1856 358 1880 373 ac
1887 354 1971 374 descri-
