2180 3205
181 316 231 342 Au.
251 313 364 342 c.1100

212 618 331 640 Exordium.

210 1068 361 1090 Monastertum

184 1095 281 1116 cistercii
313 1095 351 1115 sub

174 1123 306 1148 protectione
321 1121 359 1142 Se·

175 1149 207 1169 dis
226 1148 360 1174 Apostolicae

175 1175 296 1201 suscipitur.

208 1551 330 1571 Perturbat-i

185 1577 317 1602 prohibetur.

185 1950 301 1971 Concordia
311 1956 357 1970 cum

171 1977 301 1997 monasterio
313 1976 357 1996 Mo-

171 2004 264 2023 lismensi
283 2003 358 2024 contir-

171 2032 246 2050 matur.

197 2384 293 2405 Hui-tatio
320 2389 356 2410 pa·

171 2411 262 2431 ntor-alix.

437 311 509 344 210

984 315 1065 339 nULt.
1071 314 1175 337 tltlLM
1198 313 1266 335 ttonl
1271 312 1360 335 ANUM

387 374 506 405 paschalis
537 374 657 413 episeopus
686 381 763 402 servus
790 380 905 401 servorum
930 369 982 407 Dei,
1013 368 1138 398 venerabi.i
1182 368 1210 402 in
1248 366 1357 401 vestiis
1390 363 1538 400 cordibus
1574 363 1602 397 h
1606 362 1690 397 ibere
1721 362 1868 409 satagite
1895 368 1930 396 ut

424 418 472 448 tilio
495 416 602 447 'llberico
618 416 670 445 nori
693 416 826 445 monasterii
840 415 927 452 abbati
944 413 1004 453 quod
1028 414 1049 442 in
1072 413 1138 443 Cabi-

424 462 502 492 lonen.
535 460 642 499 parochia
667 461 736 489 situm
768 464 819 497 est,
849 460 943 497 eiusque
969 457 1139 488 successoribus

425 505 564 544 regulariter
591 504 767 542 substituendis,
787 504 810 533 in
829 508 975 542 perpetuum,
999 503 1097 532 salutern
1115 506 1137 531 et

422 548 573 588 apostolicam
593 547 794 578 benedictionem.

430 614 646 655 Desiderium,
673 614 757 661 quod
785 613 822 649 ad
851 613 1032 660 religiosum
1062 625 1136 659 pro-

381 664 542 711 positum,
564 671 594 698 et
616 664 791 699 animarum
817 663 949 698 salutem
979 662 1135 709 pertinere

381 720 587 760 monstratur,
609 722 737 748 auctore
764 713 844 754 Deo,
872 713 942 747 sine
964 712 1066 759 aliqua
1089 719 1135 746 est

380 762 531 798 dilatione
552 762 787 810 complendum.

430 811 522 847 Unde
549 825 619 856 nos,
641 824 659 846 o
687 811 741 846 filii
771 824 802 846 in
829 810 966 846 Domino
995 809 1134 845 dilectis-

379 861 464 906 simi,
487 862 564 896 citra
587 861 802 896 difficultatem
821 872 947 895 omnem
961 867 1131 894 vestrarum

379 923 509 957 precum
538 911 722 958 petitionem
746 909 959 948 admittimus,
988 909 1061 955 quia
1084 920 1134 943 re-

378 959 487 1005 ligioni
535 968 654 994 vestrae
702 968 832 1007 paterno
878 958 1134 1003 congratulamur

378 1008 503 1044 affectu.

426 1058 447 1105 g
473 1063 501 1092 t.
532 1057 650 1092 Locum
680 1057 775 1103 igitur
797 1056 900 1100 illum,
924 1068 1018 1102 quem
1042 1055 1133 1090 inha-

378 1106 545 1141 bitandum
572 1119 627 1153 pro
654 1106 760 1153 quiete
788 1106 961 1140 monastica
983 1104 1132 1150 elegistis,

377 1156 417 1191 ab
452 1157 595 1190 omnium
632 1155 810 1190 mortalium
845 1154 998 1189 molestiis
1031 1162 1131 1188 tutum

377 1217 413 1240 ac
441 1205 575 1240 liberum
611 1205 675 1239 fore
710 1204 887 1242 sancimus;
915 1212 944 1237 et
975 1202 1131 1237 abbatiam

377 1255 442 1289 illic
470 1262 622 1301 perpetuo
645 1253 764 1297 haberi,
787 1265 822 1287 ac
849 1252 908 1287 sub
930 1252 1132 1299 Apostolicac

376 1303 470 1339 Sedis
493 1304 588 1338 tutela
615 1303 795 1350 specialiter
821 1302 955 1357 protegi
979 1300 1129 1348 quamdiu

378 1365 433 1395 st
446 1361 476 1388 et
495 1364 695 1387 successores
711 1351 802 1386 vestii
821 1352 851 1385 in
867 1363 913 1394 ca,
928 1363 1021 1397 quam
1039 1350 1132 1384 hodie

378 1401 571 1442 observatis,
593 1400 779 1455 disciplinae
805 1412 841 1435 ac
868 1399 1053 1446 frugalitatis
1075 1398 1132 1433 ob-

378 1451 534 1486 servantia
558 1450 809 1497 permanseritis:
839 1427 936 1483 salvaD
943 1447 1129 1482 Cabilonen

377 1500 539 1535 Ecclesiae
554 1511 702 1533 canonica
718 1498 901 1533 reverentia.

427 1550 447 1596 ἓ
474 1553 506 1582 2.
529 1548 708 1582 Praesentis
742 1548 846 1594 itaque
874 1546 990 1581 decreti
1020 1545 1130 1593 pagina

379 1597 611 1641 interdicimus,
634 1609 672 1631 ne
695 1597 844 1643 cuiquam
872 1596 1002 1630 omnino
1025 1607 1131 1642 perso-

378 1660 437 1683 nae
463 1646 556 1681 liceat
581 1654 696 1680 statum
733 1654 852 1680 vestrae
885 1644 1131 1679 conversationis

379 1697 556 1736 immutare,
579 1707 681 1742 neque
708 1695 813 1738 vestri,
836 1693 920 1741 quod
944 1705 1061 1728 novum
1080 1693 1130 1726 di-

378 1746 470 1785 citur,
503 1744 645 1779 coenobii
686 1744 857 1778 monachos
890 1743 958 1777 sine
996 1742 1129 1788 regulari

378 1793 654 1829 commendatione
669 1793 849 1839 suscipere3
873 1803 974 1838 neque
997 1803 1131 1837 congre-

377 1844 534 1889 gationem
560 1851 690 1877 vestram
714 1842 837 1876 astutiis
852 1840 1058 1888 quibuslibet,
1077 1848 1129 1874 aut

380 1891 534 1927 violentiis
563 1891 756 1938 perturbare.

429 1941 489 1987 S*
472 1955 502 1974 o.
532 1940 608 1974 Eam
636 1952 710 1975 sane
737 1936 967 1974 controversiae
994 1937 1131 1972 decisio-

380 2002 464 2033 nem,
478 2001 571 2036 quam
592 1989 673 2023 inter
696 2001 750 2023 vos
772 1996 801 2023 et
814 1987 1028 2022 'llohsmensis
1042 1986 1130 2021 clau-

379 2039 432 2073 stri
450 2017 622 2072 monachos
645 2038 738 2072 frater
761 2045 865 2072 noster
886 2036 1034 2077 Lucruun.
1061 2036 1130 2082 cpi-

378 2099 507 2133 scopus,
531 2095 605 2121 tunc
631 2086 833 2133 Apostolicae
863 2085 957 2120 Sedis
986 2085 1129 2129 vicarius,

380 2148 452 2171 cum
484 2135 661 2182 provinciae
689 2147 763 2170 suae
797 2135 969 2182 episcopis,
999 2134 1130 2179 aliisque

381 2185 537 2231 religiosis
551 2185 638 2229 viris,
651 2197 687 2218 cx
702 2191 867 2231 praecepto
884 2182 1131 2229 praedecessoris

379 2234 477 2269 nostri
525 2234 715 2280 apostolieae
751 2233 919 2267 memoriae
953 2231 1070 2266 Urbani
1103 2231 1130 2265 ΙΙ

381 2283 571 2329 impetravit,
600 2294 656 2316 nos
679 2290 835 2328 tamquam
859 2280 1078 2315 rationabilem
1095 2292 1131 2314 30

380 2331 570 2366 laudabilem
592 2331 828 2366 confirmamus.

429 2380 449 2426 S
474 2382 508 2413 4.
536 2379 599 2414 Vos
628 2380 731 2424 igitur,
760 2379 813 2413 lilii
837 2379 868 2413 in
896 2378 1023 2413 Christo
1050 2377 1131 2411 dile-

380 2429 509 2462 ctissimi
552 2441 587 2463 30
625 2427 905 2472 desideratissimi,
949 2426 1131 2461 meminisse

381 2477 514 2518 debetis.
536 2477 607 2523 quia
641 2489 711 2523 pais
739 2477 829 2511 restri
855 2475 1033 2510 saeculares
1060 2475 1130 2508 lati-

383 2525 521 2566 tudines
545 2538 615 2572 pars
630 2526 714 2572 ipsas
728 2526 818 2560 etiam
839 2523 1020 2559 monasterii
1034 2523 1132 2557 laxio-

382 2574 424 2608 ris
446 2574 551 2608 minus
584 2582 722 2608 austeras
756 2574 926 2628 angustias,
949 2572 1129 2618 reliquistis.

383 2621 423 2657 Ut
444 2634 518 2668 ergo
535 2623 593 2656 hac
613 2635 739 2669 semper
760 2623 856 2668 gratia
879 2621 1040 2667 digniores
1061 2633 1133 2655 cen-

382 2670 526 2716 seamini,
554 2670 610 2706 Dei
636 2683 760 2718 semper
776 2671 918 2706 timorem
941 2678 971 2705 et
992 2681 1130 2705 amorem

1179 424 1296 471 quanto
1318 428 1333 449 3
1361 413 1574 449 saecularibus
1602 412 1789 447 tumultibus
1803 410 1929 445 eideti-

1179 467 1236 499 ciis
1258 464 1422 499 liberiores
1436 463 1524 502 estis
1546 469 1630 496 tanto
1652 461 1787 508 amplius
1806 460 1929 508 placere

1179 515 1245 549 Deo
1274 515 1368 549 totius
1398 512 1512 546 mentis
1541 519 1572 546 et
1602 511 1725 546 animae
1760 511 1927 547 virtutibus

1177 563 1342 599 anheletis.

1224 614 1244 660 ἓ
1267 617 1299 648 5
1322 612 1405 648 Sane
1427 611 1451 646 si
1468 610 1539 666 quis
1561 610 1592 644 in
1615 610 1786 645 crastinum
1802 611 1928 646 archie-

1178 662 1327 710 piscopus
1360 669 1413 696 aut
1446 661 1638 707 episcopus,
1672 660 1841 706 imperator
1873 668 1926 695 aut

1178 724 1241 756 rex,
1269 712 1416 759 princeps
1437 718 1489 744 aut
1510 709 1589 753 dux,
1620 721 1726 744 comcs
1756 718 1809 744 aut
1836 709 1927 746 vice-

1177 773 1294 805 comes,
1322 760 1425 801 iudex,
1447 766 1501 794 aut
1526 759 1736 794 ecclesiastica
1757 758 1926 806 quaelibet,

1175 810 1382 845 saecularisve
1410 821 1553 864 persona,
1581 808 1661 843 hanc
1694 816 1819 844 nostiae
1846 821 1926 844 con-

1175 860 1347 895 stitutionis
1376 859 1520 906 paginam
1553 858 1680 892 sciens.
1713 867 1822 893 contra
1855 871 1924 894 earn

1176 918 1293 944 temere
1304 909 1415 944 venire
1437 908 1612 947 tentaverit,
1634 907 1776 942 secundo
1794 908 1925 944 tertiove

1174 958 1376 999 commonita,
1404 958 1428 992 si
1452 969 1513 991 non
1541 956 1754 991 satisfactione
1785 969 1924 1004 congrua

1174 1008 1407 1047 emendaverit,
1444 1006 1603 1052 potestatis
1644 1005 1837 1053 honorisque
1875 1008 1924 1042 sui

1174 1057 1326 1102 dignitate
1347 1063 1460 1095 careat,
1475 1067 1621 1109 reamque
1635 1066 1668 1089 se
1682 1055 1789 1090 divino
1805 1056 1923 1091 iudicio

1174 1107 1309 1140 existere
1337 1105 1375 1140 de
1411 1112 1585 1159 perpetrata
1613 1104 1777 1150 iniquitate
1803 1117 1923 1151 cogno-

1173 1163 1254 1195 scat3
1277 1163 1305 1189 et
1333 1166 1349 1188 3
1376 1153 1588 1188 sacratissimo
1615 1152 1756 1199 Corpore
1783 1162 1814 1189 et
1834 1154 1924 1189 San-

1173 1204 1268 1249 33130
1294 1203 1352 1238 Dei
1375 1211 1404 1238 et
1427 1198 1554 1237 Domini
1580 1201 1803 1258 Redemptoris
1825 1204 1923 1239 nostri

1175 1253 1243 1287 lesu
1271 1252 1387 1287 Christi
1406 1252 1507 1287 aliena
1530 1251 1592 1293 fiat,
1615 1259 1707 1298 atque
1729 1252 1761 1287 in
1783 1261 1923 1288 extremo

1173 1302 1315 1337 examine
1341 1301 1500 1336 districtae
1523 1300 1632 1335 ultioni
1658 1301 1829 1336 subiaceat.

1221 1351 1240 1398 ἓ
1275 1353 1307 1385 6.
1343 1350 1476 1385 Cunctis
1502 1359 1606 1385 autem
1634 1350 1735 1384 eidem
1764 1350 1834 1386 loco
1867 1364 1923 1386 sua

1174 1400 1238 1434 iura
1252 1399 1451 1435 servantibus
1466 1400 1505 1434 sit
1522 1411 1579 1445 pax
1596 1400 1634 1434 D.
1649 1399 1687 1434 N.
1701 1399 1771 1434 lesu
1790 1400 1922 1445 Christi,

1172 1458 1327 1504 quatenus
1358 1457 1387 1483 et
1419 1448 1470 1483 hic
1505 1448 1623 1483 fructus
1656 1448 1757 1484 honae
1790 1450 1923 1484 actionis

1173 1498 1367 1553 percipiant,
1402 1505 1432 1532 et
1463 1497 1547 1544 apud
1571 1497 1749 1532 districtum
1783 1498 1921 1534 Iudicem

1174 1547 1308 1593 praemia
1331 1555 1476 1582 aeternae
1499 1546 1584 1593 pacis
1606 1547 1777 1582 inveniant
1805 1548 1920 1583 Amen.

1172 1597 1285 1631 Amen.
1308 1596 1422 1631 Amen.

1220 1645 1292 1680 EGo
1331 1645 1514 1680 PAscuALis
1555 1644 1725 1679 catholicae

1171 1694 1340 1741 episcopus
1361 1693 1546 1740 subscripsi.

1220 1743 1290 1778 Dat.
1335 1743 1446 1777 Troiae
1495 1755 1550 1789 per
1597 1755 1724 1777 manum
1771 1743 1922 1780 Iohannis

1171 1792 1204 1827 S.
1222 1792 1260 1827 R.
1283 1793 1321 1827 E.
1345 1791 1650 1827 diaconicardinalis
1672 1791 1813 1828 kalendis
1835 1795 1921 1836 maii,

1172 1841 1343 1876 indictione
1361 1850 1479 1881 octava,
1504 1842 1725 1876 incarnationis
1743 1841 1922 1878 dominicae

1171 1903 1253 1925 anno
1280 1903 1337 1934 Mc,
1360 1889 1559 1937 pontificatus
1580 1897 1683 1925 autem
1707 1891 1827 1925 domini
1852 1892 1921 1927 Pa-

1171 1940 1286 1974 schalis
1312 1939 1456 1979 secundi,
1479 1951 1501 1972 1.

1258 1996 1318 2026 Dat.
1337 1996 1383 2026 die
1404 1996 1415 2025 1
1436 1995 1505 2024 maii
1521 2004 1597 2024 anno
1614 1994 1730 2024 Domini
1747 1995 1833 2033 1100,

1430 2039 1531 2078 pontif.
1553 2048 1628 2068 anno
1650 2047 1669 2069 1.

1764 1644 1923 1682 Ecclesiae

1526 2187 1578 2222 IV.

1222 2264 1423 2309 Privileqium
1451 2264 1604 2297 Troianae
1630 2263 1784 2298 Ecclesiae
1810 2266 1867 2308 (1).

1440 2337 1655 2367 SUMMARIUM

1172 2402 1338 2432 Exordium.
1355 2419 1394 2425 —
1409 2402 1526 2432 Troiani
1543 2402 1673 2441 episcopi
1685 2412 1699 2431 3
1713 2401 1833 2431 Summo
1847 2400 1923 2431 Pon-

1214 2448 1290 2476 tifice
1308 2447 1512 2476 consecrandi.
1531 2463 1571 2469 -—
1587 2446 1730 2475 Omnibus
1748 2450 1776 2475 et
1794 2445 1920 2482 singuliS

1212 2491 1344 2520 eiusdem
1363 2490 1512 2519 Ecclesiae
1526 2490 1611 2519 bonis
1635 2489 1777 2526 fruantur,
1809 2488 1921 2526 absque

1212 2535 1303 2564 ullius
1322 2543 1464 2573 personae
1475 2535 1511 2571 vi,
1528 2535 1589 2563 sire
1605 2533 1747 2562 molestia.
1761 2549 1801 2554 —
1813 2531 1922 2561 Solitae

1211 2579 1373 2608 clausulae.
1395 2594 1435 2601 —
1455 2577 1604 2607 Paschalis
1636 2576 1688 2605 1¹1³.
1720 2580 1748 2606 et
1778 2575 1806 2606 S.
1829 2575 1862 2604 tt.
1888 2574 1921 2604 Ε.

1211 2622 1407 2652 cardinalium
1430 2621 1676 2660 subscriptiones

1209 2679 1247 2714 (t)
1265 2678 1351 2705 Edidit
1371 2677 1472 2713 Ughell.
1491 2677 1547 2704 [tal.
1565 2677 1623 2704 Sac.
1643 2681 1706 2704 tom.
1720 2684 1739 2703 1.

1949 308 2000 335 An.
2021 307 2048 336 C.
2062 306 2133 337 1¹00
2179 285 2180 294 i

2172 533 2180 613 1

1976 613 2061 634 Poenae
2084 619 2133 635 con·
2172 612 2173 622 ¹

1950 642 1983 661 tra
2021 641 2132 662 violatores
2172 662 2174 665 ,

1950 667 2055 694 privilegii
2065 667 2134 689 huius.

1959 1355 2083 1377 Benedictio
2088 1355 2132 1377 san·

1950 1382 2081 1413 torumhfticti
2089 1387 2132 1404 mo-

1949 1412 2043 1430 uastum.

1962 1660 2034 1690 Papae
2044 1659 2132 1680 subscri-

1948 1689 2000 1712 ptto.
