2180 3205
144 260 180 285 Avi
209 259 227 283 (ἶ
263 257 328 284 ΠΠΟ

184 801 219 822 Ex·
229 807 238 822 r
247 801 304 821 lium.

170 1622 276 1643 (monnica
291 1622 341 1643 flar-

157 1650 274 1670 tebet-enus
304 1650 341 1669 >ub

158 1677 224 1696 tutela
240 1676 302 1695 Sedis
318 1677 340 1695 A«

157 1702 274 1728 pustulicae
290 1708 342 1722 rcci-

158 1731 227 1754 fitur:

186 1882 252 1907 Eique
288 1882 343 1902 hona

160 1915 237 1929 numia.
259 1914 284 1927 ac
308 1909 344 1927 do-

160 1938 256 1954 nationes
271 1934 344 1955 contir-

160 1964 249 1981 mantus:

192 2376 243 2396 Cum
265 2376 350 2396 decreto

166 2408 190 2422 (⁸1
207 2406 305 2427 beytr-»ms

181 2435 331 2454 ΓΊΙΙᾹὶῑῚΙΠἯῖΠΟ

166 2461 269 2481 personae
288 2462 312 2475 tw
323 2456 350 2476 le-

166 2482 213 2505 atta,
229 2482 255 2505 xi,
270 2484 310 2502 etc.

404 226 449 257 56
919 230 1109 254 armanum

384 288 462 317 bona
491 287 606 323 onmia,
625 295 657 316 ac
677 285 849 316 donationes
876 285 1099 314 confirmantur.

382 343 422 350 -
433 327 504 356 Cum
518 327 635 356 decreto
648 324 841 363 exemptionis
858 333 872 353 a
885 324 1100 363 cuiuscumque

384 375 529 406 personae
546 365 691 401 molestia,
710 365 736 393 vi
753 368 808 393 etc.
823 380 862 385 -
878 362 1069 402 Praepositus
1085 373 1099 392 a

388 405 542 436 canonicis
561 404 726 442 eligendus.
744 419 784 424 —
810 403 972 433 Anatltema
992 403 1020 432 in
1041 403 1101 432 vio-

388 446 498 476 latores
517 444 663 484 privilegii
682 442 781 472 liuius.

348 524 500 554 Alexander
519 523 660 558 episcopus
680 527 775 549 servus
799 526 939 549 servorum
956 520 1001 549 Dei
1014 541 1021 553 ,
1041 521 1102 549 Ere-

392 569 469 597 boldo
488 566 645 603 praeposito
664 565 867 594 nartetiecensis
895 565 1042 593 canonicae
1076 565 1100 593 S.

391 612 552 644 salvatoris,
581 611 652 639 sitae
680 610 709 638 in
739 610 897 646 episcopatu
925 609 1101 642 noviomensi.

391 657 549 692 cunctisque
569 655 627 684 suis
647 654 847 683 successorihus
860 654 1030 690 regularIter
1042 660 1102 690 pro-

389 701 539 734 movendis,
559 701 589 729 iu
604 701 775 736 perpetuum.

397 775 661 823 Quandoquidem
675 774 800 809 divinae
814 773 1029 821 providentiae
1043 773 1105 808 dis-

349 826 533 873 pensatione
548 824 733 860 universalis
747 823 1027 858 administrationis
1046 835 1105 857 cu-

350 887 416 910 ram
451 874 661 921 suscepimus,
688 885 726 907 ex
753 872 860 907 debito
887 873 985 906 nostri
1013 871 1104 906 officii

350 924 494 972 cogimur
513 924 637 958 cunctis
658 922 810 957 Ecclesiis
833 933 888 969 per
909 921 1019 956 orbem
1043 930 1105 955 ter-

351 985 458 1009 rarum
470 972 532 1008 late
545 972 668 1007 diffusis
688 970 863 1019 providere,
877 979 907 1006 et
921 970 1106 1005 utilitatibus

351 1034 472 1061 earum,
508 1033 545 1056 ac
575 1021 666 1056 saluti
689 1021 875 1060 animarum,
905 1031 985 1067 quae
1007 1020 1039 1053 in
1062 1020 1107 1054 eis

352 1079 437 1110 sunt,
459 1070 564 1105 solerti
587 1069 692 1104 studio
720 1069 902 1115 invigilare,
926 1069 1106 1115 praesertim

354 1120 403 1155 liis
429 1120 517 1164 locis,
548 1131 629 1166 quae
651 1119 701 1165 pia
727 1118 880 1164 religione
907 1117 1025 1165 pollere
1047 1129 1107 1152 no-

353 1176 497 1208 scuntur,
531 1176 561 1203 et
594 1175 701 1202 nostro
732 1167 907 1201 munimine
929 1167 1108 1212 specialiter

353 1217 591 1266 quodammodo
617 1228 650 1251 se
678 1216 756 1250 tueri
785 1216 896 1250 humili
926 1227 1018 1262 prece
1045 1215 1109 1250 de-

356 1274 504 1315 poscunt,
526 1267 579 1313 qui
603 1265 634 1300 in
662 1265 707 1300 eis
729 1265 858 1309 habitat,
880 1265 1019 1299 Domino
1041 1276 1110 1299 ser-

354 1316 507 1350 vientium
530 1316 657 1354 chorus,
672 1323 838 1361 quatenus,
862 1326 878 1348 a
897 1314 1023 1348 turbine
1041 1326 1111 1348 sae-

356 1365 510 1400 cularium
541 1364 761 1399 adversitatum
784 1372 888 1398 nostra
917 1363 1110 1409 protectione

356 1414 489 1458 defensi,
511 1413 642 1448 liberius
663 1421 732 1447 vota
759 1424 815 1446 sua
837 1413 1016 1447 continuata
1043 1412 1111 1446 Do-

360 1463 449 1497 mino
474 1462 616 1501 reddere,
638 1470 668 1496 et
689 1461 811 1502 eodem,
838 1473 902 1508 quo
928 1469 1110 1508 caeperunt,

359 1521 469 1547 sancto
504 1510 666 1558 proposito
700 1522 801 1557 usque
828 1511 858 1545 in
888 1510 983 1545 linem
1010 1510 1112 1544 securi

361 1572 562 1609 perseverare
584 1559 793 1607 praevaleant.

407 1609 512 1652 Quare
533 1621 606 1644 cum
622 1610 796 1643 interventu
816 1608 993 1656 praeclarae
1020 1608 1114 1643 comi-

359 1659 453 1694 tissae
488 1658 617 1702 Adelae,
644 1666 710 1692 tum
739 1658 799 1692 tuis
825 1658 945 1692 devotis
967 1657 1114 1704 precibus

360 1708 444 1751 flexi,
479 1707 593 1742 dilecte
623 1707 678 1748 fili,
712 1715 742 1741 tc
775 1719 811 1741 ac
847 1707 1112 1754 praenominatam

361 1757 555 1792 Canonicam
577 1768 649 1791 cum
682 1756 831 1790 omnihus
857 1756 922 1790 suis
951 1756 1114 1802 pertinen>-

362 1806 447 1841 tibus
479 1805 539 1840 sub
572 1805 666 1840 tutela
697 1805 887 1851 apostolicae
921 1804 1116 1840 defensionis

363 1854 578 1901 suscipimus3
612 1861 642 1888 et
672 1854 896 1888 confirmamus
930 1854 989 1887 iam
1017 1854 1116 1888 dictae

363 1903 533 1939 venerabili
567 1902 747 1938 Canonicae
772 1903 924 1950 quidquid
965 1903 1117 1937 hactenus

367 1953 479 1988 habuit
512 1960 573 1987 tam
601 1952 765 1997 largitione
786 1953 1000 1999 piissimorum
1024 1952 1118 1998 prin—

365 2003 484 2048 cipum,
506 2013 601 2048 quam
629 2001 787 2036 oblatione
819 2013 1118 2047 quorumquumque

366 2051 530 2091 fidelium,
565 2050 648 2084 iuxta
690 2049 876 2084 nobilissimi
917 2058 1118 2096 praeceptum

369 2100 451 2144 regis
472 2099 666 2134 Francorum
693 2098 844 2146 Philippi,
868 2107 898 2133 ct
921 2108 1118 2145 praeceptum

367 2148 513 2183 Balduini
534 2148 754 2182 Noviomensis
779 2149 936 2195 episcopi3
960 2152 1007 2182 vel
1029 2148 1120 2182 dein-

369 2210 444 2244 ceps
472 2197 614 2232 babitura
635 2206 682 2232 est
708 2205 768 2231 tarn
793 2197 822 2231 in
847 2197 947 2241 terris,
974 2209 1068 2243 quam
1091 2197 1120 2231 in

370 2247 481 2285 vineis,
503 2254 533 2281 et
559 2246 651 2287 villis,
673 2254 704 2280 et
730 2246 871 2281 ecclesiis
899 2246 1069 2280 maioribus
1093 2255 1118 2280 et

370 2295 559 2338 minoribus,
581 2296 794 2343 omnibusque
824 2296 919 2330 rebus
954 2295 1122 2329 mobilibus

372 2353 402 2380 et
429 2345 658 2385 immobilibus;
678 2345 717 2379 ita
741 2353 773 2379 nt
796 2357 855 2379 non
871 2344 1121 2390 liceatcuiquam

339 2412 351 2423 «ι
373 2393 652 2428 ecclesiasticarum
686 2393 731 2428 vel
766 2394 972 2428 saecularium
996 2405 1124 2439 magnae

376 2454 550 2490 parvaeque
577 2454 728 2489 personae
763 2443 1027 2489 praenominatam
1061 2442 1125 2476 Ca-

375 2491 521 2526 nonicam
555 2491 593 2526 de
621 2492 686 2526 suis
719 2492 901 2526 bominibus
940 2491 1124 2538 inquietare,

376 2541 423 2575 vel
452 2540 526 2587 quid
553 2540 592 2574 ab
614 2540 680 2574 cius
703 2541 769 2574 iure
791 2541 821 2575 iu
849 2541 989 2575 alienum
1023 2548 1125 2574 trans-

378 2589 472 2625 ferre:
499 2589 582 2624 salva
605 2589 637 2624 iu
659 2590 806 2625 omnibus
835 2590 955 2637 proprii
987 2590 1123 2636 episcopi

1137 229 1298 253 ROMANEM

1915 242 1964 269 An.
1985 241 2012 269 C.
2029 242 2099 269 1070

1144 283 1327 319 reverentia.
1356 283 1403 318 De
1426 282 1601 320 ordinando
1623 296 1695 320 vero
1719 285 1897 332 praeposito
1941 295 2099 321 Pravpoitusz

1915 328 2023 342 canonicis
2063 322 2098 342 eli-

1143 334 1173 368 iu
1197 333 1309 368 eodem
1333 332 1402 367 loco
1424 332 1484 367 boc
1505 333 1675 379 apostolica
1711 335 1897 370 auctoritate
1916 349 2002 375 gntus,

1143 382 1315 422 sancimus,
1338 388 1371 415 ut
1394 381 1500 416 nullus
1522 381 1566 416 ibi
1589 390 1898 430 praesumatquem-

1143 444 1237 479 quam
1266 442 1460 477 praeponere
1486 439 1592 466 contra
1628 433 1811 467 canonicam
1845 444 1898 467 re-

1144 481 1272 527 gulam,
1313 479 1369 514 sed
1408 479 1556 515 defuncto
1597 482 1775 528 praeposito
1813 493 1897 523 uno,

1145 529 1348 575 congregatio
1369 529 1463 574 eligat
1484 529 1531 563 vel
1560 529 1599 564 de
1625 529 1734 565 eadem
1761 542 1898 576 congre-

1145 579 1284 624 gatione,
1320 577 1345 612 si
1382 578 1424 612 ibi
1460 578 1592 613 idoneus
1623 579 1767 613 inventus
1794 579 1898 620 fuerit,

1146 627 1193 661 vel
1216 627 1254 661 de
1275 626 1347 671 alia,
1362 639 1455 673 quem
1474 627 1626 673 potiorem
1649 628 1729 662 vitae
1752 628 1899 662 meritum

1145 675 1426 720 commendaverit,
1444 676 1529 710 iuxta
1548 676 1730 711 canonicam
1747 677 1899 723 regulam.

1194 724 1302 771 Siquis
1338 737 1409 759 vero
1444 725 1538 759 huius
1574 734 1698 760 nostrae
1729 726 1901 760 sanctionis

1147 773 1342 820 privilegium
1370 774 1480 819 spiritu
1499 774 1667 820 superbiae
1681 775 1794 809 ductus
1821 787 1900 809 con·

1146 823 1276 863 traierit,
1304 832 1333 857 et
1362 823 1439 857 illud
1469 823 1498 856 in
1527 830 1627 857 totum
1662 831 1820 870 partemve
1851 824 1901 858 in-

1148 872 1291 918 fregerit;
1324 872 1383 906 nisi
1418 871 1601 906 admonitus
1635 871 1732 918 digna
1769 872 1901 907 satissa-

1147 921 1261 965 ctione,
1285 921 1369 968 quod
1398 921 1427 954 in
1457 921 1665 956 venerabilem
1689 921 1793 956 locum
1821 921 1901 956 deli-

1148 977 1268 1017 querat,
1291 969 1514 1010 emendaverit,
1543 970 1663 1004 noverit
1685 983 1718 1005 se
1736 970 1900 1017 apostolici

1149 1019 1354 1054 anathematis
1369 1019 1494 1054 vinculo
1510 1019 1739 1054 innodandum.
1754 1019 1796 1054 At
1818 1031 1903 1060 vero,

1149 1068 1202 1115 qui
1226 1069 1277 1115 pio
1302 1068 1417 1103 intuitu
1439 1076 1546 1103 custos
1568 1076 1598 1103 et
1620 1068 1802 1104 observator
1823 1069 1905 1103 exti-

1149 1118 1232 1157 terit,
1261 1125 1430 1164 perpetuae
1457 1117 1688 1153 benedictionis
1711 1117 1904 1153 abundantia

1152 1166 1320 1213 repleatur.

1200 1215 1314 1251 Datum
1350 1215 1496 1250 Laterani
1529 1215 1640 1262 quinto
1667 1215 1728 1249 kal.
1761 1215 1822 1250 feb.
1851 1227 1907 1262 per

1153 1276 1264 1298 manus
1286 1265 1370 1299 Petri
1399 1264 1526 1305 Clerici,
1554 1264 1717 1311 fungentis
1736 1264 1804 1299 vice
1821 1264 1907 1299 Petri

1152 1322 1278 1347 sauctae
1306 1314 1468 1348 Romanae
1489 1313 1652 1348 Ecclesiae
1674 1313 1855 1352 cardinalis,
1871 1325 1908 1348 ac

1153 1362 1399 1397 bibliothecarii:
1429 1375 1509 1397 anno
1533 1375 1605 1397 vero
1627 1362 1666 1397 ab
1689 1363 1906 1397 incarnatione

1152 1411 1278 1445 Domini
1307 1411 1474 1446 millesimo
1501 1412 1750 1458 septuagesimo:
1775 1410 1908 1457 pontifi-

1153 1468 1241 1494 catus
1274 1468 1378 1494 autem
1407 1460 1527 1494 domini
1555 1460 1725 1495 Alexandri
1753 1460 1859 1506 Papae
1877 1459 1909 1494 II

1155 1522 1251 1552 nono,
1275 1509 1446 1544 indictione
1473 1521 1544 1543 vlit.

1195 1565 1257 1595 Dat.
1277 1566 1323 1595 die
1342 1566 1378 1595 28
1398 1566 1523 1595 ianuarii
1543 1574 1619 1597 anno¹
1636 1565 1752 1594 Domini
1772 1565 1866 1603 1070,

1320 1605 1421 1644 pontis.
1441 1605 1597 1635 Alexandri
1616 1614 1692 1635 anno
1710 1614 1747 1635 rx.

1474 1728 1588 1762 xvltl.

1160 1803 1315 1835 Concessio
1343 1801 1566 1845 Salzbwyensi
1598 1801 1821 1842 archiepiscopo
1838 1827 1845 1835 .
1873 1806 1906 1833 ut

1207 1853 1413 1895 episcopatum
1459 1862 1553 1883 unum
1590 1850 1623 1882 in
1664 1861 1720 1882 sua
1757 1850 1907 1892 parochia

1208 1901 1371 1934 constituat
1397 1901 1452 1942 (l).

1428 1967 1642 1998 stantarum

1160 2031 1327 2061 Exordium.
1355 2047 1394 2052 —-
1415 2029 1526 2060 Causae
1544 2029 1756 2059 concessionis.
1784 2045 1824 2051 —
1850 2028 1908 2058 Fa-

1200 2072 1294 2100 cultas
1310 2071 1510 2109 episcopatum
1530 2070 1671 2107 erigendi.
1686 2085 1725 2090 —
1739 2069 1794 2103 Qui
1814 2073 1910 2097 tamen

1203 2110 1408 2148 Salaburgensi
1423 2110 1644 2148 archiepiscopo
1657 2108 1778 2137 omnino
1791 2108 1828 2136 sit
1843 2108 1912 2137 sub·

1201 2151 1314 2185 iectus3
1341 2154 1368 2178 et
1395 2149 1552 2187 episcopus
1573 2158 1624 2187 per
1654 2157 1721 2177 eum
1745 2148 1912 2177 nominetur

1203 2194 1231 2219 et
1249 2193 1446 2219 consecretur.
1472 2205 1512 2210 —
1540 2188 1655 2218 Poenae
1674 2192 1772 2217 contra
1791 2191 1913 2216 temera-

1203 2235 1278 2259 tores
1298 2229 1443 2267 privilegii
1463 2228 1561 2257 liuius.

1163 2296 1313 2324 Alexander
1332 2295 1472 2331 episcopus
1489 2301 1583 2322 servus
1607 2300 1746 2322 servorum
1775 2291 1838 2324 Dei,
1867 2291 1912 2319 Ge·

1207 2341 1324 2368 beliardo
1343 2339 1533 2375 salzburgensi
1556 2338 1771 2374 archiepiscopo,
1803 2335 1911 2371 suisque

1209 2385 1418 2416 successor-ibim.
1439 2384 1467 2412 in
1485 2385 1655 2419 perpetuum.

1215 2446 1347 2488 Quoties
1369 2459 1404 2481 ea
1436 2446 1526 2480 nobis
1560 2452 1719 2492 petuntur,
1747 2455 1828 2491 quae
1859 2455 1912 2479 re-

1167 2497 1272 2542 ligioni
1313 2495 1526 2535 conveniunt,
1576 2501 1720 2541 prompta
1759 2493 1914 2528 debemus

1167 2547 1371 2580 concessione
1407 2555 1567 2586 annuere,
1601 2551 1630 2576 et
1665 2542 1778 2576 favoris
1818 2542 1915 2577 nostri

1202 2602 1240 2637 (t)
1258 2602 1295 2628 Ex
1314 2605 1377 2628 tom.
1395 2609 1405 2627 ι
1421 2600 1560 2637 Metropol.
1577 2599 1793 2634 Salisburgensis.

1948 749 2063 769 Anathema
2085 749 2105 768 in

1922 776 2035 796 violatores
2044 775 2107 800 prui-

1923 802 1971 828 legii
1985 802 2055 822 huius.

1964 2442 2084 2464 Exordium.
