2180 3205
441 251 505 286 896

497 324 715 368 chicpiscopo‚
737 326 914 359 cathedrali
939 326 1100 360 Ecclesiae
1121 328 1150 361 S.

497 378 659 411 Laurentii
680 379 811 412 Ianuen.
834 379 996 420 datorum,
1020 380 1095 414 3'11.

408 429 484 463 XIII.
513 430 722 464 Confirmatio
736 432 866 465 unionis
882 434 1153 468 monasteriorum

496 483 758 518 Bernhomiensis
783 490 815 518 et,
836 486 1078 528 Atiligimiensis
1100 488 1155 521 Ca-

497 547 657 570 meracen.
694 539 851 573 dioecesis
871 567 876 577 ,
913 551 1052 584 quorum
1075 542 1173 574 alter-1

496 592 586 625 alteri
617 592 797 626 subiectum
820 594 954 628 omnino
977 606 1050 628 cum
1077 607 1151 639 per-
1172 597 1174 622 '¹

498 645 639 679 tinentiis
664 647 815 681 omnibus
835 649 1029 689 declaratur,
1053 649 1128 683 312.

498 698 725 733 Monasterium
736 700 766 734 S.
778 701 970 745 Cucupliatis
979 702 1011 735 in
1024 703 1155 746 regione
1172 719 1173 740 t

495 753 644 795 Vallensi‚
662 754 720 788 soli
735 756 939 799 Apostolicae
952 756 1026 791 Sedi
1046 758 1154 791 subie-

496 813 583 840 ctum
603 808 797 849 declaratur,
819 809 952 854 eiusque
973 811 1058 845 bona
1079 823 1153 845 oin-

494 861 547 894 nia
568 872 641 894 cum
654 862 868 906 pertinentiis,
893 864 1038 905 decimis,
1063 865 1153 899 obla·
1172 862 1173 877 ³

495 914 638 948 tionibus
657 921 717 948 etc.
742 916 989 957 confirmantur,
1013 917 1087 951 313.

498 967 706 1011 privilegium
721 969 980 1004 confirmationis
992 972 1153 1006 bonorum
1171 974 1173 992 ⁴¹

495 1023 640 1056 omnium
657 1052 664 1061 ,
692 1025 733 1057 ad
759 1025 966 1059 Casauriense
992 1033 1173 1061 monaste-3

496 1076 580 1109 rium
589 1078 1151 1123 quomodolibetspectantium,317.
1171 1094 1172 1123 ξ

406 1129 481 1163 XVI.
510 1130 656 1164 Facultas
687 1131 795 1165 Ottoni
827 1133 866 1166 de
893 1133 1002 1167 Castro
1034 1134 1173 1181 lringhil

494 1184 715 1218 aedificandae
729 1186 892 1227 ecclesiae,
906 1194 935 1220 et
945 1189 1154 1221 construendi
1171 1183 1173 1215 l

495 1238 682 1271 monasterii
703 1239 762 1271 sub
788 1239 881 1272 certis
899 1241 1150 1281 conditionibus,
1170 1238 1173 1279 l

495 1290 569 1324 318.
1170 1323 1171 1337 ,

405 1343 495 1378 XVII.
508 1345 940 1381 MonasteriiTrenorciensis
948 1348 1154 1392 privilegium
1170 1360 1171 1390 1

496 1399 708 1443 exemptionis
728 1401 768 1433 ab
789 1401 878 1434 omni
892 1403 1049 1436 saeculari
1064 1409 1153 1447 pote·
1170 1391 1172 1444 l

495 1459 576 1486 state
597 1459 626 1486 et
639 1453 814 1498 episcopali
835 1454 1149 1496 iurisdictioness‘lss.

407 1505 508 1539 XVlll.
532 1507 740 1550 Privilegium
762 1509 975 1543 maternitatis
993 1510 1153 1545 Ecclesiae
1169 1518 1172 1562 ὲ

495 1560 525 1593 S.
547 1561 686 1602 Ioannis,
704 1572 768 1605 quo
782 1563 941 1596 sententia
962 1563 995 1596 in
1015 1565 1153 1598 concilio
1170 1591 1171 1595 ,

494 1614 717 1648 'l'renorciensi
738 1615 802 1648 lata
823 1616 1045 1658 confirmatur,
1074 1617 1148 1652 319.
1170 1617 1171 1620 ’

406 1667 482 1702 XIX.
507 1668 706 1712 Approbatio
731 1669 866 1703 instituti
887 1671 1044 1713 regularis
1057 1661 1171 1719 cano-ff

494 1722 643 1756 nieorum
664 1723 826 1757 Ecclesiae
846 1723 876 1758 S.
902 1725 1027 1758 Martini
1037 1725 1069 1758 in
1078 1722 1171 1767 Bar-l

494 1777 741 1820 eligetesgaden.
776 1778 992 1821 Salisburgen.
1027 1770 1171 1814 ‹hoece-3

495 1830 548 1870 sis,
576 1829 651 1863 322.
1169 1864 1171 1886 t

495 1883 696 1928 Oldeganus,
720 1886 968 1921 Tarraconensis
993 1888 1171 1932 archiepi-,

496 1948 624 1982 scopus,
648 1939 772 1982 legatus
791 1939 881 1973 Sedis
896 1941 1099 1984 Apostolicae
1113 1943 1153 1976 ad
1169 1976 1171 1985 Ι

495 1983 683 2023 exercitum,
701 1989 813 2017 contra
834 1985 1011 2019 Saracenos
1030 1986 1064 2019 iu
1084 1987 1153 2020 His-
1169 2015 1170 2025 ,

496 2027 599 2072 paniis
619 2034 779 2072 paratum,
807 2029 1023 2069 constituitur,
1051 2030 1126 2064 323.

406 2081 484 2115 XXI.
508 2081 714 2125 Privilegium
737 2083 899 2117 canonicis
914 2083 1153 2119 Veronensibus
1169 2079 1171 2091 “

497 2145 697 2177 concessum,
726 2135 801 2169 324.

407 2189 498 2223 XXII.
523 2189 756 2223 Reconciliatio
767 2190 894 2224 Henrici
910 2191 933 2223 V
947 2191 1153 2235 imperatoris

497 2245 569 2267 curn
591 2240 701 2267 sancta
719 2241 748 2268 et
766 2235 924 2269 catholica
937 2236 1078 2270 Ecclesia
1091 2237 1154 2270 Ro·
1170 2239 1171 2249 ¹

497 2289 603 2320 mana.
627 2278 701 2312 325.
1170 2281 1171 2286 ’

408 2331 560 2375 Sequitur
594 2333 754 2366 restitutio
786 2333 1071 2373 investiturarum,
1113 2333 1173 2370 ahi

496 2377 634 2410 Henrico
649 2377 845 2420 imperatore
859 2380 951 2417 sacta,
974 2378 1049 2412 325.
1074 2379 1153 2412 Sub-

499 2421 646 2465 sequitur
674 2422 791 2455 Callisti
816 2423 921 2467 Papae
949 2423 974 2457 11
994 2423 1153 2457 restitutio

494 2466 690 2508 regaliarum
722 2467 861 2500 Henrico
894 2467 1083 2511 imperatori
1107 2468 1152 2502 fa-

497 2516 557 2550 cta,
580 2509 655 2544 326.

409 2562 512 2596 XXIII.
541 2563 749 2597 Confirmatio
771 2565 936 2607 dignitatis
964 2565 1154 2609 primatialis

497 2607 667 2641 Toletanae
697 2609 880 2649 Ecclesiae,
913 2620 985 2643 cum
1011 2609 1154 2643 declara-

497 2651 595 2689 tione,
628 2658 663 2684 ut
683 2652 788 2686 eidem
809 2653 971 2687 subiectae
996 2654 1057 2687 sint
1077 2655 1150 2687 His·
1170 2687 1172 2694 ,

498 2696 668 2739 paniarum
702 2697 860 2731 Ecclesiae
899 2708 1011 2731 omnes
1030 2725 1037 2738 ,
1072 2704 1172 2742 quael

407 697 482 732 XIV.

406 966 468 1000 XV.

406 1884 470 1918 XX.

997 266 1179 290 BULLARIUM
1200 267 1351 291 ROMANUM

1278 340 1353 363 suos
1384 330 1561 363 amiserunt
1587 330 1759 374 episcopos
1785 336 1854 374 post
1881 331 1938 363 Sa·

1278 394 1471 417 racenornm
1494 385 1706 424 incursiones,
1730 384 1804 418 326.

1190 436 1293 469 xxiv.
1316 437 1515 480 Approbatio
1541 437 1675 471 instituti
1709 439 1865 481 regularis
1886 450 1937 472 ca-

1280 491 1471 524 nonicorum
1492 492 1774 525 Bermiedensium
1791 493 1822 525 in
1837 493 1938 526 eccle-

1279 544 1323 576 sia
1351 545 1456 577 Sancti
1486 545 1609 578 Martini
1642 547 1816 588 Augusten.
1847 546 1936 580 dioe-

1279 598 1367 634 cesis,
1393 598 1467 632 328.

1190 650 1279 683 XXV.
1305 651 1470 686 Militensis
1490 654 1630 687 Ecclesia
1646 655 1685 688 ab
1700 656 1936 703 archiepiscopi

1280 705 1503 740 iurisdictione
1535 708 1702 749 eximitur,
1735 710 1936 755 Sanctaeque

1278 758 1352 792 Sedi
1374 759 1559 794 immediate
1585 763 1766 803 subiicitur,
1790 763 1864 798 329.

1190 812 1293 845 xxvi.
1330 813 1469 847 Ecclesia
1501 816 1531 849 S.
1567 816 1728 850 Theodori
1761 819 1800 852 de
1827 819 1936 855 Rocha

1278 867 1447 901 Bovicorit.
1477 879 1493 901 a
1515 870 1685 904 Willermo
1699 872 1935 916 Petragoriensi

1278 920 1430 965 episcopo
1452 923 1570 956 donata
1595 926 1791 959 monasterio
1811 927 1936 961 Clunia-

1279 974 1377 1013 censi,
1402 975 1507 1009 eidem
1529 978 1752 1019 confirmatur,
1776 980 1851 1014 3⁹29.

1189 1027 1305 1060 xxi'lt.
1339 1029 1578 1073 Monopolitana
1603 1033 1745 1067 Ecclesia
1768 1035 1828 1068 soli
1850 1037 1934 1080 Apo-

1279 1082 1409 1115 stolicac
1442 1085 1515 1118 sodi
1543 1085 1686 1119 subiecta
1721 1088 1932 1129 declaratur;

1282 1135 1413 1180 eiusque
1434 1138 1604 1183 episcopus
1635 1140 1722 1174 clero
1749 1142 1935 1186 populoque

1278 1189 1445 1232 eligendus
1466 1193 1665 1232 conceditur,
1690 1193 1764 1227 330.

1190 1244 1319 1278 XXVIII.
1346 1246 1572 1280 Monasterium
1594 1250 1624 1282 S.
1645 1250 1795 1283 Macharii
1816 1262 1931 1285 mona-

1278 1291 1376 1324 sterio
1398 1293 1428 1324 S.
1457 1292 1565 1325 Crucis
1585 1294 1790 1337 Burdigalen.
1821 1296 1931 1329 subie-

1280 1341 1378 1372 ctum.
1401 1336 1592 1374 declaratur.
1617 1338 1690 1371 331.

1190 1390 1293 1422 XXIX.
1327 1390 1536 1424 Confirmatio
1570 1392 1686 1426 iurium
1710 1395 1855 1428 omnium
1877 1395 1935 1428 Pa-

1278 1445 1479 1478 normitanae
1501 1446 1672 1486 Ecclesiae,
1696 1448 1770 1482 :33-2.

1188 1498 1279 1531 XXX.
1304 1498 1512 1532 Confirmatio
1540 1500 1728 1535 irritationis
1754 1509 1784 1536 et
1815 1503 1931 1536 invali-

1278 1552 1415 1586 dationis
1443 1553 1707 1597 privilegiorum.
1743 1556 1864 1590 Pisanis
1885 1567 1935 1590 ar·

1277 1606 1490 1651 chlepiscopis
1521 1618 1770 1651 concessorum,
1794 1610 1833 1644 de
1859 1621 1934 1644 con-

1276 1660 1454 1694 secratione
1473 1661 1698 1706 episcoporum
1722 1663 1844 1697 insulae
1857 1664 1932 1698 Cor-

1276 1715 1371 1754 sicae,
1395 1714 1469 1748 333.

1188 1768 1292 1802 XXXI.
1317 1769 1513 1813 Compositio
1535 1771 1826 1805 controversiarum
1857 1784 1930 1805 ver-

1278 1814 1412 1847 tentium
1434 1814 1517 1847 inter
1537 1815 1709 1848 canonicos
1729 1816 1758 1849 S.
1783 1816 1934 1850 Iohannis

1277 1864 1307 1891 et
1327 1858 1357 1892 S.
1393 1859 1546 1902 Stephani
1573 1859 1758 1893 Bisuntinae
1784 1861 1930 1901 civitatis,

1277 1909 1307 1936 et
1338 1903 1547 1936 monitorium
1574 1910 1685 1938 contra
1705 1905 1879 1939 canonicos
1899 1907 1929 1940 S.

1276 1947 1428 1992 Stephani
1445 1976 1451 1985 ,
1487 1955 1520 1981 ut
1540 1948 1756 1992 privilegium,
1786 1961 1844 1994 per
1864 1961 1933 1984 eos-

1277 1992 1349 2025 dem
1371 2003 1388 2025 a
1415 1993 1559 2026 Paschali
1580 1993 1637 2026 ΡΡ.
1674 1994 1848 2039 obreptitie
1879 2006 1932 2029 ex-

1276 2043 1407 2077 tortum,
1443 2037 1579 2071 reddant
1600 2038 1659 2071 suh
1680 2049 1785 2082 poena
1805 2050 1933 2073 excom-

1276 2081 1515 2119 municationis,
1540 2081 1614 2115 336.

1189 2135 1309 2169 XXXII.
1334 2136 1367 2169 In
1387 2135 1471 2168 idem
1493 2143 1732 2179 argumentum.
1748 2136 1831 2170 337.

1188 2189 1320 2223 XXXIII.
1345 2190 1572 2224 Monasterium
1595 2191 1624 2224 S.
1649 2191 1778 2233 Georgii
1804 2191 1835 2224 in
1857 2202 1932 2235 par-

1276 2235 1360 2268 tibus
1393 2235 1595 2268 Venetiarum
1627 2236 1687 2269 soli
1730 2236 1932 2280 Apostolicae

1277 2279 1349 2312 Sedi
1375 2280 1556 2313 subiectum
1583 2280 1776 2320 declaratur,
1800 2280 1932 2324 eiusque

1277 2324 1361 2356 bona
1382 2324 1760 2366 omnia,confirmantur,
1781 2323 1854 2359 337.

1189 2378 1319 2411 XXXIV.
1344 2378 1571 2412 Monastcrium
1599 2379 1628 2412 S.
1658 2379 1775 2412 Mariae
1805 2379 1932 2413 Glasto-

1277 2422 1362 2455 nien.
1391 2422 1546 2456 dioecesis
1566 2423 1626 2456 sub
1646 2423 1847 2466 protectione
1878 2424 1932 2457 Se-

1277 2467 1537 2511 disApostolicae
1559 2467 1723 2511 recipitur,
1734 2467 1828 2512 eique
1847 2468 1933 2501 bona

1278 2512 1386 2544 omnia
1407 2517 1437 2545 et
1464 2511 1656 2545 donationes
1683 2513 1928 2556 confirmantur,

1189 2609 1306 2643 XXXV.
1340 2609 1549 2644 Confirmatio
1580 2610 1820 2644 immunitatum
1863 2621 1931 2644 om-

1277 2653 1378 2692 nium,
1406 2654 1446 2686 ab
1467 2654 1627 2698 episcopis
1639 2654 1753 2688 Baren.
1772 2661 1930 2688 monaste-

1278 2699 1326 2732 rio
1353 2698 1502 2732 Omnium
1543 2699 1735 2732 Sanctorum
1762 2709 1929 2732 concessa-
