2180 3205
79 300 127 328 Αη.
144 302 171 327 C.
194 301 260 327 ¹¹59

89 510 201 532 Ridiculum
225 512 256 531 la-

75 546 130 564 etum
151 543 198 563 inde
220 548 256 563 se-

75 577 151 595 Ullum.

81 951 179 979 Sequitur
200 958 251 973 nni·-

67 983 122 1004 ratio
149 983 251 1003 tumultu-

67 1019 109 1039 um,
132 1020 156 1034 uc
178 1014 249 1035 scele-

67 1051 120 1066 rum.

77 1500 178 1522 Detentus
193 1501 245 1523 Ale-

63 1533 149 1553 lauder.

74 1991 146 2019 l'opuli
165 1993 243 2014 clamor

61 2029 98 2049 pro
134 2029 160 2044 eo
189 2023 244 2045 lihe-

61 2055 134 2075 raudo.

72 2289 162 2312 Tandem
179 2297 191 2310 -ι
205 2295 242 2311 se-

61 2327 84 2340 ua
75 2321 140 2341 north
136 2327 175 2341 ιιι5-
168 2320 243 2342 -bono-

883 297 1076 320 ALEXANDt-:tt
1102 298 1135 319 ΙΙΙ
1167 298 1211 320 Ι’.Ρ

273 356 478 391 etcuiusdam
503 355 606 390 clerici
625 355 672 390 sni
695 354 879 390 ambitiosus
899 366 1018 390 assum-

275 406 349 452 psit3
382 414 412 440 ct
439 407 506 452 ipsc
534 405 633 448 idem,
660 405 732 452 quia
756 417 817 438 non
841 411 906 438 erat
927 404 1016 446 alius,

274 456 302 489 in
326 455 385 490 boc
412 467 506 502 opere
532 455 692 502 capellano
718 462 748 488 ct
775 454 887 488 clerico
918 453 1017 487 extitit

271 504 443 539 coadiutor.
472 504 587 538 Verum
611 516 648 538 cx
670 503 776 537 (livino
798 502 957 537 credimus
973 502 1017 536 iu-

270 554 352 588 dicio
389 554 579 601 contigisse,
616 553 699 600 quod
735 565 768 587 ea
804 564 874 599 pars
901 552 1015 592 manti,

270 616 349 649 quae
377 612 480 650 tegere
493 603 645 637 anteriora
661 602 821 644 debuerat,
845 601 950 635 multis
970 601 1015 635 vi-

269 653 416 687 dentibus
437 661 467 687 ct
489 652 672 689 ridentibus,
697 651 864 697 posteriora
881 650 1013 695 tegebat.

268 702 307 736 Et
329 715 399 737 cum
424 703 489 749 ipsc
511 702 591 736 idem
617 702 674 735 boc
701 699 868 735 emendare
893 700 1015 733 studio-

266 751 332 786 sius
355 752 520 794 voluisset,
547 751 619 798 quia
641 751 788 796 capitium
813 750 905 783 manti
928 757 1012 784 extra

266 813 300 836 se
322 809 428 849 raptus
449 813 509 835 non
534 808 653 848 poterat
670 799 820 838 iuvenire,
843 799 922 833 collo
942 798 1013 833 fim-

267 850 348 885 brias
369 850 590 893 circumduxit,
615 858 647 884 ut
669 849 775 883 saltem
801 856 923 882 mantus
946 849 1012 895 ipsc

265 912 424 947 appensus
441 900 468 936 ei
491 899 724 947 quodammodo
748 899 914 932 videretur.
939 898 1012 932 Sic-

265 962 327 996 que
349 950 463 985 sactum
498 957 560 987 cst,
589 957 622 983 ut
649 948 728 983 sicut
762 955 860 982 tortae
898 948 1012 983 mentis

264 1008 340 1044 crat,
362 1007 392 1035 et
407 999 590 1034 intentionis
611 997 768 1045 obliquae,
792 998 831 1031 ita
849 1009 885 1031 ex
908 1005 1011 1032 trans-

265 1061 352 1084 verso
379 1057 410 1084 et
435 1048 563 1096 obliquo
586 1056 725 1082 mantum
749 1047 841 1081 suerit
863 1046 892 1080 in
924 1048 1010 1081 testi-

263 1098 402 1134 monium
426 1110 501 1133 suae
528 1097 735 1132 damnationis
765 1096 903 1131 indutus.
938 1096 1009 1138 Quo

262 1147 354 1194 facto,
370 1156 475 1196 portae
491 1147 663 1191 Ecclesiae,
685 1158 765 1193 quae
788 1147 925 1180 lirmatac
946 1146 1010 1181 fue-

261 1205 341 1239 rant,
383 1205 582 1236 reserantur,
614 1205 645 1232 et
677 1205 867 1231 armatorum
903 1207 1007 1237 cunei,

260 1259 341 1294 qnos
372 1248 475 1291 (sicut
514 1259 552 1281 ex
586 1258 618 1281 re
651 1246 816 1293 apparuit)
856 1245 1007 1292 pecuniae

260 1296 424 1343 largitione
458 1296 661 1336 conduxerat,
688 1295 860 1341 evaginatis
893 1295 1007 1340 gladiis

260 1358 331 1382 cum
368 1347 522 1381 immenso
556 1346 688 1393 strepitu
722 1352 940 1389 cucurrertmt,
977 1353 1006 1380 et

261 1396 357 1443 pestis
384 1396 435 1431 illa
458 1394 627 1434 mortifera,
655 1395 727 1442 quia
752 1394 924 1429 cardinales
945 1395 1005 1441 epi-

259 1457 372 1493 scopos
398 1458 461 1481 non
489 1444 634 1485 babebat,
667 1452 856 1479 armatorum
884 1451 1004 1478 caterva

259 1494 393 1530 militum
422 1495 602 1530 vallabatur.
630 1494 755 1529 Fratres
776 1506 861 1537 vero,
884 1493 1005 1528 facinus

260 1552 320 1579 tam
338 1545 539 1588 immensum,
561 1552 591 1578 et
603 1556 619 1578 a
635 1544 769 1579 saeculis
784 1556 844 1577 non
861 1543 1002 1577 auditum

258 1606 295 1629 ex
322 1594 480 1642 insperato
502 1593 655 1633 videntes,
678 1601 707 1628 et
729 1593 942 1634 lormidamus,
965 1605 1004 1628 ne

257 1655 273 1678 a
295 1644 495 1679 conductitiis
507 1643 657 1678 militibus
672 1642 912 1683 trucidarentur,
935 1655 1003 1678 sese

257 1693 289 1728 in
311 1694 518 1728 munitionem
540 1692 702 1728 Ecclesiae
723 1692 887 1727 nobiscum
919 1694 1004 1740 pari-

256 1750 304 1777 ter
324 1751 528 1791 receperunt3
551 1743 657 1789 ibique
675 1755 784 1777 novem
808 1742 919 1776 diebus
933 1755 1002 1777 con·

258 1792 365 1834 tinnis,
398 1805 437 1828 ne
458 1792 571 1828 exinde
598 1792 693 1827 libere
725 1792 904 1836 exiremus,
933 1792 1003 1827 fecit

257 1853 315 1877 nos
328 1843 537 1890 quorumdam
557 1850 735 1877 senatorum
758 1854 901 1881 assensu,
923 1855 1002 1889 quos

257 1891 389 1939 pecunia
417 1892 519 1928 oblata
545 1902 741 1939 corruperat,
768 1891 818 1925 die
845 1900 1002 1938 noctuque

256 1949 373 1977 armata
396 1954 488 1977 manu
512 1955 583 1977 cum
606 1941 690 1975 omni
714 1941 872 1987 diligentia
895 1950 1003 1976 custo-

257 1991 327 2025 diri.
355 1990 438 2027 Sane
470 1992 587 2040 populo
622 1991 814 2025 incessanter
840 1999 870 2024 et
892 1991 1003 2037 iugiter

255 2041 461 2084 acclamante,
483 2050 513 2076 et
534 2054 565 2075 ιι]
588 2048 749 2076 senatores
771 2052 826 2086 pro
848 2019 942 2075 tantaD
948 2041 1003 2075 im-

257 2090 370 2137 pietate
404 2091 501 2125 multa
534 2091 725 2125 immanitate
753 2089 923 2129 fremente,
963 2090 1002 2125 de

255 2139 398 2175 custodia
419 2140 535 2175 fuimus
564 2140 647 2175 illius
675 2139 858 2174 munitionis
885 2140 1000 2186 erepti3

255 2189 309 2224 sed
326 2189 357 2224 in
372 2190 495 2225 arctiori
518 2198 548 2225 et
567 2189 670 2224 tutiori
695 2189 763 2224 loco
781 2189 863 2236 apud
885 2189 1001 2224 Trans-

255 2238 386 2286 tyberim
411 2252 468 2274 nos
490 2239 581 2274 iidem
605 2247 778 2278 senatores,
801 2246 925 2285 recepta
957 2239 1002 2273 in-

254 2289 293 2323 de
320 2289 467 2335 pecunia,
495 2295 676 2336 posueiunt.
713 2287 860 2334 Cumque
881 2300 998 2322 moram

61 2353 117 2372 unco
150 2337 370 2373 circum-ibidem
408 2338 504 2373 ferme
543 2350 598 2385 per
628 2337 764 2372 triduum
800 2338 1000 2379 lecissemus‚

60 2383 98 2402 dne
101 2385 141 2406 tut.

256 2387 402 2423 universo
424 2387 539 2435 populo
574 2395 690 2421 tantam
714 2386 923 2434 proditionem
953 2396 1000 2422 at-

253 2449 316 2492 que
337 2437 485 2472 malitiam
512 2436 550 2471 de
575 2445 698 2471 caetero
732 2436 908 2470 nullatenus
929 2448 1001 2471 sus-

253 2487 386 2531 tinente,
414 2494 574 2521 senatores
596 2498 666 2520 cum
695 2485 855 2519 nobilibus
884 2493 914 2520 et
943 2498 1002 2533 po-

254 2535 330 2583 pulo
351 2536 523 2574 venientes,
545 2547 604 2570 uos
625 2543 654 2570 ct
677 2534 786 2569 fratres
805 2542 927 2570 nostros
947 2548 1001 2582 per

254 2585 364 2620 urbem
387 2585 553 2632 magnifice
581 2592 612 2619 et
644 2583 816 2619 honorifice
838 2597 910 2619 cum
940 2585 1001 2619 im-

255 2635 373 2670 mensis
394 2634 541 2670 laudibus
567 2642 598 2669 et
620 2634 805 2681 praeconiis
840 2635 1000 2681 campanis

256 2685 348 2720 etiam
372 2684 402 2719 in
424 2685 556 2719 transitu
582 2692 687 2718 nostro
702 2683 909 2731 pulsantibus,
929 2697 1001 2719 con-

1686 287 1755 320 (υἱ)
1822 297 1872 324 An
1892 298 1921 325 c.
1936 300 2002 326 ¹¹59

1058 354 1140 388 duxc
1134 362 1232 392 ι·;ιιιιῑ
1254 363 1283 389 ct
1305 355 1350 389 sic
1377 354 1501 390 tandem
1529 367 1545 389 a
1567 353 1710 389 violeniin
1733 367 1803 399 pci-
1819 358 1890 385 Et*1³¹
1895 362 1968 387 ww·
1971 368 2002 382 ar-

1817 392 1844 410 tu
1847 391 1920 411 talibus
1942 392 1968 411 ali
1972 398 2001 412 ιι-

1057 404 1216 449 sequentis
1243 404 1353 459 erepti,
1375 412 1405 439 et
1427 412 1551 439 nostrae
1577 404 1688 439 redditi
1713 403 1802 437 libri·
1817 428 1862 472 '⁰0¹⁰
1909 423 1941 449 ptu
1931 423 2001 443 urum

1058 453 1126 491 tati,
1149 454 1292 500 sequenti
1315 453 1365 488 dic
1386 454 1546 489 dominico
1571 453 1802 488 tener-nbilibus
1815 489 1833 502 ,
1858 490 1892 503 e
1849 455 1970 504 [ξζζξυψ
1970 471 2002 505 ὦ

1058 502 1201 536 fratribus
1249 503 1364 537 nostris
1409 503 1562 549 Gregorio
1611 503 1776 538 Sabinensi
1792 531 1799 543 ,
1815 520 1854 537 ew·
1878 513 1915 534 tuit
1937 500 2001 536 elno-

1814 548 1882 566 nutus.

1057 550 1178 585 Ubaldo
1207 551 1377 607 llostiensi‚
1400 553 1595 593 Burnum-do,
1618 552 1799 593 NVabbcro,

1056 600 1135 634 lulio
1162 610 1190 634 (t
1222 602 1256 635 ll
1285 603 1458 649 episcopis,
1480 602 1692 637 cardinalibus
1713 615 1800 649 quo—

1055 662 1128 696 que,
1151 650 1329 694 abbatibus,
1342 630 1518 706 piioribus,
1544 651 1712 707 iudicibus⁷
1743 651 1801 686 ad-

1056 700 1182 744 vocatis,
1209 701 1389 743 scriniariis,
1414 701 1601 748 primicerio,
1633 709 1665 736 et
1693 701 1800 736 scbola

1054 727 1234 789 cantortim,
1270 750 1429 784 nobilibus
1462 751 1576 794 ctiam,
1600 758 1630 785 et
1663 750 1798 797 quadam

1055 806 1140 844 palte
1169 798 1207 833 de
1231 799 1348 846 populo
1371 800 1458 834 urbis
1492 778 1576 847 apud
1610 799 1798 846 Nimpbam,

1054 860 1114 882 non
1139 848 1229 894 longe
1256 849 1294 882 ab
1322 849 1410 893 iube7
1438 849 1566 884 insimul
1585 850 1798 896 congregitis,

1054 909 1169 932 munus
1195 899 1439 933 consociationis
1465 899 1660 945 accepiinus3
1683 907 1712 934 ct
1734 900 1798 934 sic-

1053 955 1085 980 ut
1113 947 1142 981 in
1175 947 1315 982 Romana
1346 948 1486 983 Ecclesia
1516 949 1611 983 moris
1637 957 1700 990 est,
1736 949 1797 983 ibi-

1051 996 1120 1031 dem
1156 998 1325 1044 poutilicali
1362 1010 1458 1044 regno
1487 998 1651 1044 magnifice
1678 998 1796 1033 fuimus

1050 1057 1085 1080 ac
1107 1047 1290 1082 solemniter
1315 1048 1466 1082 colonati.
1494 1047 1661 1082 Caeterum
1699 1060 1794 1094 prae-

1050 1095 1152 1130 dictus
1166 1096 1368 1152 Octavianus,
1389 1110 1460 1132 cum
1481 1110 1536 1145 pro
1548 1098 1794 1137 consecratione,

1050 1144 1112 1180 imo
1143 1146 1340 1181 execratione
1376 1159 1450 1192 sua,
1488 1147 1562 1182 dum
1591 1155 1621 1181 et
1657 1148 1687 1181 in
1719 1148 1795 1182 urbe

1048 1204 1141 1240 esset,
1163 1204 1193 1230 et
1221 1205 1384 1244 postquam
1409 1197 1539 1232 latenter
1556 1196 1664 1239 urbem
1689 1197 1794 1238 exivit,

1049 1245 1164 1280 multos
1205 1246 1372 1293 episcopos
1406 1254 1629 1287 convocasset,
1671 1246 1792 1281 nullum

1049 1306 1187 1340 prorsus,
1216 1305 1338 1342 praeter
1360 1308 1470 1337 unum,
1499 1295 1732 1330 Ferentinatem
1752 1297 1793 1330 vi-

1047 1344 1160 1378 delicet
1186 1346 1370 1392 episcopum
1393 1346 1508 1380 babere
1537 1347 1636 1392 potuit
1664 1357 1718 1392 pro
1737 1358 1792 1381 sna

1045 1395 1218 1429 temeritate
1240 1403 1270 1429 et
1291 1395 1416 1430 vesania
1438 1395 1662 1430 confirmanda.
1685 1395 1793 1436 Quos-

1045 1443 1115 1477 dam
1140 1451 1240 1479 tamen
1265 1446 1431 1493 episcopos
1452 1445 1666 1492 imperialibus
1686 1445 1790 1486 minis,

1045 1494 1196 1540 quosdam
1225 1494 1369 1529 violentia
1396 1495 1509 1533 laicali,
1536 1494 1690 1542 quosdam
1717 1506 1790 1530 vero

1046 1544 1186 1589 pecuniis
1208 1553 1238 1578 et
1259 1543 1419 1580 blanditiis
1445 1544 1570 1579 allicere
1592 1544 1706 1584 voluit;
1734 1544 1788 1579 sed

1045 1593 1100 1638 nil,
1123 1593 1259 1628 Domino
1286 1593 1491 1640 impediente,
1526 1594 1666 1641 profecit.
1694 1593 1787 1629 Unde

1045 1656 1102 1678 nec
1123 1643 1226 1678 adhuc
1252 1643 1392 1678 invenire
1414 1651 1528 1691 potest,
1548 1644 1619 1678 licet
1640 1643 1788 1682 omnibus

1044 1693 1146 1728 modis
1167 1694 1314 1737 enitatur,
1340 1694 1394 1740 qui
1421 1694 1449 1729 ei
1477 1706 1588 1729 manus
1610 1693 1787 1728 execratio-

1045 1743 1092 1776 nis
1115 1743 1264 1790 imponat,
1287 1752 1317 1778 et
1337 1755 1370 1777 se
1386 1752 1489 1779 tantae
1511 1744 1601 1778 saciat
1624 1755 1788 1790 praesum-

1045 1792 1158 1838 ptionis
1195 1801 1225 1827 et
1252 1793 1423 1840 impietatis
1461 1801 1632 1828 auctorem.
1670 1792 1786 1826 Verum

1044 1843 1205 1877 memorati
1233 1842 1389 1879 lohannes
1412 1852 1442 1878 et
1473 1842 1597 1886 Gnido‚
1631 1842 1788 1876 caecitatis

1044 1892 1179 1926 tenebris
1205 1891 1357 1934 obvoluti,
1383 1893 1531 1940 quoniam
1554 1893 1703 1939 scriptum
1722 1899 1785 1926 est:

1044 1941 1192 1976 Peccator
1217 1954 1289 1977 cum
1314 1943 1431 1978 venerit
1453 1943 1482 1976 in
1506 1942 1695 1989 profundum
1719 1954 1787 1976 ma-

1042 1990 1155 2031 lorum,
1182 2000 1361 2027 contemnet
1383 1996 1437 2035 tal:
1474 2004 1531 2026 nec
1554 2003 1571 2026 a
1604 2003 1659 2026 sua
1694 2004 1786 2039 prae-

1042 2042 1221 2088 sumptione
1264 2042 1433 2076 damnabili
1476 2041 1683 2088 resipiscunt;
1730 2041 1784 2076 scd

1041 2091 1186 2126 eumdem
1210 2091 1436 2134 Octavianum,
1462 2104 1555 2139 quem
1579 2091 1636 2125 sibi
1665 2091 1695 2125 in
1718 2099 1785 2126 sta-

1043 2148 1125 2175 tuam
1148 2149 1325 2182 erexerunt,
1353 2141 1508 2176 obstinata
1535 2140 1663 2188 perfidia
1692 2153 1785 2176 vene—

1043 2198 1164 2225 rantur:
1193 2199 1222 2226 et
1241 2204 1325 2233 eum,
1347 2191 1452 2226 relicta
1475 2191 1591 2225 unitate
1613 2190 1784 2235 Ecclesiae,

1043 2248 1247 2286 praesumunt
1281 2253 1378 2288 usque
1409 2241 1512 2276 adbuc
1532 2248 1690 2288 tamquam
1714 2240 1784 2275 ido-

1041 2289 1104 2323 lum
1126 2298 1180 2324 aut
1201 2290 1403 2325 simulacrum
1425 2291 1565 2326 adorare.
1588 2291 1658 2338 lpse
1679 2299 1782 2326 autem

1040 2339 1212 2374 antichristi
1249 2348 1389 2387 tempora
1424 2337 1648 2388 praefigurans,
1683 2353 1783 2388 usque

1041 2397 1163 2423 erectus
1184 2399 1230 2424 est
1259 2402 1352 2437 supra
1374 2402 1418 2431 se,
1440 2399 1475 2425 ut
1496 2392 1587 2426 etiam
1611 2392 1640 2425 iu
1665 2391 1783 2438 templo

1040 2438 1097 2472 Dei
1113 2438 1238 2480 sederit,
1260 2440 1440 2484 ostendens,
1460 2449 1616 2487 tamquam
1631 2441 1670 2476 sit
1684 2441 1782 2482 Deus,

1040 2488 1173 2522 etmulti
1195 2489 1458 2524 abominationem
1481 2490 1685 2525 desolationis
1702 2499 1784 2526 stan-

1041 2545 1101 2572 tem
1125 2538 1155 2571 in
1183 2537 1252 2573 loco
1278 2548 1384 2573 sancto
1415 2552 1478 2574 non
1512 2541 1580 2575 sine
1612 2541 1708 2575 multa
1735 2541 1782 2576 la-

1040 2599 1214 2634 crymarum
1243 2588 1394 2623 effusione
1421 2591 1577 2635 corporeis
1599 2591 1699 2625 oculis
1731 2591 1783 2626 in—

1040 2646 1219 2684 spexerunt.
1259 2638 1342 2672 Sane
1381 2651 1438 2673 uos
1476 2640 1686 2675 infirmitatem
1725 2652 1782 2676 no-

1075 2698 1113 2734 (ιι)
1134 2698 1259 2725 l‘roverb.
1280 2707 1355 2732 xviii2
1377 2701 1400 2725 5.
1421 2702 1457 2735 (n.
1475 2701 1514 2736 T.)

1822 1058 1949 1080 Octavianus
1959 1061 1994 1081 ad-

1810 1089 1849 1110 buc
1865 1092 1990 1116 pertinaxin

1809 1126 1846 1140 sua
1868 1123 1992 1148 inipictato;

1802 1597 1891 1624 Nullum,
1901 1602 1986 1625 praeter

1802 1630 1841 1650 duo
1889 1632 1985 1656 superius

1802 1664 1934 1683 memoratos,
1951 1662 1985 1681 in-

1801 1693 1858 1712 veuit
1869 1693 1902 1718 qui
1913 1693 1932 1712 ei
1944 1698 1985 1711 ma-

1802 1730 1840 1744 nns
1863 1725 1985 1744 execratio-

1801 1756 1833 1776 nis
1848 1756 1947 1781 imponat.
