2180 3205
146 212 196 239 An.
215 212 324 239 (21155

156 774 288 795 Prooemturn.

148 1433 217 1453 {iu-ao

229 1528 313 1547 allatae.

396 203 467 235 404

944 211 1130 234 BULLAtttuu
1153 212 1315 236 ROMANUM

382 266 636 304 compositionem,
659 265 708 294 sed
734 264 852 293 frustra.
876 280 916 286 -
930 263 1003 294 Hinc
1027 273 1094 303 pro·
1137 266 1262 306 debere,
1283 267 1380 302 libere
1395 267 1639 313 proclamabant,
1660 267 1701 305 ‘1⁴21
1715 270 1742 306 si
1757 270 1887 317 quando

381 310 437 338 lata
466 310 500 338 ab
532 308 701 337 Innocentio
726 308 882 337 sententia.
916 325 956 330 —
977 308 1093 338 Confir—

380 355 468 382 matio
491 353 651 381 sententiae
675 351 730 380 sub
758 352 852 380 solitis
875 352 1027 382 clausulis.
1054 370 1094 375 —

380 397 541 426 innocentii
566 396 630 427 Pr..
654 396 865 425 nonnullorum
884 397 1092 436 episcoporum

378 447 405 471 et
427 442 454 471 S.
474 441 505 470 R.
525 440 601 470 Ecel.
622 441 817 470 cardinalium
844 440 1090 480 subscriptiones.

336 512 505 540 Innocentius
525 511 665 546 episcopus
690 517 785 539 servus
816 517 955 539 servorum
974 511 1030 544 Dei,
1050 512 1090 540 di-

380 561 450 589 lecto
466 561 520 588 filio
539 561 616 588 Petro
635 560 791 596 praeposito
811 562 838 589 et
856 560 991 589 fratribus
1004 562 1089 590 Eccle-

380 611 437 638 siae
461 610 486 637 S.
507 609 652 637 Alexandri
672 609 805 644 Pergami,
823 611 881 638 tam
900 612 1089 646 praesentibus

379 666 459 695 quam
477 658 590 691 futuris.
617 659 646 687 in
664 660 835 694 perpetuum.

383 725 523 760 Iustitiae
557 737 592 759 ac
627 725 758 760 rationis
791 725 869 760 ordo
895 726 1025 769 suadet,
1053 737 1087 763 ut

333 774 604 821 quemadmodum
640 784 744 821 patres
776 787 925 809 vocamur
959 777 989 810 in
1026 790 1085 811 no-

332 826 431 868 mine,
466 825 507 858 ita
533 825 627 858 etiam
652 824 896 870 comprobemur
919 825 950 858 in
974 838 1086 872 opera-

331 875 433 907 tione:
470 882 500 908 et
527 873 609 908 sicut
631 885 677 913 ea,
712 885 791 919 quae
819 873 856 907 ad
882 886 989 920 pacem
1013 884 1086 910 sunt

330 922 514 963 Ierusalem,
537 934 740 968 summopere
763 922 901 957 stabilire
918 923 1084 966 debemus;

331 972 371 1005 ita
396 972 614 1011 nihilominus,
649 973 674 1006 si
709 971 836 1018 quando
864 972 943 1006 inter
977 986 1085 1009 sacro-

330 1030 454 1055 sanctas
486 1021 645 1055 Ecclesias
679 1020 807 1067 querela
836 1023 1010 1063 emerserit,
1045 1036 1084 1058 ne

330 1069 409 1104 forte
431 1071 461 1104 in
486 1071 643 1105 infinitum
667 1070 866 1110 extendatur,
889 1071 945 1105 sed
979 1073 1083 1118 potius

331 1120 552 1165 conquiescat,
590 1131 718 1154 necesse
741 1129 798 1162 est,
828 1128 859 1153 ut
881 1132 949 1154 eam
973 1123 1088 1157 ordine

331 1168 495 1203 iudiciario
518 1169 663 1203 celeriter
684 1169 902 1203 terminemus.
932 1169 999 1205 Hoc
1014 1184 1085 1218 pro-

330 1217 411 1251 fecto
436 1218 551 1252 intuitu
575 1231 629 1264 pro
651 1218 788 1252 sedanda
812 1218 980 1263 discordia,
1002 1233 1082 1267 quae

329 1266 410 1301 inter
437 1279 490 1301 vos
517 1276 547 1301 et
574 1268 743 1302 canonicos
778 1267 811 1302 S.
839 1267 999 1303 Vincentii
1024 1283 1083 1305 uo-

329 1317 427 1351 scitur
447 1317 570 1363 agitata,
594 1317 669 1351 dum
693 1317 767 1351 olim
788 1319 817 1351 in
838 1317 1081 1363 Longobardiae

329 1464 411 1504 dem,
435 1478 515 1512 quae
534 1473 596 1499 tam
620 1465 658 1499 de
680 1465 852 1511 capellanis
875 1466 1080 1502 ecclesiarum

329 1512 361 1547 S.
390 1513 577 1554 Salratoris,
612 1514 646 1549 S.
675 1514 833 1559 Agatliae,
867 1514 899 1549 S.
935 1515 1079 1561 Ioannis,

328 1562 361 1596 S.
384 1562 510 1607 Graiae,
538 1562 571 1597 S.
597 1563 711 1609 vigilii,
734 1572 828 1610 atque
850 1564 888 1597 de
912 1565 1080 1610 poeniten-
1099 1588 1101 1596 ,

329 1612 379 1646 tiis
400 1612 656 1656 criminosorum,
679 1625 772 1659 quam
796 1613 888 1646 etiam
917 1613 954 1647 de
983 1614 1080 1649 fideli-

327 1661 444 1695 tatibus
465 1670 495 1695 et
513 1661 703 1708 quibusdam
723 1662 802 1701 aliis,
825 1670 944 1696 vestrae
968 1663 1079 1699 Eccle-

327 1710 389 1744 siae
433 1711 591 1757 pertinere
634 1711 835 1748 fatebamini,
872 1712 1078 1758 asserebatis,

328 1760 407 1794 lianc
434 1761 514 1794 inter
536 1772 590 1794 vos
614 1772 652 1794 ex
678 1761 808 1807 antiquo
830 1768 974 1807 tempore
1000 1773 1080 1797 con-

327 1809 529 1843 suetudinem
564 1809 724 1855 viguisse,
761 1818 793 1843 ut
815 1811 939 1856 quoties
974 1811 1100 1846 clerici³

327 1857 359 1891 S.
383 1858 554 1892 Alexandri
577 1860 613 1891 ad
636 1858 800 1893 ecclesiam
836 1858 868 1892 S.
900 1859 1076 1901 Vincentii,
1098 1884 1100 1895 ι

329 1907 374 1941 vel
401 1908 438 1941 ad
461 1908 538 1941 alias
560 1907 729 1947 Ecclesias,
750 1920 805 1954 pro
827 1909 968 1954 exequiis
993 1922 1078 1944 mor—

327 1965 470 2000 tuorum,
506 1956 553 1991 vel
588 1957 618 1990 in
653 1956 917 2000 solemnitatibus,
949 1959 1077 1993 insimul

327 2006 551 2043 convenirent,
578 2006 776 2053 praepositus
800 2006 921 2040 videtur
944 2007 1076 2053 primam

326 2055 434 2088 sedem
467 2055 497 2088 in
528 2055 653 2089 sinistra
694 2063 780 2102 parte
814 2055 901 2089 chori
937 2056 1078 2091 obtinere

327 2104 540 2138 consuevisse.
575 2104 679 2151 Atque
707 2105 766 2138 hoc
793 2104 882 2138 vobis
911 2105 1077 2140 vendicare

328 2161 412 2186 tanto
435 2153 603 2187 instantius
625 2153 836 2194 conabamini,
870 2163 986 2200 quanto
1008 2167 1078 2189 ma-

328 2201 470 2236 nifestius
498 2211 630 2236 vestram
657 2202 832 2237 Ecclesiam
865 2203 1076 2250 episcopalem

326 2250 432 2284 sedem
451 2251 562 2297 priscis
581 2251 777 2298 temporibus
803 2252 954 2293 extitisse,
971 2261 1002 2288 et
1015 2261 1076 2287 tam

328 2304 408 2338 lianc
435 2316 529 2350 quam
564 2305 640 2338 alias
675 2305 815 2339 diversas
847 2307 1077 2352 praerogatiias

326 2356 513 2398 obtinuisse,
538 2358 646 2393 multis
668 2359 904 2393 auctoritatibus
926 2368 1078 2395 monstra-

327 2410 416 2444 batis.
442 2411 466 2445 E
486 2421 592 2446 contra
614 2425 688 2447 vcro
710 2413 850 2447 canonici
868 2413 900 2448 S.
917 2413 1076 2448 Vincentii

328 2464 569 2510 respondebant,
590 2466 766 2501 Ecclesiam
792 2478 881 2500 suam
903 2467 1076 2514 antiquitus

326 2517 488 2551 matricem
528 2530 607 2557 esse,
647 2531 705 2553 nec
745 2519 843 2560 vobis,
882 2528 936 2554 aut
973 2528 1076 2555 vestro

1135 316 1332 362 praepositus
1354 317 1476 352 videtur
1501 318 1645 354 eamdem
1666 319 1774 354 sedem
1802 319 1886 354 obti-

1134 365 1253 408 nuisse,
1281 365 1312 400 id
1334 379 1372 400 ex
1394 367 1545 401 charitate
1576 375 1608 402 et
1641 368 1749 414 gratia.
1765 369 1882 416 potius,

1133 426 1227 460 quam
1255 427 1292 448 ex
1319 415 1426 450 debito
1448 417 1656 462 processisse:
1685 429 1743 452 nec
1768 418 1883 453 debere

1134 463 1227 498 tribui
1251 465 1442 509 necessitati,
1464 465 1549 512 quod
1574 466 1726 501 exhibere
1747 467 1882 502 charitas

1132 521 1346 548 consueverat.
1371 513 1440 554 His,
1467 522 1498 549 et
1533 515 1713 550 huiusmodi
1747 524 1881 551 conten-

1132 562 1270 596 tionibus
1293 562 1383 597 nobis
1401 572 1431 598 et
1456 563 1600 599 fratribus
1626 565 1741 600 nostris
1762 564 1880 601 diutius

1131 610 1283 657 fatigatis,
1311 612 1412 647 cidem
1444 614 1676 649 controversiae
1699 615 1791 648 linem
1819 615 1880 649 im-

1131 672 1247 705 ponere
1274 673 1367 708 saepe
1408 661 1580 700 voluimus;
1614 662 1693 697 adeo
1720 664 1803 710 quod
1841 676 1880 699 ex

1131 717 1261 756 utraque
1289 718 1375 757 parte
1396 711 1435 745 ab
1457 711 1688 758 antiquioribus
1715 721 1745 746 et
1775 721 1881 747 matu-

1130 759 1264 793 rioribus
1286 761 1430 806 personis
1458 760 1634 796 iuramenta
1660 762 1879 808 suscepimus,

1905 216 1956 242 Au.
1969 213 1998 240 C.
2019 213 2084 240 ¹155

1904 570 1998 597 Brit-gaii
2008 582 2018 593 ;ι
2030 574 2082 594 Pan-

1894 603 1950 623 tijcc
1961 604 2041 625 iuvlich
2054 607 2079 626 ad

1894 637 1966 653 carum
1975 635 2016 654 lcm
2027 640 2080 656 exa-

1894 668 1941 683 inen
1958 667 1978 684 ct
1995 670 2080 691 compo—

1907 694 2015 718 sitionem,
2031 696 2068 716 =cd

1943 725 2026 746 frustra,

1130 820 1184 853 per
1211 821 1287 855 quas
1318 810 1361 843 rei
1396 809 1555 845 veritatem
1592 823 1757 855 possemus
1783 811 1881 845 addi·
1907 817 1909 819 ’

1127 869 1231 900 scere,
1259 866 1289 892 et
1311 858 1441 892 eandem
1469 871 1595 894 causam
1631 859 1743 894 ordine
1773 860 1880 896 debito

1128 907 1307 941 terminare.
1322 906 1404 941 Cum
1417 907 1512 953 igitur
1526 917 1587 942 tam
1606 921 1660 955 per
1673 909 1879 955 allegationes

1127 955 1275 1001 partium,
1302 967 1397 1002 quam
1425 957 1518 991 etiam
1547 969 1602 1004 per
1629 958 1803 993 iuramenta
1825 971 1880 993 su-

1126 1012 1245 1050 scepta,
1273 1017 1399 1039 causam
1424 1005 1556 1052 pleniter
1581 1007 1806 1049 audiissemus,
1834 1009 1881 1055 ip-

1125 1065 1191 1087 sam
1226 1062 1301 1088 tunc
1330 1055 1478 1098 temporis
1508 1055 1643 1090 diffinire
1677 1056 1878 1101 distulimus,

1125 1102 1325 1143 arbitrantes,
1361 1103 1447 1150 quod
1481 1104 1512 1138 in
1546 1105 1688 1140 eiusdem
1724 1107 1877 1153 temporis

1124 1152 1225 1198 spatio
1253 1152 1473 1187 huiuscemodi
1505 1154 1633 1200 querela
1662 1167 1717 1201 per
1743 1167 1878 1190 concor-

1125 1201 1208 1235 diam
1232 1201 1391 1242 finiretur,
1413 1210 1443 1236 et
1465 1203 1546 1237 inter
1565 1215 1618 1237 vos
1641 1212 1672 1238 et
1693 1204 1778 1251 ipsos
1794 1216 1879 1239 com-

1124 1250 1250 1285 modius
1273 1259 1378 1297 posset
1401 1250 1512 1286 eadem
1539 1264 1633 1287 causa
1656 1252 1772 1288 decidi.
1813 1253 1876 1288 De-

1124 1300 1220 1346 nique
1247 1300 1322 1334 dum
1350 1312 1452 1346 neque
1479 1313 1535 1347 per
1562 1301 1651 1337 datos
1673 1315 1688 1336 a
1711 1302 1803 1337 nobis
1825 1302 1877 1337 iu-

329 1366 472 1412 partibus
507 1379 668 1410 essemus,
695 1379 768 1400 cum
797 1366 944 1401 fratribus
966 1370 1081 1404 nostris
1122 1349 1220 1392 dwes’
1245 1361 1346 1396 neque
1369 1362 1425 1396 per
1447 1349 1541 1391 ahos'
1569 1363 1663 1386 causa
1691 1360 1798 1399 posset
1821 1364 1877 1407 99¹⁸

296 1417 456 1462 ›-saepius
478 1415 699 1450 laboravimus.
724 1415 809 1450 Inter
835 1424 957 1451 caetera
978 1419 1078 1465 siqui·
1101 1420 1102 1447 l
1123 1398 1323 1432 ⁶⁰¹¹⁰⁰sd¹³m
1339 1407 1512 1444 tammam
1532 1408 1562 1434 et
1580 1408 1712 1448 utraque
1733 1400 1876 1437 ECCIeSm

231 1438 304 1454 ss'Jnll'u

132 1472 259 1489 ivm-uum,
279 1472 315 1486 ra-

145 1501 255 1522 nulis->quc
276 1502 301 1516 Ox

131 1529 219 1547 aducis,

1122 1454 1188 1481 tum
1209 1460 1265 1494 pro
1288 1447 1377 1482 factis
1398 1460 1493 1494 saepe
1507 1450 1697 1496 sumptibus,
1724 1458 1790 1484 tum
1819 1462 1875 1496 pro

1121 1497 1245 1542 guerris
1278 1505 1308 1531 et
1335 1496 1609 1539 dissensionibus,
1644 1510 1724 1547 quae
1750 1511 1789 1534 ex
1817 1500 1876 1535 hac

1121 1546 1286 1580 occasione
1311 1556 1535 1593 provenerunt,
1563 1548 1653 1583 valde
1686 1549 1797 1583 fuisset
1823 1556 1874 1583 at-

1122 1595 1213 1634 trita,
1250 1607 1325 1638 nos,
1369 1607 1505 1642 quorum
1539 1598 1708 1645 praecipue
1743 1598 1874 1633 interest

1121 1643 1332 1678 Ecclesiarum
1356 1645 1454 1691 quieti
1488 1645 1657 1681 salubriter
1684 1646 1873 1694 providere,

1120 1699 1183 1726 tam
1207 1706 1276 1735 vos,
1309 1705 1402 1740 quam
1434 1694 1618 1741 episcopum
1646 1705 1677 1730 et
1702 1696 1874 1731 canonicos

1121 1740 1229 1776 Sancti
1252 1742 1408 1776 Vincentii
1422 1752 1508 1778 certo
1526 1744 1662 1780 termino
1677 1744 1715 1780 ad
1732 1753 1873 1780 nostram

1122 1791 1329 1837 praesentiam
1354 1792 1564 1828 invitavimus.
1587 1794 1626 1828 Et
1647 1795 1797 1841 quoniam
1817 1806 1874 1829 ea-

1121 1840 1191 1874 dem
1216 1853 1309 1875 causa
1332 1840 1438 1881 uobis,
1461 1842 1542 1877 sicut
1564 1843 1714 1885 diximus,
1746 1843 1873 1891 plenius

1121 1898 1191 1923 nota
1215 1898 1291 1929 erat,
1321 1890 1402 1924 hanc
1424 1890 1505 1926 inter
1536 1905 1603 1936 vos,
1637 1901 1668 1927 et
1689 1893 1777 1939 ipsos
1797 1905 1872 1928 sen-

1121 1938 1248 1972 tentiam
1274 1939 1551 1985 promulgavimus.
1575 1941 1610 1976 ln
1623 1942 1752 1977 nomine
1770 1941 1871 1977 Patris

1120 1997 1149 2021 et
1175 1987 1247 2021 Filii
1282 1997 1312 2022 et
1340 1987 1476 2034 Spiritus
1509 1990 1635 2035 Sancti,
1662 2003 1766 2026 amen.
1802 1991 1870 2038 Ego

1120 2036 1325 2071 innocentius
1338 2037 1508 2073 catholicae
1515 2038 1677 2075 Ecclesiae
1688 2040 1868 2087 episcopus.

1120 2085 1264 2120 Fratrum
1293 2098 1436 2120 meorum
1467 2088 1690 2136 episcoporum
1713 2097 1743 2124 et
1767 2089 1872 2124 cardi-

1120 2134 1237 2168 nalium
1276 2136 1424 2179 consilio,
1460 2138 1644 2184 praecipio,
1676 2147 1710 2173 ut
1746 2138 1871 2185 quoties

1119 2184 1261 2218 canonici
1291 2184 1325 2219 S.
1348 2184 1517 2220 Alexandri
1546 2186 1576 2220 in
1604 2187 1870 2229 solemnitatibus,

1119 2240 1148 2266 et
1169 2234 1313 2279 exequiis
1335 2242 1543 2276 mortuorum,
1565 2236 1728 2271 canonicis
1746 2235 1779 2270 S.
1796 2236 1872 2271 Vin-

1119 2282 1226 2322 centii,
1254 2282 1319 2317 sive
1341 2283 1373 2316 in
1389 2284 1521 2318 ecclesia
1544 2284 1577 2319 S.
1600 2284 1779 2330 vincentii,
1806 2286 1871 2321 sive

1119 2331 1150 2364 in
1173 2330 1240 2365 aliis
1266 2333 1482 2380 convenerint,
1511 2334 1708 2380 praepositus
1730 2334 1763 2369 S.
1787 2334 1871 2369 Ale—

1119 2379 1227 2414 xandri
1252 2388 1356 2415 teneat
1392 2382 1527 2428 primum
1563 2383 1667 2418 locum
1692 2383 1723 2418 in
1745 2383 1870 2418 sinistra

1120 2437 1205 2474 parte
1244 2429 1354 2464 chori:
1398 2431 1551 2477 capellani
1591 2432 1796 2467 ecclesiarum
1832 2432 1866 2467 S.

1119 2477 1305 2522 Salvatoris,
1340 2479 1374 2513 S.
1398 2480 1555 2525 Agathae,
1589 2480 1621 2516 S.
1650 2481 1799 2525 Ioannis,
1834 2481 1868 2516 S.

1118 2526 1243 2571 Graiae,
1271 2528 1302 2562 S.
1325 2527 1446 2574 Vigilii,
1474 2529 1504 2563 iu
1529 2529 1696 2564 dominicis
1713 2530 1825 2565 diebus
1838 2539 1870 2565 et

314 2571 505 2617 praeposito
541 2571 723 2607 huiusmodi
756 2572 898 2609 debitum
926 2574 1076 2611 exhibere
1118 2577 1294 2624 praecipuis
1313 2576 1532 2612 festivitatibus
1561 2578 1683 2612 veniant
1705 2579 1744 2613 ad
1770 2586 1870 2615 ecete-

1898 2069 1950 2091 Hinc
1972 2071 2057 2098 prolata

1893 2102 1918 2121 ab
1934 2101 2060 2123 Innocentio

1919 2134 2034 2154 sententia.

2156 2951 2180 2981 t'·
