2180 3205
442 175 523 200 xxx'l
1139 179 1339 205 PRAEFATIO

439 231 575 267 circiter
608 244 744 268 menses
781 239 933 269 moratus
969 234 1106 281 (martio
1141 240 1174 270 et
1200 235 1300 283 aprili
1327 247 1381 270 an.
1405 246 1428 271 M
1445 246 1530 272 occo
1544 233 1654 284 Lvi'l),
1693 239 1914 274 Eminentiss.
1942 240 1976 274 S.
1996 239 2037 274 R.

440 288 475 323 E.
497 290 681 326 Francisco
708 290 880 326 Cardinali
908 290 1038 335 Gaude,
1057 293 1234 340 praeclaro
1261 293 1375 341 operis
1395 299 1541 342 patrono
1561 295 1755 339 adiuvante,
1783 297 1934 338 fovente,
1962 297 2039 344 opi—

440 346 582 390 tulante,
602 347 644 382 de
664 359 752 383 nova
778 348 928 384 editione
947 349 1179 396 suscipienda3
1200 350 1242 386 de
1265 351 1532 387 Contimmtt‘one
1552 357 1585 387 et
1603 353 1802 401 Appendice
1821 354 2040 398 adornanda;

439 404 480 439 de
517 404 760 440 emendatione
789 405 966 442 Romanae
1003 407 1164 443 editionis
1192 408 1432 452 conficienda3
1471 409 1512 444 de
1551 409 1699 457 Collegio
1737 411 1889 447 virorum
1921 423 2043 448 sacrae

439 461 630 508 theologiae
657 473 903 511 sacrorumque
927 476 1102 500 canonum
1127 467 1318 513 peritorum
1345 466 1380 502 in
1408 466 1499 502 Urbe
1527 467 1717 514 adlegendo
1745 469 1854 505 multa
1880 474 1914 505 et
1946 470 2038 505 varia

440 519 578 555 molitus
607 526 667 555 est.
707 520 819 568 Atque
847 521 916 565 ita,
956 523 1098 559 disiecto
1130 523 1236 571 priori
1268 524 1301 559 in
1338 524 1469 560 lubrico
1497 531 1529 560 et.
1563 525 1738 565 instabili,
1773 538 1900 562 novum
1931 527 2034 563 veluti

439 577 551 624 operis
574 577 847 615 fundamentum
874 579 955 615 iecit
982 581 1230 617 inconcussum
1257 582 1478 630 firmumque.

488 635 620 671 Eodem
648 648 786 684 quoque
813 649 905 673 anno
933 648 1122 674 iincchvn
1150 639 1193 675 ad
1220 639 1398 676 universos
1437 641 1639 676 Pontificiae
1678 641 1824 677 Ditionis
1859 642 2039 690 episcopos

440 693 572 729 litterae
595 694 718 729 missae
738 695 833 731 fuere
853 707 873 731 a
892 696 1068 732 Praefecto
1085 696 1180 732 Sacri
1199 697 1340 733 Consilii
1358 698 1571 734 Tridentinis
1591 698 1736 734 decretis
1757 699 2040 747 interpretandis,

440 756 477 786 ut
504 751 758 788 Taurinensem
797 753 940 789 Bullarii
980 754 1168 791 editionem
1196 755 1231 790 in
1259 756 1330 791 suis
1357 756 1572 792 dioecesibus
1611 757 1871 793 disseminando
1905 757 2043 793 incunt-

440 808 559 844 berent
576 838 583 849 ,
622 822 662 846 ea
689 811 839 847 maxime
867 812 908 847 de
936 823 1057 848 caussa
1074 840 1082 855 ,
1109 813 1202 859 quod
1230 812 1264 848 id
1291 824 1399 859 genus
1440 825 1567 862 opera,
1607 826 1712 861 quem
1739 814 1803 850 sibi
1831 826 2042 862 proposuere

440 872 579 914 portum
618 868 768 915 arripere
807 869 901 904 haud
934 876 1104 917 possunt,
1132 870 1198 905 nisi
1225 881 1266 906 ea
1293 870 1536 918 episcoporum
1563 871 1766 907 venerabilis
1793 872 1878 908 ordo
1906 872 2040 915 foveat,

441 925 600 969 adiuvet,
628 926 816 974 opituletur
843 928 884 962 ll).
914 927 1072 971 Interim,
1099 928 1207 964 altero
1235 940 1327 964 anno
1354 930 1393 975 (M
1409 940 1494 965 neoc
1509 929 1581 976 mx)
1599 958 1607 972 ,
1645 941 1754 976 quum
1792 930 1884 965 idem
1922 930 2042 966 Editor

441 983 588 1019 Romam
617 983 742 1019 iterum
770 996 806 1020 se
834 986 1015 1028 conferret,
1043 992 1205 1032 quartum
1232 987 1376 1022 Bullarii
1404 988 1565 1023 volumen
1584 988 1809 1024 Sanctissimo
1829 987 1922 1023 Patri
1943 987 2043 1023 obla-

442 1046 562 1082 turus,
591 1053 677 1076 nova
704 1047 737 1077 et
764 1053 890 1088 magna
927 1043 1133 1079 clementiae
1172 1054 1254 1079 suae
1295 1045 1439 1091 pignora
1465 1045 1606 1092 aceepit.
1646 1045 1784 1080 Etenim
1815 1044 2041 1081 Beatissimus

441 1098 599 1134 Pontifex
638 1099 901 1146 perhumaniter
942 1111 1023 1135 eum
1062 1100 1263 1148 excipiens,
1303 1102 1488 1137 consilium
1515 1102 1588 1138 eius
1616 1103 1838 1150 studiumque
1867 1103 2041 1145 laudavit,

442 1156 617 1192 laboribus
644 1157 754 1192 fauste
782 1157 956 1193 ominatus
977 1164 1040 1201 est,
1059 1164 1162 1205 atque
1182 1158 1277 1206 operi
1297 1159 1423 1194 iterum
1451 1160 1644 1206 iterumque
1673 1160 1858 1195 benedixit.
1881 1160 2039 1196 Vaticani

442 1213 585 1261 insuper
611 1213 770 1249 tabularii
799 1214 926 1250 scrinia
946 1215 981 1250 in
1001 1215 1146 1251 huiusce
1167 1216 1328 1252 editionis
1347 1217 1570 1253 commodum
1591 1222 1707 1265 patere
1723 1245 1731 1260 ,
1759 1216 2044 1253 Eminentissimo

442 1271 539 1307 Card.
569 1272 688 1307 Gaude
716 1278 891 1320 poscente,
919 1273 1100 1316 concessit,
1128 1274 1221 1310 unde
1248 1275 1374 1322 partim
1402 1286 1487 1310 nova
1515 1286 1648 1318 eruere,
1681 1275 1805 1323 partin]
1839 1286 1858 1310 a
1890 1274 2044 1322 Coeque-

442 1329 525 1365 linio
565 1330 658 1365 edita
684 1330 727 1365 ad
754 1331 982 1378 archetypum
1009 1343 1255 1378 recognoscere
1282 1332 1423 1375 liceret,
1450 1344 1555 1380 quam
1583 1333 1755 1368 fructuose
1773 1361 1782 1375 ,
1820 1343 1925 1379 quam
1963 1338 2042 1380 apte

442 1399 545 1423 nemo
574 1399 642 1423 non
671 1387 771 1423 videt.
800 1388 964 1435 Magnum
992 1389 1071 1424 dein
1100 1389 1443 1437 pulcherrimunnJue
1472 1401 1618 1426 aureum
1646 1390 1821 1425 numisma
1858 1401 1921 1425 sua
1952 1389 2043 1425 ima-

443 1445 520 1491 gine
548 1445 731 1488 caelatum,
760 1457 829 1481 non
858 1446 1119 1482 munificentiae
1146 1446 1261 1489 inodo,
1289 1447 1349 1482 sed
1376 1452 1409 1482 et
1436 1447 1557 1482 favoris
1585 1447 1638 1482 sui
1666 1447 1840 1495 praeclare
1877 1446 2046 1482 iudicium

442 1503 611 1550 praebuit.
633 1503 801 1546 Tandem,
822 1505 983 1551 encycliis
1004 1505 1135 1540 Romae
1155 1504 1242 1540 datis
1262 1505 1363 1541 nonis
1378 1505 1452 1540 iulii
1467 1515 1587 1540 sinoce
1598 1516 1666 1547 mx,
1682 1505 1724 1540 ad
1739 1515 1861 1540 omnes
1881 1503 2044 1540 catholici

443 1560 535 1596 orbis
551 1561 773 1596 ecclesiarum
789 1562 970 1605 antistites,
985 1574 1046 1610 per
1060 1574 1184 1598 manus
1201 1563 1422 1599 Eminentiss
1439 1563 1611 1611 Principis
1632 1563 1772 1598 Patroni
1791 1565 1832 1603 KQ),
1853 1576 1870 1596 <c
1884 1562 1966 1598 Pius
1982 1561 2040 1605 IX,

449 1631 465 1652 ((
491 1618 650 1654 Pontifex
677 1618 835 1666 Optimus
862 1619 1044 1661 Maximus,
1071 1632 1176 1667 quem
1202 1621 1294 1656 Deus
1321 1621 1494 1656 Ecclesiae
1523 1632 1605 1656 suae
1633 1620 1797 1668 sospitem
1824 1625 1945 1663 servet,
1967 1619 2041 1662 tibi,

449 1690 465 1710 «
493 1676 542 1711 nti
563 1676 685 1712 ceteris
705 1677 860 1712 locorum
882 1677 1083 1721 Ordinariis,
1104 1684 1226 1726 sponte
1246 1679 1475 1726 lubenterque
1496 1679 1661 1725 indulget,
1681 1684 1719 1714 ut
1738 1678 1767 1714 si
1786 1678 1870 1722 fort-e
1890 1677 2041 1714 archivia

450 1748 466 1768 «
492 1734 714 1779 consulendi,
749 1746 789 1771 ac
821 1735 1010 1783 diplomata
1041 1736 1076 1771 in
1106 1748 1206 1772 usum
1239 1743 1397 1772 nostrum
1424 1736 1627 1772 extrahendi
1654 1748 1783 1771 munus
1810 1735 1913 1771 alicui
1941 1747 1959 1771 e
1986 1745 2046 1770 ca-

451 1805 467 1826 «
494 1792 628 1828 nonicis
668 1792 770 1835 viris,
805 1793 1188 1837 sive'Cathedralium,
1227 1795 1294 1830 sive
1330 1794 1594 1841 Collegiatarum
1634 1794 1865 1829 Ecclesiarum
1904 1798 2043 1828 tuarum

484 1923 520 1957 (l)
540 1921 688 1957 Epistolani
707 1921 848 1957 ipsissimis
865 1922 954 1949 verbis
973 1922 1132 1950 referimus:
1149 1939 1182 1943 —
1201 1934 1213 1948 «
1225 1924 1291 1951 Esce
1306 1924 1338 1951 in
1360 1924 1467 1951 Toy-ino
1487 1942 1963 1950 .................
1984 1929 2046 1948 una

447 1974 542 1992 nuova
562 1967 705 2000 rislampa
729 1967 775 1993 det
800 1967 917 1994 Bollario
945 1968 1078 2000 Romano,
1100 1969 1129 1994 Ια
1145 1969 1246 2003 quale,
1266 1971 1376 1996 mentre
1404 1968 1545 2003 supplisce
1565 1968 1622 1994 alle
1644 1967 1758 1994 antiche
1780 1966 1905 1993 edizion-t
1926 1965 2045 1992 oramat'

447 2010 581 2037 clivenule
603 2011 681 2038 assai
700 2019 768 2038 rare
784 2020 797 2037 e
813 2015 927 2046 costos-e,
944 2012 1024 2039 otene
1049 2012 1148 2039 altresi
1171 2020 1223 2046 per
1238 2021 1324 2047 opera
1342 2012 1503 2043 didrlstmtl
1518 2013 1552 2038 erl
1574 2011 1680 2046 asperti
1699 2010 1896 2038 Ecclesiastcci
1911 2010 1942 2037 in
1957 2009 2044 2044 piena

447 2055 684 2089 corrispondenza
699 2064 750 2082 con
765 2056 867 2089 teoloyt
882 2065 896 2082 e
911 2056 1059 2083 canonis-li
1073 2057 1104 2082 di
1119 2057 1221 2087 Roma,
1233 2057 1383 2084 coi-redata
1400 2057 1432 2084 dt'
1446 2056 1638 2090 copiosissime
1652 2056 1791 2090 clyyiwtle
1806 2055 1838 2082 di
1853 2054 1933 2087 bozze,
1951 2053 2041 2086 brevi,

448 2099 571 2133 diplomi
590 2108 604 2125 e
623 2101 719 2128 lettere
738 2101 913 2135 apostolicae
932 2101 1138 2135 risynardanti
1157 2109 1214 2127 non
1234 2100 1292 2128 solo
1321 2101 1344 2128 il
1368 2102 1484 2135 doyma,
1501 2109 1548 2128 ma
1568 2101 1699 2128 ezi‘andz'o
1728 2101 1756 2126 la
1785 2099 1944 2133 disciplina
1966 2098 2044 2124 della

450 2144 563 2176 Cldesa,
581 2145 694 2172 des-unte
716 2145 755 2171 da
775 2145 856 2172 varie
875 2153 958 2179 opere
974 2146 1004 2171 in
1019 2146 1067 2171 ciel
1081 2146 1211 2173 trouanst'
1233 2154 1291 2180 qua
1307 2155 1321 2172 c
1337 2146 1365 2171 ἱά
1390 2138 1500 2179 sparse,
1517 2153 1573 2171 non
1590 2146 1637 2171 che
1652 2145 1690 2170 da
1709 2144 1824 2171 antiche
1836 2150 2009 2178 perqamene
2024 2150 2040 2168 e

448 2189 631 2216 nzanoscritti
645 2189 694 2216 che
707 2193 851 2223 potr-anno
865 2190 1020 2224 ricopiarsi
1034 2190 1084 2217 net
1095 2189 1149 2224 ρι’ῖι
1162 2191 1332 2218 acci-edicant
1346 2191 1468 2223 archivi,
1485 2198 1560 2217 come
1579 2190 1683 2224 meyl'io
1699 2189 1878 2215 t'Emz'nenza
1904 2187 1935 2214 V.
1950 2186 2040 2213 Rana

450 2234 570 2261 rilevert't
590 2234 744 2261 datl'unz'to
762 2243 962 2268 proyramma.
986 2235 1032 2261 Da
1046 2236 1139 2269 questi
1155 2235 1233 2261 brevi
1246 2235 1332 2261 cenni
1347 2234 1360 2262 t}
1374 2236 1485 2269 uyevole
1503 2235 1623 2269 aryuvz’re
1642 2235 1671 2260 la
1693 2232 1790 2261 utilite
1804 2232 1839 2258 ecl
1861 2231 2046 2265 Imporlanza

448 2277 478 2305 oi
500 2286 559 2305 una
581 2279 708 2313 impresa
727 2280 776 2305 che
796 2279 967 2313 r'ipromette
987 2279 1018 2304 di
1039 2279 1157 2313 vz’eppz'it
1177 2279 1337 2313 diffundere
1358 2288 1372 2305 e
1393 2279 1514 2306 >rendere
1539 2287 1658 2306 comune
1674 2279 1702 2304 la
1717 2284 1885 2304 conoscenza
1905 2275 1934 2302 di
1954 2275 2047 2309 questi

448 2325 561 2360 insigni
582 2324 759 2351 monumenti
773 2324 805 2351 in
821 2324 867 2350 cui
880 2323 906 2350 si
921 2323 1072 2351 racchiude
1093 2324 1149 2350 cost¹
1170 2324 1246 2351 ricco
1272 2326 1359 2351 tesoro
1382 2324 1414 2351 di
1434 2323 1588 2358 pontificia
1609 2323 1753 2357 sapie-ma.
1776 2322 1832 2348 Per
1852 2321 1881 2346 la
1895 2320 1966 2354 quat
1979 2327 2046 2345 cosa

449 2373 548 2404 questa
564 2370 656 2396 Sacra
673 2369 902 2403 Corayreynzz'one
918 2369 963 2394 del
987 2368 1115 2395 Concilio
1131 2368 1212 2394 viene
1231 2369 1411 2396 autorizzala
1424 2369 1462 2395 ad
1481 2368 1650 2396 interessare
1666 2368 1692 2393 lo
1712 2366 1768 2392 :elo
1784 2365 1815 2391 cli
1834 2365 1863 2393 V.
1883 2364 2043 2392 Eminenza

450 2414 704 2447 Reverendissima,
721 2413 794 2439 oncle
808 2412 855 2439 nel
879 2413 961 2439 modo
985 2412 1033 2439 che
1050 2412 1104 2446 pith
1123 2412 1161 2439 Le
1175 2413 1321 2440 sembrerc't
1340 2415 1500 2447 opportuno
1520 2421 1534 2439 e
1549 2411 1731 2439 conveniente
1744 2410 1770 2437 si
1790 2409 1877 2444 deyni
1890 2416 2046 2444 cooperare

449 2459 510 2484 alla
526 2458 677 2492 diffusione
693 2458 724 2484 di
739 2457 901 2491 un‘opera,
925 2458 990 2491 che,
1013 2459 1101 2484 allese
1115 2456 1140 2483 le
1155 2464 1202 2484 sue
1218 2460 1293 2483 vaste
1311 2457 1508 2491 proporztoni,
1525 2464 1580 2483 non
1594 2455 1726 2490 potrebbe
1741 2463 1830 2482 essere
1845 2455 1983 2480 coronata
2002 2453 2040 2480 da

450 2511 490 2529 un
511 2510 649 2537 prospero
672 2509 794 2529 successo
818 2510 868 2528 ove
892 2502 973 2535 daylz'
997 2501 1210 2534 Ecclesiasti'ci,
1234 2509 1247 2528 e
1270 2501 1472 2535 specialmcnte
1491 2501 1751 2535 dall'Epz‘scopaw,
1774 2507 1832 2526 non
1852 2500 1988 2526 ottenesse
2004 2505 2044 2524 un

450 2547 583 2573 benevolo
607 2547 909 2581 inuoraygtinmento...
927 2561 960 2565 —
974 2546 1076 2580 Roma,
1101 2546 1244 2573 dioembre
1268 2546 1349 2573 1857.
1367 2562 1400 2565 —
1414 2546 1442 2573 Il
1460 2545 1624 2580 Seyretario
1652 2545 1728 2572 della
1754 2544 1785 2571 S.
1815 2542 2045 2578 conqreqazione

450 2592 493 2618 del
509 2591 637 2618 Concilio
648 2607 681 2610 -
694 2590 818 2626 Quaqlia
829 2601 855 2617 ι.

487 2635 523 2670 (⁴2)
545 2635 616 2662 Hauc
638 2635 709 2661 inter
732 2635 783 2662 alia
807 2635 902 2661 scribit
927 2634 1161 2661 Eminentissimus
1180 2635 1328 2662 Cardinalis
1351 2635 1445 2662 Gaude
1467 2634 1492 2661 in
1515 2633 1594 2661 dictis
1618 2633 1745 2669 encycliis
1768 2634 1802 2661 ad
1831 2633 1948 2660 universi
1968 2631 2043 2659 orbis

452 2680 603 2713 praesules,
621 2680 690 2706 unde
706 2680 890 2716 excerpsimus
905 2688 990 2715 panca
1006 2679 1072 2706 haec
1090 2679 1181 2707 verba.
