2180 3205
153 239 202 264 An.
223 239 249 264 C.
270 239 335 267 ¹133

182 1007 330 1028 Violatoribus

145 1036 256 1060 privttegii
264 1035 330 1054 huius

145 1074 242 1094 divinam
261 1073 329 1093 ultio-

146 1107 196 1120 uein
208 1108 214 1124 ς

142 1764 325 1784 ΟΙ)5ἰ-νεῐοπί1)ι15

152 1796 205 1811 vero
222 1795 319 1821 ‘aeterna

142 1822 239 1842 praemia
251 1823 327 1843 preca-

142 1847 186 1864 iur.

142 2064 326 2091 resubscripno.

408 217 478 251 58ss

358 281 433 316 dum
464 282 518 316 Dei
542 282 684 315 timorem
708 288 738 314 et
764 280 801 314 B.
825 279 986 315 Benedicti
1015 292 1105 327 regu-

361 331 441 374 lam,
477 330 687 377 praeviderim
722 329 912 375 eligendum.
953 329 1046 371 Quod
1080 330 1105 364 si

358 392 491 426 persona
508 380 538 413 in
562 379 670 413 eodem
695 379 885 413 monasterio
907 378 943 412 ad
963 378 1106 413 abbatiae

357 428 660 462 administrationem
702 428 770 462 talis
815 440 876 462 non
917 428 1029 467 suerit,
1066 429 1105 462 ‹le

357 476 532 511 Casae—Dei
555 477 709 511 coenobio
735 477 878 522 eligatur,
900 477 1048 523 quamdin
1065 478 1106 511 vi-

356 525 470 560 delicet
505 526 566 560 illic
594 526 756 561 monastici
779 526 899 561 ordinis
926 526 1103 573 disciplina,

356 574 492 609 Domino
516 583 703 620 praestante,
727 575 874 621 viguerim
896 575 1016 610 electus
1043 588 1104 609 au-

355 632 416 658 tem
458 637 475 659 a
511 624 655 659 Romano
691 624 893 659 benedicatur
937 624 1103 659 Pontilice.

355 673 519 721 Quidquid
549 682 706 720 praeterea
728 673 891 714 libertatis,
914 686 969 707 seu
992 673 1104 719 digni-

355 722 426 757 tatis
456 723 713 769 praedecessores
739 723 836 757 nostri
867 723 1104 769 praenominato

355 773 546 807 monasterio
571 785 625 819 per
657 772 835 806 authentica
868 772 1102 818 privilegiorum

353 821 469 868 scripta
502 830 742 861 concesserunt,
779 833 835 855 uos
857 833 983 867 quoquc
1008 834 1104 867 prae-

355 871 452 905 sentis
476 871 627 917 privilegii
651 871 834 905 auctoritate
857 870 1061 904 concedimus
1074 878 1103 903 et

356 926 455 954 ratum
486 920 591 954 baberi
624 932 678 967 per
702 928 840 965 tempora
870 918 971 953 lutura
994 931 1104 953 cense-

355 981 436 1003 mus.
465 968 547 1003 Sane
563 981 634 1003 cum
658 968 695 1003 ad
720 969 799 1002 bene
822 968 995 1013 regendum
1020 968 1101 1001 idem

355 1017 410 1052 tibi
438 1019 641 1053 commissum
670 1017 708 1051 sit
736 1017 944 1055 coenobium,
973 1029 1103 1063 posses-

354 1067 460 1102 siones
484 1076 514 1101 et
542 1067 621 1101 bona
646 1067 745 1113 ipsius
772 1067 891 1111 integre
913 1067 944 1100 in
972 1074 1023 1100 tua
1043 1078 1105 1100 ma-

354 1125 447 1150 neant
471 1124 637 1163 potestate;
660 1115 811 1162 capellani
836 1116 932 1162 ipsius
943 1115 1103 1149 Ecclesiae

354 1165 409 1199 tibi
450 1165 660 1200 nihilominus
691 1166 753 1199 sint
789 1164 931 1198 subiecti.
971 1164 1003 1199 Si
1041 1176 1102 1211 qua

354 1214 449 1260 igitur
475 1215 505 1249 in
543 1215 682 1249 futurum
718 1213 928 1248 ecclesiastica
962 1213 1103 1248 saecula-

354 1264 435 1298 risve
458 1276 601 1310 persona,
624 1263 704 1298 lianc
725 1271 848 1297 nostrae
870 1262 1104 1297 constitutionis

355 1314 500 1360 paginam
528 1313 649 1352 sciens,
681 1321 787 1347 contra
815 1324 882 1346 eam
912 1320 1028 1347 temere
1057 1324 1104 1346 vc-

354 1363 421 1396 nire
449 1362 624 1402 tentaverit,
653 1362 792 1396 secundo
816 1362 943 1396 tertiove
966 1373 1104 1396 commo-

354 1412 431 1455 nita,
458 1412 482 1445 si
512 1424 573 1446 non
596 1411 806 1446 satisfactione
834 1423 969 1457 congrua
994 1422 1103 1445 emen-

354 1460 486 1501 daverit,
509 1461 671 1507 potestatis
685 1460 875 1506 honorisque
889 1461 936 1494 sui
954 1459 1103 1505 dignitate

352 1518 466 1554 careat,
490 1521 637 1564 reamque
660 1521 693 1544 se
716 1509 819 1544 (Ιίιῐηο
839 1509 955 1543 iudicio
970 1509 1102 1543 existere

350 1558 389 1593 de
425 1537 599 1613 perpetrata
627 1559 790 1605 iniquitate
817 1566 1006 1604 cognoscat,
1035 1566 1065 1592 et
1087 1570 1100 1591 a

349 1608 559 1642 saeratissimo
586 1608 727 1654 Corpore
748 1620 783 1642 ac
805 1607 968 1652 Sanguine
996 1585 1053 1641 bei
1073 1614 1102 1640 et

349 1656 476 1691 Domini
499 1656 724 1703 Redemptoiis
760 1657 857 1691 nostri
886 1656 955 1690 lesu
985 1656 1101 1690 Christi

349 1706 449 1740 aliena
484 1707 552 1744 fiat.
586 1714 679 1753 atque
715 1706 744 1739 in
781 1714 920 1740 extremo
958 1707 1103 1739 examine

350 1755 508 1790 districtae
532 1755 641 1789 ultioni
659 1754 828 1789 subiaceat.
853 1754 986 1788 Cunctis
999 1763 1100 1788 autem

350 1804 452 1839 eidem
480 1804 549 1839 loco
577 1805 656 1838 iusta
683 1803 882 1838 servantibus
904 1804 943 1837 sit
971 1816 1027 1850 pax
1045 1804 1103 1838 Do-

350 1858 425 1892 mini
454 1858 551 1893 nostri
574 1857 643 1892 Iesu
667 1857 802 1898 Christi;
827 1866 983 1903 quatenus
1002 1866 1031 1891 et
1054 1857 1103 1892 hic

351 1911 485 1945 fructum
508 1910 609 1945 bonae
627 1910 760 1945 actionis
785 1910 958 1956 percipiant
975 1918 1005 1945 et
1019 1911 1102 1957 apud

350 1965 525 2000 districtum
542 1964 680 1998 Iudicem
705 1963 842 2010 praemia
858 1960 1103 2010 aeternaepacis

351 2019 523 2053 inveniant.
551 2018 666 2056 Amen,
694 2029 798 2061 amen,
825 2029 929 2051 amen.

399 2072 472 2107 Eoo
500 2071 714 2106 lxxoccx'rms
743 2071 915 2105 catholicae
943 2070 1103 2105 Ecclesiae

351 2127 518 2174 episcopus
539 2125 725 2171 subscripsi.

400 2179 470 2214 Dat.
494 2179 671 2214 Cremonae
700 2190 754 2224 per
789 2191 916 2212 manum
945 2178 1101 2225 Aynierici

351 2242 477 2268 sanctae
499 2233 661 2267 Romanae
683 2231 844 2266 Ecclesiae
867 2232 988 2266 diaconi
1005 2231 1104 2266 cardi-

351 2287 429 2322 natis
444 2295 474 2322 et
488 2285 676 2329 cancellarii,
694 2298 719 2319 11
736 2285 776 2319 id.
793 2286 870 2326 iulii,
887 2285 997 2320 indict.
1009 2298 1031 2318 x
1046 2287 1102 2329 tl),

352 2341 578 2375 incarnationis
615 2339 791 2374 dominicae
828 2351 911 2374 anno
942 2351 1102 2379 mcxxxiii,

351 2394 552 2440 pontificatus
574 2406 646 2428 vero
668 2393 776 2428 domni
803 2393 979 2428 Innocentii
1001 2392 1103 2439 Papae

351 2448 481 2482 secundi
508 2460 591 2482 anno
613 2460 650 2482 111
675 2449 731 2492 ia).

420 2503 480 2534 Dat.
499 2505 546 2534 die
566 2505 601 2534 1-1-
621 2504 685 2533 iulii
705 2513 780 2533 anuo
799 2504 915 2534 Domini
940 2503 1026 2540 1133,

602 2550 704 2587 pontis.
724 2559 800 2578 anno
820 2557 855 2578 tv.

385 2604 423 2642 (l)
441 2604 506 2642 Lege
524 2612 559 2631 xi.
599 2604 639 2641 (⁹2)
655 2605 722 2640 Lege
738 2613 772 2632 iv.

948 225 1135 248 BUIJAmUM
1163 225 1326 248 ROMANPH

1477 280 1565 315 xlx.

1150 352 1311 385 Canom'ci's
1341 353 1496 385 Ecclesiae
1517 354 1553 386 S.
1581 354 1734 386 Antonini
1759 355 1791 387 in
1825 356 1899 388 urbe

1197 402 1373 434 Placentiae
1389 403 1480 438 bona,
1498 403 1568 435 iura
1581 409 1607 435 el
1618 403 1782 447 privilegia
1793 407 1897 437 onmia

1195 463 1250 483 con
1266 458 1420 483 armantur
1442 452 1495 493 (l).

1414 522 1627 553 smutstffltut

1147 583 1314 614 Exordium.
1335 601 1374 607 ——
1392 584 1468 614 Bona
1489 585 1524 614 ad
1542 585 1714 622 Ecclesiam,
1733 586 1768 616 de
1791 596 1847 625 qua
1867 588 1896 618 in

1185 629 1314 665 rubrica,
1344 630 1517 668 pertinentia
1542 630 1708 667 confirmat,
1723 647 1762 652 —
1778 630 1898 661 Etenn-

1188 679 1291 703 incrat:
1315 679 1342 703 et
1361 674 1591 703 consuetudines
1609 674 1637 703 in
1656 675 1779 713 capellis
1799 676 1894 706 eidem

1186 717 1328 746 subiectis
1348 718 1457 746 servari
1478 717 1568 747 iubet.
1598 734 1638 740 —
1655 718 1815 748 Innocentii
1841 718 1896 750 PP.

1186 766 1213 791 et
1231 761 1259 791 S.
1279 761 1311 791 l'..
1329 761 1358 790 E.
1378 762 1575 791 cardinalium
1595 761 1840 801 subscriptiones.
1858 781 1898 786 —

1144 823 1313 851 Innocentius
1334 823 1473 858 episcopus
1497 830 1591 851 servus
1619 830 1758 852 servorum
1776 824 1831 858 Dei,
1856 826 1895 854 di·

1187 873 1257 901 lecto
1276 872 1331 900 filio
1361 873 1441 900 Azoni
1472 873 1626 908 praeposito
1654 873 1786 902 Ecclesiae
1805 875 1896 904 Sancti

1188 921 1314 950 Antonini
1333 921 1477 955 martyris,
1498 927 1565 957 quae
1581 921 1609 949 in
1625 922 1738 950 civitate
1760 922 1895 952 Placentia

1188 970 1243 998 sita
1263 971 1315 1002 cst,
1333 970 1442 1006 eiusque
1461 970 1660 999 successorihus
1685 972 1811 1000 canonice
1831 973 1893 1000 sub·

1189 1020 1348 1052 sumendis,
1371 1020 1399 1047 in
1417 1020 1587 1055 perpetuum.

1193 1077 1297 1112 Ollicii
1335 1078 1430 1111 nostri
1466 1089 1522 1112 nos
1549 1077 1690 1112 hortatur
1727 1079 1895 1114 auctoritas

1146 1139 1200 1173 pro
1224 1127 1435 1161 Ecclesiaruin
1459 1135 1540 1161 statu
1568 1134 1708 1173 satagere
1730 1135 1760 1161 et
1783 1140 1892 1163 earum

1145 1176 1240 1222 quieti
1278 1184 1308 1211 et
1345 1176 1466 1210 utilitati
1500 1175 1687 1219 salubriter,
1725 1177 1893 1212 auxiliante

1144 1224 1292 1265 Domino,
1317 1225 1491 1272 providere.
1526 1225 1666 1271 Dignum
1695 1237 1833 1273 namque
1865 1234 1894 1261 et

1145 1275 1299 1309 honestati
1323 1274 1514 1309 conveniens
1535 1287 1604 1310 esse
1626 1276 1838 1321 cognoscitur,
1863 1284 1896 1310 ut

1144 1324 1197 1371 qui
1238 1324 1275 1358 ad
1311 1323 1522 1358 Ecclesiarum
1564 1324 1703 1370 regimen
1741 1325 1893 1371 assumpti

1144 1386 1267 1413 sumus,
1290 1385 1341 1408 eas
1355 1385 1370 1407 a
1387 1385 1554 1420 pravorum
1569 1373 1731 1408 hominum
1756 1374 1893 1421 nequitia

1144 1423 1307 1457 defensare
1334 1434 1492 1457 curemus.
1526 1422 1681 1464 Proinde,
1716 1422 1830 1458 dilecte
1861 1423 1893 1458 in

1145 1472 1282 1506 Domino
1315 1471 1358 1505 fili
1385 1471 1450 1506 Azo
1486 1472 1681 1519 praeposite,
1709 1472 1771 1507 tuis
1806 1473 1895 1507 iustis

1146 1521 1409 1567 postulationibus
1431 1533 1594 1555 assensum
1620 1521 1816 1567 praebentes,
1839 1533 1894 1556 ec-

1144 1570 1252 1604 lesiam
1285 1570 1371 1604 Beati
1394 1570 1544 1605 Antonini
1570 1571 1721 1617 martyris,
1749 1572 1798 1605 eui
1822 1570 1890 1605 Deo

1144 1628 1269 1654 auctore
1292 1619 1463 1674 praesides,
1486 1619 1684 1666 Apostolicae
1710 1619 1803 1654 Sedis
1819 1619 1890 1674 pri-

1146 1669 1258 1714 rilesio
1293 1669 1537 1703 communimus.
1577 1668 1753 1703 Statuimus
1786 1669 1893 1714 enim,

1146 1727 1177 1751 nt
1200 1730 1416 1764 quaecumque
1432 1718 1567 1764 praedia,
1590 1730 1808 1772 quaecumque
1824 1730 1893 1765 pos·

1145 1768 1319 1810 sessiones,
1352 1775 1402 1801 aut
1441 1768 1538 1805 bona
1571 1775 1633 1801 tam
1662 1767 1690 1800 in
1719 1767 1891 1808 Ecclesiis

1145 1828 1237 1862 qnam
1271 1818 1300 1849 in
1330 1817 1397 1850 aliis
1424 1816 1535 1855 rebus
1563 1816 1602 1850 ab
1632 1816 1791 1863 episeopis
1821 1816 1893 1851 Pta-

1145 1865 1287 1900 centinae
1311 1865 1482 1910 Ecclesiae,
1504 1878 1558 1900 seu
1574 1865 1644 1899 aliis
1660 1865 1716 1899 Dei
1735 1865 1891 1908 fidelibus,

1145 1914 1246 1949 eidem
1269 1914 1430 1948 Ecclesiae
1453 1922 1526 1949 sunt
1547 1926 1708 1958 concessa,
1731 1914 1816 1948 firma
1837 1914 1892 1948 tibi

1145 1964 1269 2010 tuisque
1296 1963 1532 1998 successoribus
1558 1972 1588 1998 et
1623 1963 1740 1998 illibata
1768 1975 1892 2010 perma-

1145 2021 1249 2047 neant
1277 2012 1310 2046 In
1334 2013 1450 2059 quibus
1466 2012 1541 2047 haee
1561 2013 1695 2059 propriis
1712 2012 1893 2047 nominibus

1145 2062 1292 2096 duximus
1319 2062 1537 2108 exprimenda:
1573 2061 1737 2096 ecclesiam
1773 2061 1892 2096 seilicet

1146 2111 1257 2145 Benat
1284 2111 1398 2145 Mariae
1432 2124 1463 2145 in
1497 2110 1646 2154 Curtina,
1686 2122 1766 2157 quae
1793 2122 1892 2157 prope

1145 2160 1264 2194 ecclesi·
1260 2173 1308 2194 ιιι]
1331 2160 1516 2195 Sanctorum
1533 2160 1686 2194 Antonini
1708 2169 1738 2194 et
1756 2159 1893 2195 Victoris

1145 2217 1316 2256 martyrum
1339 2209 1396 2244 sita
1429 2217 1493 2250 est,
1529 2221 1601 2243 cum
1624 2209 1735 2244 usibus
1757 2217 1788 2243 et
1813 2221 1892 2244 cou-

1145 2258 1385 2297 suetudinibus,
1425 2271 1503 2306 quas
1536 2258 1567 2292 in
1607 2258 1715 2293 eadem
1751 2258 1891 2293 Ecclesia

1146 2308 1436 2354 impraesentiarum
1459 2308 1555 2342 iustas
1585 2307 1701 2341 habere
1728 2307 1889 2347 videmini,

1146 2365 1177 2390 ut
1200 2356 1343 2391 videlicet
1369 2357 1400 2391 in
1427 2356 1576 2391 omnibus
1602 2356 1717 2391 Mariae
1744 2356 1892 2390 festivita-

1145 2405 1228 2440 tibus
1242 2406 1363 2440 tertiam
1384 2414 1501 2452 partem
1522 2405 1721 2440 candelarum
1740 2405 1890 2445 habeatis,

1144 2463 1237 2502 atque
1258 2455 1431 2489 secundum
1453 2454 1556 2489 Deum
1576 2454 1692 2489 ibidem
1715 2453 1892 2488 sacerdotes

1178 2524 1216 2559 (l)
1243 2525 1281 2550 Ex
1310 2524 1410 2551 archiv.
1436 2524 1567 2551 Ecclesiae
1592 2523 1671 2550 huius
1689 2523 1772 2550 edidit.
1790 2523 1891 2558 Campi,

1144 2567 1207 2590 tom.
1226 2572 1244 2595 i,
1263 2565 1287 2590 in
1308 2564 1414 2598 Regest.
1437 2564 1667 2590 Monumentorum
1692 2563 1723 2589 ad
1750 2562 1891 2591 Historiam

1144 2604 1318 2630 Placentinum
1336 2603 1534 2639 pertinentium,
1552 2610 1624 2629 num.
1642 2609 1726 2629 cxxii.

1925 219 1975 246 An.
1997 219 2108 247 01¹3ss

1950 1091 2076 1112 Exordium.

1935 1687 1994 1707 Bona
2004 1687 2030 1707 ad
2037 1686 2106 1707 Eccle-

1921 1714 1986 1738 siam,
1995 1715 2022 1734 de
2032 1713 2106 1739 quain

1922 1740 2018 1765 rubrica,
2037 1739 2107 1766 perti-

1921 1767 2004 1791 nentia,
2025 1766 2106 1787 confir-

1921 1796 1976 1817 man

1942 2012 1966 2032 Ει
1981 2013 2104 2032 enumerat:

1918 2041 1941 2059 et
1961 2037 2104 2058 consuetudi-

1920 2070 1958 2085 nes
1972 2065 1994 2085 in
2015 2064 2104 2090 capeliis

1919 2091 1991 2112 eidem
2001 2091 2104 2111 subiecti·

1918 2117 2001 2139 servari
2015 2117 2083 2138 iubet.
