2180 3205
169 251 219 280 An.
237 252 265 280 C.
288 252 355 281 1098

196 423 276 446 Solitae
298 426 354 447 clau-

168 451 234 472 sulae.

429 231 498 265 190

375 295 579 334 ad‹licantur;
593 293 648 330 sed
669 293 752 329 iuxta
768 299 947 328 sanctorum
969 305 1127 329 canonum

376 346 516 379 instituta
553 343 723 390 episcopali
756 355 881 390 semper
915 344 978 377 sint
1010 343 1127 378 subditi

375 394 572 440 disciplinae.
608 392 642 427 Si
676 393 746 439 quis
780 404 856 427 saue
887 392 919 426 in
954 394 1126 428 crastinum

374 442 645 490 archiepiscopus,
669 441 851 488 imperator,
870 450 924 477 aut
949 454 1018 482 rex,
1039 444 1127 490 prin-

374 504 459 538 cepS,
474 499 527 526 aut
541 491 617 532 dux,
628 491 786 532 marchio,
802 503 919 535 comeS‚
937 492 1125 533 vicecomes,

374 538 469 575 iudex
495 548 548 581 aut
568 540 781 575 ecclesiastica
801 540 961 587 quaelibet
982 543 1126 577 saecula-

373 590 454 624 risve
478 602 623 637 persona,
639 590 721 625 hanc
743 598 867 625 nostrae
890 591 1126 626 constitutionis

373 639 520 685 pagiuam
540 639 654 684 sciens,
670 647 778 674 contra
797 651 866 674 eam
885 647 1001 675 temere
1019 642 1126 676 venire

373 689 558 743 tentaverit,
594 689 736 723 secundo
760 689 890 724 tertiove
916 691 1125 736 commonita,

371 738 397 772 si
421 750 483 772 non
507 737 719 773 satisfactione
747 750 885 784 congrua
900 739 1124 781 emendaverit

372 788 534 833 potestatis
557 787 749 835 honorisque
770 789 818 822 sui
840 788 991 834 dignitate
1011 798 1124 833 careat,

372 848 520 884 reamque
554 849 588 871 se
622 836 730 871 divino
768 837 884 872 iudicio
917 838 1053 873 existere
1086 839 1124 874 de

370 894 548 933 perpetrata
572 886 735 933 iniquitate
750 894 929 932 cognoscat
944 895 974 921 et
989 899 1005 922 a
1021 900 1125 922 sacra-

370 935 493 969 tissimo
515 934 656 982 Corpore
678 948 714 970 ac
735 935 900 982 Sanguine
922 936 980 970 Dei
1007 945 1036 971 et
1059 937 1124 971 Do-

370 985 447 1018 mini
489 984 713 1031 Redemptoris
755 986 851 1019 nostri
895 985 964 1020 Iesu
1005 986 1122 1021 Christi

370 1033 490 1068 alienus
526 1034 597 1076 fiat,
624 1041 718 1081 atque
753 1034 784 1068 in
812 1042 953 1069 extremo
980 1036 1123 1071 examine

369 1082 530 1118 districtae
544 1083 654 1117 ultioni
672 1083 843 1118 subiaceat.
867 1083 1000 1119 Cunctis
1018 1093 1123 1119 autem

369 1132 472 1166 eidem
500 1131 570 1166 loco
593 1131 674 1167 iusta
696 1132 896 1168 servantibus
914 1133 954 1168 sit
975 1146 1035 1180 pax
1056 1134 1123 1169 Do-

369 1181 446 1215 mini
469 1181 567 1216 nostri
589 1181 660 1216 Iesu
681 1181 812 1222 Christi,
835 1190 990 1229 quatenus
1012 1191 1041 1217 et
1073 1184 1122 1219 hic

370 1230 504 1264 fructum
548 1230 649 1265 bonae
690 1231 823 1265 actionis
861 1232 1057 1279 percipiant,
1092 1241 1122 1268 et

367 1279 451 1326 apud
466 1279 644 1314 districtum
661 1279 801 1314 Iudicem
819 1283 955 1327 praemia
977 1290 1122 1317 aeternae

369 1329 453 1372 pacis
495 1329 666 1363 inveniant.
701 1329 862 1376 Scriptum
902 1343 957 1376 per
994 1343 1120 1366 inanum

366 1377 516 1433 Iohannis
537 1386 662 1413 sanctae
684 1377 846 1413 Romanae
860 1379 1020 1414 Ecclesiae
1037 1381 1122 1415 scri—

368 1427 469 1467 niarii,
491 1426 691 1462 Constantini
710 1428 780 1469 filii
805 1429 834 1462 iu
856 1441 963 1463 mense
985 1437 1015 1463 et
1037 1429 1122 1464 indi—

368 1476 475 1511 ctione
507 1476 696 1523 subscripta.
733 1477 848 1511 Datuin
887 1477 1030 1513 Laterani
1066 1492 1121 1526 per

367 1538 496 1560 manum
515 1525 665 1560 Iohannis
686 1534 812 1561 sanctae
828 1526 990 1562 Romanae
1008 1528 1121 1563 Eccle-

367 1575 431 1609 siae
454 1574 577 1609 diaconi
606 1575 784 1616 cardinalis,
814 1588 875 1610 vul
904 1576 974 1611 idus
1001 1578 1120 1624 aprilis

369 1623 597 1664 indictionevi,
608 1636 691 1658 anno
706 1624 902 1660 dominicae
897 1628 1121 1662 incarnationis

366 1684 512 1713 mxcvm,
535 1674 737 1719 pontificatus
759 1682 862 1709 autem
880 1675 986 1710 domni
1002 1675 1119 1711 Urbani

367 1722 497 1756 secundi
520 1722 625 1770 Papae
647 1736 690 1757 xi.

430 1778 492 1808 Dat.
512 1779 558 1809 die
577 1780 594 1810 6
612 1780 713 1818 aprilis
732 1789 809 1810 anno
827 1780 944 1811 Domini
967 1781 1051 1819 1098,

614 1820 716 1860 pontis.
736 1829 812 1850 anno
834 1829 872 1850 xr.

680 1957 808 1992 XLVII.

366 2032 575 2067 Salernitam's
602 2034 835 2079 archiepiscopis
859 2036 1012 2079 primatus
1033 2048 1122 2080 super

420 2086 595 2119 Consanam
627 2094 654 2120 et
686 2089 928 2122 Acheruntinam
968 2091 1121 2123 Ecclesias

416 2141 634 2184 confirmatur:
650 2153 717 2174 cum
732 2143 848 2175 decreto
870 2144 952 2187 quod
966 2155 1034 2176 cum
1050 2145 1122 2177 illo-

417 2205 486 2227 rum
512 2195 638 2227 consilio
666 2196 794 2228 istarum
822 2197 1044 2240 archiepiscopi
1067 2199 1120 2230 eli-

415 2254 542 2292 quatur,
559 2249 759 2281 obedientiam
777 2249 837 2281 illis
854 2250 1036 2293 praestituri
1058 2252 1118 2293 (l).

635 2320 851 2352 SUMMARIUM

369 2385 534 2416 Exordium.
562 2403 602 2410 -
621 2386 822 2417 salernitanae
845 2388 995 2418 Ecclesiae
1017 2388 1119 2418 decus.

407 2447 446 2452 —
476 2431 622 2460 Primatus
650 2441 739 2470 super
767 2432 931 2462 Consanum
965 2437 993 2462 et
1025 2432 1121 2462 Aeae-

408 2476 554 2504 ruutinam
574 2475 733 2506 Ecclesias.
749 2494 789 2499 -
804 2476 925 2506 Illorum
942 2477 1118 2515 archiepisc.

409 2528 525 2558 semper
549 2529 615 2548 cum
644 2521 770 2550 consiiio
797 2521 973 2551 Salernitani
999 2521 1118 2551 archie-

410 2563 482 2601 pisc.
515 2563 656 2601 eligenili3
692 2565 737 2593 coi
771 2570 834 2603 post
866 2565 1118 2594 consecrationem

405 2624 445 2659 (l)
455 2624 494 2651 Ab
505 2625 648 2660 exemplari
659 2625 739 2652 edidit
751 2625 851 2661 Ugheli.
862 2626 920 2652 ltal.
930 2626 989 2653 Sac.
1002 2630 1056 2654 tom
1069 2634 1117 2653 vit.

945 237 1134 261 BULLARIUM

1170 234 1192 265 1(
1207 235 1348 261 omxmx

1211 290 1408 322 obedientiam
1434 288 1613 328 promittant.
1630 306 1670 313 —
1693 289 1865 320 Adhortatio
1889 289 1928 320 ad

1211 335 1413 366 Salernitanos
1435 334 1586 372 archiepp.
1604 350 1644 356 -—
1660 333 1827 363 Clausulae.

1172 398 1277 429 Urbanus
1309 396 1428 434 episcopus
1451 404 1528 425 servus
1550 404 1668 425 servorum
1689 395 1740 433 Dei,
1759 395 1848 425 dilecto
1865 393 1930 425 [ratri

1209 441 1292 472 Aliana
1314 441 1461 470 Salernitana
1485 439 1659 478 archiepiscopo
1678 440 1773 478 eiusque
1791 439 1930 469 successori-

1209 486 1251 516 bus
1268 486 1378 515 canonice
1401 483 1576 524 promovendis,
1596 483 1619 513 in
1636 487 1786 522 perpetuum.

1215 547 1384 594 Singulare
1419 553 1548 593 semper
1584 545 1680 581 Sedis
1720 546 1922 593 Apostolicae

1170 598 1366 645 pii-vilegium
1405 596 1542 639 claruit,
1575 595 1733 630 subiectas
1769 595 1829 630 sibi
1867 607 1923 642 per

1168 648 1275 682 orbem
1297 655 1450 681 terrarum
1478 644 1639 679 Ecclesias
1672 652 1703 679 et
1736 644 1923 680 auctoritate

1167 697 1348 744 disponere,
1369 703 1399 730 et
1421 694 1614 740 benignitate
1637 693 1782 729 clement'
1777 707 1827 729 ius
1847 706 1924 729 con-

1168 746 1287 781 fovmeie
1305 745 1422 800 quibus
1443 752 1549 779 autern
1568 755 1725 789 supernae
1748 743 1922 779 Miiestatis

1166 796 1306 842 dignatio
1327 795 1444 841 gratiae
1471 805 1547 828 suae
1582 793 1756 840 pleniorem
1784 793 1921 828 contulit

1167 845 1361 891 largitatem
1390 844 1458 890 ipsa
1495 843 1588 877 etiarn
1623 842 1789 877 consuevit
1815 843 1921 878 excel-

1167 894 1330 929 lentiorem
1359 892 1561 928 contribuere
1596 891 1793 938 dignitatem.
1827 891 1920 928 Unde

1166 956 1227 978 uon
1255 943 1413 977 immerito
1444 942 1650 980 extimuimus,
1685 941 1917 977 Salernitanam

1164 992 1373 1040 amplioribus
1400 1000 1524 1026 nostrae
1552 990 1753 1037 benignitatis
1776 991 1919 1026 muneri-

1166 1041 1224 1076 bus
1246 1040 1476 1081 honorandam,
1498 1052 1592 1087 quam
1621 1040 1824 1087 omnipotens
1852 1041 1920 1076 Do-

1166 1091 1273 1125 minus
1285 1090 1416 1125 eximiae
1429 1101 1504 1124 suae
1517 1089 1694 1124 donationis
1704 1090 1917 1136 praerogativa

1165 1152 1220 1185 per
1251 1138 1497 1174 misericordiam
1527 1138 1692 1184 gratuitam
1721 1139 1916 1174 sublimavit.

1163 1189 1210 1223 Ex
1253 1188 1432 1224 novissimis
1474 1199 1609 1234 namque
1647 1194 1800 1222 terrarum
1842 1188 1918 1223 fini-

1164 1238 1223 1272 bus
1256 1238 1293 1272 B.
1321 1237 1468 1272 Matthaei
1490 1236 1623 1284 apostoli
1649 1244 1679 1271 et
1706 1236 1917 1283 evangelistae

1163 1299 1278 1335 corpus
1299 1287 1336 1322 ad
1352 1287 1433 1321 hanc
1448 1285 1574 1330 deferri,
1593 1285 1678 1333 apud
1694 1285 1775 1322 hanc
1797 1286 1915 1329 haberi,

1162 1337 1405 1372 clementissima
1416 1347 1491 1370 suae
1501 1335 1717 1382 dispositionis
1730 1335 1915 1382 dignatione

1164 1387 1319 1432 permisit:
1354 1386 1445 1420 cuius
1477 1385 1600 1419 scilicet
1625 1385 1759 1431 apostoli
1795 1393 1913 1432 quanta

1162 1436 1201 1469 sit
1228 1436 1258 1470 in
1281 1436 1348 1470 Deo
1371 1444 1399 1469 et
1417 1434 1559 1469 Ecclesia
1581 1433 1698 1480 gloriae
1715 1435 1916 1480 eccellentia,

1162 1485 1345 1519 collatorum
1368 1483 1520 1518 divinitus
1543 1495 1710 1517 munerum
1733 1484 1831 1529 gratia
1855 1496 1916 1520 cu-

1164 1535 1277 1568 mulate
1317 1534 1523 1568 demonstrat.
1568 1531 1625 1567 Hic
1669 1532 1753 1567 enim
1791 1534 1913 1580 primus

1164 1583 1243 1618 inter
1270 1590 1410 1618 caeteros
1440 1582 1600 1628 Evangelii
1628 1582 1742 1617 seriem
1774 1583 1914 1618 scribere

1163 1633 1368 1678 inspiratione
1400 1631 1506 1666 divina
1536 1643 1667 1665 exorsus
1699 1639 1756 1666 est.
1791 1631 1851 1667 Hic
1882 1632 1914 1667 in

1163 1681 1259 1716 divini
1282 1681 1412 1716 seminis
1440 1680 1540 1715 fructu
1569 1680 1661 1715 trium
1683 1681 1830 1716 ordinum
1857 1693 1916 1717 co-

1163 1743 1271 1765 ronam
1288 1731 1493 1765 centesimam
1509 1729 1711 1775 singulariter
1733 1731 1913 1777 reportavit,

1164 1788 1196 1814 ut
1214 1780 1308 1814 simul
1335 1780 1509 1827 apostolus,
1536 1779 1724 1825 evangelista
1746 1787 1777 1814 et
1798 1788 1915 1828 martyr

1163 1830 1323 1864 existeret:
1363 1829 1476 1863 adiecit
1512 1828 1556 1862 ad
1598 1828 1674 1863 haec
1711 1828 1914 1876 omnipotens

1164 1878 1330 1917 Dominus,
1353 1887 1386 1912 nt
1407 1877 1549 1912 eamdem
1562 1877 1737 1912 Ecclesiam
1759 1878 1914 1924 glorioso-

1163 1939 1231 1961 rum
1255 1935 1424 1974 martyrum
1440 1926 1615 1970 Fortunati,
1632 1926 1701 1961 Gaii
1718 1934 1747 1961 et
1765 1928 1912 1973 Antheis‚

1163 1977 1330 2023 triumphis
1348 1975 1442 2010 simul
1469 1983 1500 2010 et
1526 1976 1713 2022 corporibus
1734 1976 1912 2012 honoraret.

1162 2026 1318 2071 Apposuit
1339 2025 1432 2059 etiam
1456 2025 1537 2059 tertii
1559 2025 1699 2060 muneris
1725 2025 1912 2071 claritatem,

1164 2083 1195 2108 ut
1217 2086 1284 2109 eam
1308 2075 1423 2109 nostris
1450 2074 1643 2119 temporibus
1669 2073 1813 2121 Gregorii
1839 2087 1916 2122 apo-

1162 2124 1289 2158 stolicae
1322 2123 1490 2158 memoriae
1518 2123 1621 2170 Papae
1650 2123 1707 2157 Vll
1733 2132 1794 2158 tam
1817 2125 1912 2160 exilio

1162 2185 1255 2219 qnam
1299 2172 1421 2207 tumulo
1464 2172 1651 2213 illustraret3
1685 2173 1777 2207 cuius
1816 2185 1911 2220 quam

1162 2222 1288 2268 egregia
1327 2222 1404 2264 vita,
1432 2233 1525 2268 quam
1566 2221 1722 2267 praeclara
1749 2221 1912 2264 doctrina,

1162 2284 1254 2316 quam
1278 2271 1417 2305 miranda
1440 2271 1614 2305 constantia
1636 2270 1741 2316 fuerit,
1767 2271 1911 2306 Romana

1162 2320 1302 2354 Ecclesia
1340 2319 1518 2366 praedicat:
1554 2319 1714 2354 Occidens
1748 2320 1912 2356 universus

1161 2369 1318 2415 agnoscit:
1354 2377 1557 2416 tyrannorum
1587 2369 1757 2413 pertinacia
1782 2369 1911 2405 tolerata

1161 2427 1190 2452 et
1204 2418 1384 2453 conculcata
1408 2425 1548 2452 testatur.
1565 2417 1630 2452 Nec
1652 2417 1728 2452 illud
1750 2425 1911 2465 tamquam

1162 2468 1272 2512 ingrati
1289 2467 1507 2514 praeterimus,
1522 2479 1602 2514 quae
1615 2467 1695 2501 inter
1710 2467 1912 2503 multimodas

1160 2516 1252 2550 Sedis
1290 2516 1489 2563 Apostolicae
1525 2516 1785 2563 persecutiones,
1829 2529 1909 2564 quas

1161 2566 1275 2599 nostris
1308 2565 1502 2610 temporibus
1531 2565 1658 2611 pertulit
1685 2565 1827 2599 Ecclesia
1855 2577 1914 2600 ea-

1160 2614 1253 2655 dem,
1280 2614 1580 2660 gloriosissimorum
1614 2613 1731 2649 ducum
1758 2614 1909 2661 Roberti,

1951 264 2000 292 An.
2020 264 2049 293 C.
2066 265 2134 293 ts93

1978 582 2100 605 Exordium.

1986 928 2134 950 salernitanae

1944 955 2052 978 Ecclesiae
2062 954 2135 978 daem.
