<?xml version="1.0" encoding="UTF-8"?>
<!DOCTYPE html PUBLIC "-//W3C//DTD XHTML 1.0 Transitional//EN"
    "http://www.w3.org/TR/xhtml1/DTD/xhtml1-transitional.dtd">
<html xmlns="http://www.w3.org/1999/xhtml" xml:lang="en" lang="en">
 <head>
  <title>
</title>
<meta http-equiv="Content-Type" content="text/html;charset=utf-8" />
  <meta name='ocr-system' content='tesseract 3.04.00' />
  <meta name='ocr-capabilities' content='ocr_page ocr_carea ocr_par ocr_line ocrx_word'/>
</head>
<body>
  <div class='ocr_page' id='page_1' title='image "./bullarumdiplomat02cath_0254.png"; bbox 0 0 2180 3205; ppageno 0'>
   <div class='ocr_carea' id='block_1_1' title="bbox 130 313 314 342">
    <p class='ocr_par' dir='ltr' id='par_1_1' title="bbox 130 313 314 342">
     <span class='ocr_line' id='line_1_1' title="bbox 130 313 314 342; baseline -0.005 0"><span class='ocrx_word' id='word_1_1' title='bbox 130 317 179 342; x_wconf 70' lang='lat' dir='ltr'>An.</span> <span class='ocrx_word' id='word_1_2' title='bbox 200 314 228 342; x_wconf 88' lang='lat' dir='ltr'>C.</span> <span class='ocrx_word' id='word_1_3' title='bbox 247 313 314 342; x_wconf 80' lang='lat'>1105</span> 
     </span>
    </p>
   </div>
   <div class='ocr_carea' id='block_1_2' title="bbox 178 2551 306 2573">
    <p class='ocr_par' dir='ltr' id='par_1_2' title="bbox 178 2551 306 2573">
     <span class='ocr_line' id='line_1_2' title="bbox 178 2551 306 2573; baseline -0.008 0"><span class='ocrx_word' id='word_1_4' title='bbox 178 2551 306 2573; x_wconf 75' lang='lat' dir='ltr'><strong>Exordium.</strong></span> 
     </span>
    </p>
   </div>
   <div class='ocr_carea' id='block_1_3' title="bbox 339 294 1117 453">
    <p class='ocr_par' dir='ltr' id='par_1_3' title="bbox 339 294 1092 453">
     <span class='ocr_line' id='line_1_3' title="bbox 391 294 461 327; baseline -0.014 0"><span class='ocrx_word' id='word_1_5' title='bbox 391 294 461 327; x_wconf 72' lang='lat'>256</span> 
     </span>
     <span class='ocr_line' id='line_1_4' title="bbox 339 349 1117 397; baseline -0.015 -3"><span class='ocrx_word' id='word_1_6' title='bbox 339 359 412 394; x_wconf 79' lang='lat' dir='ltr'>Eco</span> <span class='ocrx_word' id='word_1_7' title='bbox 434 358 616 392; x_wconf 57' lang='lat' dir='ltr'>Pascmms</span> <span class='ocrx_word' id='word_1_8' title='bbox 637 351 810 390; x_wconf 85' lang='lat' dir='ltr'>catholicae</span> <span class='ocrx_word' id='word_1_9' title='bbox 830 350 999 389; x_wconf 28' lang='lat' dir='ltr'>Ecclesiae*</span> <span class='ocrx_word' id='word_1_10' title='bbox 1018 349 1117 397; x_wconf 89' lang='lat' dir='ltr'>epi-</span> 
     </span>
     <span class='ocr_line' id='line_1_5' title="bbox 392 419 519 453; baseline -0.024 -11"><span class='ocrx_word' id='word_1_11' title='bbox 392 419 519 453; x_wconf 64' lang='lat' dir='ltr'>SCOPUS.</span> 
     </span>
    </p>
   </div>
   <div class='ocr_carea' id='block_1_4' title="bbox 354 477 1083 826">
    <p class='ocr_par' dir='ltr' id='par_1_4' title="bbox 354 477 1083 826">
     <span class='ocr_line' id='line_1_6' title="bbox 354 477 1083 826; baseline 0 2379"><span class='ocrx_word' id='word_1_12' title='bbox 354 477 1083 826; x_wconf 95' lang='lat' dir='ltr'> </span> 
     </span>
    </p>
   </div>
   <div class='ocr_carea' id='block_1_5' title="bbox 344 851 1099 1092">
    <p class='ocr_par' dir='ltr' id='par_1_5' title="bbox 344 851 1099 1092">
     <span class='ocr_line' id='line_1_7' title="bbox 394 851 1098 900; baseline -0.006 -10"><span class='ocrx_word' id='word_1_13' title='bbox 394 855 509 890; x_wconf 87' lang='lat' dir='ltr'>Datum</span> <span class='ocrx_word' id='word_1_14' title='bbox 543 853 689 888; x_wconf 77' lang='lat' dir='ltr'>Laterani</span> <span class='ocrx_word' id='word_1_15' title='bbox 723 864 778 900; x_wconf 87' lang='lat' dir='ltr'>per</span> <span class='ocrx_word' id='word_1_16' title='bbox 809 864 937 887; x_wconf 89' lang='lat' dir='ltr'>manum</span> <span class='ocrx_word' id='word_1_17' title='bbox 971 851 1098 887; x_wconf 90' lang='lat' dir='ltr'>Ioannis</span> 
     </span>
     <span class='ocr_line' id='line_1_8' title="bbox 344 901 1098 942; baseline -0.005 -2"><span class='ocrx_word' id='word_1_18' title='bbox 344 906 379 941; x_wconf 88' lang='lat' dir='ltr'>S.</span> <span class='ocrx_word' id='word_1_19' title='bbox 407 904 447 939; x_wconf 82' lang='lat' dir='ltr'>R.</span> <span class='ocrx_word' id='word_1_20' title='bbox 480 904 519 938; x_wconf 87' lang='lat' dir='ltr'>E.</span> <span class='ocrx_word' id='word_1_21' title='bbox 546 902 668 937; x_wconf 88' lang='lat' dir='ltr'>diaconi</span> <span class='ocrx_word' id='word_1_22' title='bbox 704 901 893 942; x_wconf 82' lang='lat' dir='ltr'>cardinalis,</span> <span class='ocrx_word' id='word_1_23' title='bbox 927 901 1098 936; x_wconf 77' lang='lat' dir='ltr'>indictione</span> 
     </span>
     <span class='ocr_line' id='line_1_9' title="bbox 344 950 1099 998; baseline -0.004 -9"><span class='ocrx_word' id='word_1_24' title='bbox 344 966 421 994; x_wconf 81' lang='lat' dir='ltr'>xm,</span> <span class='ocrx_word' id='word_1_25' title='bbox 458 965 516 987; x_wconf 81' lang='lat' dir='ltr'>xvt</span> <span class='ocrx_word' id='word_1_26' title='bbox 549 951 610 986; x_wconf 82' lang='lat' dir='ltr'>kal.</span> <span class='ocrx_word' id='word_1_27' title='bbox 645 951 774 998; x_wconf 82' lang='lat' dir='ltr'>aprilis,</span> <span class='ocrx_word' id='word_1_28' title='bbox 803 963 885 985; x_wconf 90' lang='lat' dir='ltr'>anno</span> <span class='ocrx_word' id='word_1_29' title='bbox 922 950 1099 986; x_wconf 78' lang='lat' dir='ltr'>dominicae</span> 
     </span>
     <span class='ocr_line' id='line_1_10' title="bbox 346 1000 1098 1047; baseline -0.005 -9"><span class='ocrx_word' id='word_1_30' title='bbox 346 1001 572 1038; x_wconf 84' lang='lat' dir='ltr'>incarnationis</span> <span class='ocrx_word' id='word_1_31' title='bbox 614 1012 704 1041; x_wconf 63' lang='grc' dir='ltr'>Μῦν,</span> <span class='ocrx_word' id='word_1_32' title='bbox 750 1000 951 1047; x_wconf 88' lang='lat' dir='ltr'>pontificatus</span> <span class='ocrx_word' id='word_1_33' title='bbox 993 1008 1098 1035; x_wconf 88' lang='lat' dir='ltr'>autem</span> 
     </span>
     <span class='ocr_line' id='line_1_11' title="bbox 347 1049 938 1092; baseline -0.008 -5"><span class='ocrx_word' id='word_1_34' title='bbox 347 1052 455 1087; x_wconf 89' lang='lat' dir='ltr'>domni</span> <span class='ocrx_word' id='word_1_35' title='bbox 483 1050 645 1085; x_wconf 83' lang='lat' dir='ltr'>Pasclialis</span> <span class='ocrx_word' id='word_1_36' title='bbox 666 1049 812 1092; x_wconf 79' lang='lat' dir='ltr'>secundi,</span> <span class='ocrx_word' id='word_1_37' title='bbox 839 1057 938 1083; x_wconf 70' lang='lat' dir='ltr'>sexto.</span> 
     </span>
    </p>
   </div>
   <div class='ocr_carea' id='block_1_6' title="bbox 400 1101 1050 1182">
    <p class='ocr_par' dir='ltr' id='par_1_6' title="bbox 400 1101 1050 1182">
     <span class='ocr_line' id='line_1_12' title="bbox 400 1101 1050 1139; baseline -0.005 -4"><span class='ocrx_word' id='word_1_38' title='bbox 400 1105 461 1135; x_wconf 89' lang='lat' dir='ltr'>Dat.</span> <span class='ocrx_word' id='word_1_39' title='bbox 480 1104 527 1134; x_wconf 91' lang='lat' dir='ltr'>die</span> <span class='ocrx_word' id='word_1_40' title='bbox 546 1103 581 1133; x_wconf 74' lang='lat'>17</span> <span class='ocrx_word' id='word_1_41' title='bbox 606 1102 701 1131; x_wconf 87' lang='lat' dir='ltr'>martii</span> <span class='ocrx_word' id='word_1_42' title='bbox 724 1111 801 1131; x_wconf 90' lang='lat' dir='ltr'>anno</span> <span class='ocrx_word' id='word_1_43' title='bbox 824 1101 941 1131; x_wconf 86' lang='lat' dir='ltr'>Domini</span> <span class='ocrx_word' id='word_1_44' title='bbox 966 1102 1050 1139; x_wconf 83' lang='lat'><strong>1105,</strong></span> 
     </span>
     <span class='ocr_line' id='line_1_13' title="bbox 597 1141 859 1182; baseline -0.004 -11"><span class='ocrx_word' id='word_1_45' title='bbox 597 1141 700 1182; x_wconf 86' lang='lat' dir='ltr'>pontis.</span> <span class='ocrx_word' id='word_1_46' title='bbox 722 1149 799 1171; x_wconf 87' lang='lat' dir='ltr'>anno</span> <span class='ocrx_word' id='word_1_47' title='bbox 822 1150 859 1171; x_wconf 78' lang='lat' dir='ltr'>Vl.</span> 
     </span>
    </p>
   </div>
   <div class='ocr_carea' id='block_1_7' title="bbox 681 1224 768 1259">
    <p class='ocr_par' dir='ltr' id='par_1_7' title="bbox 681 1224 768 1259">
     <span class='ocr_line' id='line_1_14' title="bbox 681 1224 768 1259; baseline 0 0"><span class='ocrx_word' id='word_1_48' title='bbox 681 1224 768 1259; x_wconf 84' lang='lat' dir='ltr'>XXI.</span> 
     </span>
    </p>
   </div>
   <div class='ocr_carea' id='block_1_8' title="bbox 351 1283 1102 1477">
    <p class='ocr_par' dir='ltr' id='par_1_8' title="bbox 351 1283 1102 1477">
     <span class='ocr_line' id='line_1_15' title="bbox 351 1283 1102 1329; baseline -0.003 -12"><span class='ocrx_word' id='word_1_49' title='bbox 351 1284 553 1329; x_wconf 79' lang='lat' dir='ltr'>Confirmatio</span> <span class='ocrx_word' id='word_1_50' title='bbox 579 1283 707 1328; x_wconf 71' lang='lat' dir='ltr'>iuriam,</span> <span class='ocrx_word' id='word_1_51' title='bbox 733 1284 966 1329; x_wconf 61' lang='lat' dir='ltr'>privilegiorum</span> <span class='ocrx_word' id='word_1_52' title='bbox 999 1289 1025 1316; x_wconf 80' lang='lat' dir='ltr'>et</span> <span class='ocrx_word' id='word_1_53' title='bbox 1047 1283 1102 1316; x_wconf 88' lang='lat' dir='ltr'>bo-</span> 
     </span>
     <span class='ocr_line' id='line_1_16' title="bbox 398 1332 1100 1367; baseline -0.003 -2"><span class='ocrx_word' id='word_1_54' title='bbox 398 1344 510 1366; x_wconf 83' lang='lat' dir='ltr'>norum</span> <span class='ocrx_word' id='word_1_55' title='bbox 553 1334 689 1366; x_wconf 80' lang='lat' dir='ltr'>omm‘um</span> <span class='ocrx_word' id='word_1_56' title='bbox 735 1335 777 1367; x_wconf 69' lang='lat' dir='ltr'>acl</span> <span class='ocrx_word' id='word_1_57' title='bbox 816 1333 1035 1366; x_wconf 78' lang='lat' dir='ltr'>moimsterium</span> <span class='ocrx_word' id='word_1_58' title='bbox 1067 1332 1100 1364; x_wconf 79' lang='lat' dir='ltr'>S.</span> 
     </span>
     <span class='ocr_line' id='line_1_17' title="bbox 399 1382 1101 1426; baseline -0.003 -11"><span class='ocrx_word' id='word_1_59' title='bbox 399 1382 556 1415; x_wconf 80' lang='lat' dir='ltr'>Benedicti</span> <span class='ocrx_word' id='word_1_60' title='bbox 584 1394 674 1426; x_wconf 76' lang='lat' dir='ltr'>super</span> <span class='ocrx_word' id='word_1_61' title='bbox 708 1383 832 1416; x_wconf 81' lang='lat' dir='ltr'>Padum</span> <span class='ocrx_word' id='word_1_62' title='bbox 859 1383 911 1415; x_wconf 80' lang='lat' dir='ltr'>sili</span> <span class='ocrx_word' id='word_1_63' title='bbox 933 1382 1101 1415; x_wconf 71' lang='lat' dir='ltr'>Mantuam.</span> 
     </span>
     <span class='ocr_line' id='line_1_18' title="bbox 399 1432 1052 1477; baseline -0.005 -12"><span class='ocrx_word' id='word_1_64' title='bbox 399 1432 494 1465; x_wconf 78' lang='lat' dir='ltr'>di&#39;oec.</span> <span class='ocrx_word' id='word_1_65' title='bbox 521 1432 747 1476; x_wconf 82' lang='lat' dir='ltr'>quomodolibet</span> <span class='ocrx_word' id='word_1_66' title='bbox 769 1432 968 1477; x_wconf 75' lang='lat' dir='ltr'>spectantium</span> <span class='ocrx_word' id='word_1_67' title='bbox 991 1433 1052 1473; x_wconf 77' lang='lat' dir='ltr'>(l).</span> 
     </span>
    </p>
   </div>
   <div class='ocr_carea' id='block_1_9' title="bbox 625 1487 841 1518">
    <p class='ocr_par' dir='ltr' id='par_1_9' title="bbox 625 1487 841 1518">
     <span class='ocr_line' id='line_1_19' title="bbox 625 1487 841 1518; baseline 0.005 -1"><span class='ocrx_word' id='word_1_68' title='bbox 625 1487 841 1518; x_wconf 67' lang='lat' dir='ltr'>SUMMARIUM</span> 
     </span>
    </p>
   </div>
   <div class='ocr_carea' id='block_1_10' title="bbox 350 1535 1106 1803">
    <p class='ocr_par' dir='ltr' id='par_1_10' title="bbox 350 1535 1106 1803">
     <span class='ocr_line' id='line_1_20' title="bbox 350 1535 1103 1573; baseline -0.003 -8"><span class='ocrx_word' id='word_1_69' title='bbox 350 1535 518 1566; x_wconf 83' lang='lat' dir='ltr'>Exordium.</span> <span class='ocrx_word' id='word_1_70' title='bbox 536 1553 576 1558; x_wconf 98' lang='lat'><strong>—</strong></span> <span class='ocrx_word' id='word_1_71' title='bbox 602 1536 724 1566; x_wconf 78' lang='lat' dir='ltr'>Monast.</span> <span class='ocrx_word' id='word_1_72' title='bbox 751 1535 779 1565; x_wconf 88' lang='lat' dir='ltr'>S.</span> <span class='ocrx_word' id='word_1_73' title='bbox 802 1535 952 1565; x_wconf 76' lang='lat' dir='ltr'>Benedicti</span> <span class='ocrx_word' id='word_1_74' title='bbox 975 1535 1005 1564; x_wconf 92' lang='lat' dir='ltr'>in</span> <span class='ocrx_word' id='word_1_75' title='bbox 1022 1535 1103 1573; x_wconf 80' lang='lat' dir='ltr'>Apo-</span> 
     </span>
     <span class='ocr_line' id='line_1_21' title="bbox 391 1574 1106 1614; baseline -0.003 -9"><span class='ocrx_word' id='word_1_76' title='bbox 391 1576 514 1605; x_wconf 87' lang='lat' dir='ltr'>stolicae</span> <span class='ocrx_word' id='word_1_77' title='bbox 536 1574 621 1605; x_wconf 88' lang='lat' dir='ltr'>Sedis</span> <span class='ocrx_word' id='word_1_78' title='bbox 650 1576 854 1605; x_wconf 76' lang='lat' dir='ltr'>defensionem</span> <span class='ocrx_word' id='word_1_79' title='bbox 886 1575 1039 1614; x_wconf 78' lang='lat' dir='ltr'>excipitur3</span> <span class='ocrx_word' id='word_1_80' title='bbox 1067 1591 1106 1596; x_wconf 93' lang='lat'>—</span> 
     </span>
     <span class='ocr_line' id='line_1_22' title="bbox 391 1615 1106 1654; baseline -0.003 -9"><span class='ocrx_word' id='word_1_81' title='bbox 391 1615 484 1654; x_wconf 87' lang='lat' dir='ltr'>Eique</span> <span class='ocrx_word' id='word_1_82' title='bbox 515 1615 592 1645; x_wconf 90' lang='lat' dir='ltr'>bona</span> <span class='ocrx_word' id='word_1_83' title='bbox 629 1616 725 1645; x_wconf 87' lang='lat' dir='ltr'>omnia</span> <span class='ocrx_word' id='word_1_84' title='bbox 759 1616 990 1651; x_wconf 79' lang='lat' dir='ltr'>confirmantur3</span> <span class='ocrx_word' id='word_1_85' title='bbox 1022 1618 1106 1653; x_wconf 90' lang='lat' dir='ltr'>prout</span> 
     </span>
     <span class='ocr_line' id='line_1_23' title="bbox 392 1654 1106 1692; baseline -0.003 -8"><span class='ocrx_word' id='word_1_86' title='bbox 392 1656 440 1685; x_wconf 91' lang='lat' dir='ltr'>hic</span> <span class='ocrx_word' id='word_1_87' title='bbox 458 1660 661 1685; x_wconf 72' lang='lat' dir='ltr'>recensentur.</span> <span class='ocrx_word' id='word_1_88' title='bbox 678 1672 718 1677; x_wconf 96' lang='lat'><strong>—</strong></span> <span class='ocrx_word' id='word_1_89' title='bbox 734 1655 899 1691; x_wconf 79' lang='lat' dir='ltr'>Decretum,</span> <span class='ocrx_word' id='word_1_90' title='bbox 918 1664 955 1684; x_wconf 88' lang='lat' dir='ltr'>ne</span> <span class='ocrx_word' id='word_1_91' title='bbox 974 1655 1003 1683; x_wconf 95' lang='lat' dir='ltr'>in</span> <span class='ocrx_word' id='word_1_92' title='bbox 1026 1654 1106 1692; x_wconf 88' lang='lat' dir='ltr'>prio-</span> 
     </span>
     <span class='ocr_line' id='line_1_24' title="bbox 392 1693 1105 1732; baseline -0.003 -8"><span class='ocrx_word' id='word_1_93' title='bbox 392 1695 505 1725; x_wconf 80' lang='lat' dir='ltr'>ratibus</span> <span class='ocrx_word' id='word_1_94' title='bbox 542 1695 664 1724; x_wconf 79' lang='lat' dir='ltr'>abbates</span> <span class='ocrx_word' id='word_1_95' title='bbox 693 1695 853 1732; x_wconf 76' lang='lat' dir='ltr'>eligantur3</span> <span class='ocrx_word' id='word_1_96' title='bbox 884 1694 928 1723; x_wconf 81' lang='lat' dir='ltr'>vel</span> <span class='ocrx_word' id='word_1_97' title='bbox 954 1693 1105 1723; x_wconf 79' lang='lat' dir='ltr'>Ecclesiae</span> 
     </span>
     <span class='ocr_line' id='line_1_25' title="bbox 394 1734 1105 1771; baseline -0.003 -7"><span class='ocrx_word' id='word_1_98' title='bbox 394 1735 538 1764; x_wconf 85' lang='lat' dir='ltr'>exactioni</span> <span class='ocrx_word' id='word_1_99' title='bbox 556 1734 617 1771; x_wconf 89' lang='lat' dir='ltr'>ulli,</span> <span class='ocrx_word' id='word_1_100' title='bbox 636 1739 685 1763; x_wconf 86' lang='lat' dir='ltr'>aut</span> <span class='ocrx_word' id='word_1_101' title='bbox 705 1734 809 1763; x_wconf 83' lang='lat' dir='ltr'>fratres</span> <span class='ocrx_word' id='word_1_102' title='bbox 827 1734 951 1763; x_wconf 75' lang='lat' dir='ltr'>ubilibet</span> <span class='ocrx_word' id='word_1_103' title='bbox 967 1734 1105 1763; x_wconf 82' lang='lat' dir='ltr'>censuris</span> 
     </span>
     <span class='ocr_line' id='line_1_26' title="bbox 393 1773 1105 1803; baseline -0.003 0"><span class='ocrx_word' id='word_1_104' title='bbox 393 1774 598 1803; x_wconf 84' lang='lat' dir='ltr'>subiiciantur.</span> <span class='ocrx_word' id='word_1_105' title='bbox 620 1791 660 1796; x_wconf 93' lang='lat'><strong>—</strong></span> <span class='ocrx_word' id='word_1_106' title='bbox 681 1774 817 1803; x_wconf 82' lang='lat' dir='ltr'>Facultas</span> <span class='ocrx_word' id='word_1_107' title='bbox 852 1774 940 1802; x_wconf 85' lang='lat' dir='ltr'>dandi</span> <span class='ocrx_word' id='word_1_108' title='bbox 973 1773 1105 1802; x_wconf 85' lang='lat' dir='ltr'>habitum</span> 
     </span>
    </p>
   </div>
   <div class='ocr_carea' id='block_1_11' title="bbox 638 1192 807 1200">
    <p class='ocr_par' dir='ltr' id='par_1_11' title="bbox 638 1192 807 1200">
     <span class='ocr_line' id='line_1_27' title="bbox 638 1192 807 1200; baseline 0 2005"><span class='ocrx_word' id='word_1_109' title='bbox 638 1192 807 1200; x_wconf 95' lang='lat' dir='ltr'> </span> 
     </span>
    </p>
   </div>
   <div class='ocr_carea' id='block_1_12' title="bbox 395 1813 1129 1852">
    <p class='ocr_par' dir='ltr' id='par_1_12' title="bbox 395 1813 1129 1852">
     <span class='ocr_line' id='line_1_28' title="bbox 395 1813 1129 1852; baseline -0.003 -9"><span class='ocrx_word' id='word_1_110' title='bbox 395 1814 513 1843; x_wconf 83' lang='lat' dir='ltr'>clericis</span> <span class='ocrx_word' id='word_1_111' title='bbox 533 1818 559 1843; x_wconf 92' lang='lat' dir='ltr'>et</span> <span class='ocrx_word' id='word_1_112' title='bbox 580 1814 677 1843; x_wconf 79' lang='lat' dir='ltr'>laicis:</span> <span class='ocrx_word' id='word_1_113' title='bbox 694 1830 734 1835; x_wconf 92' lang='lat'><strong>—</strong></span> <span class='ocrx_word' id='word_1_114' title='bbox 755 1813 899 1852; x_wconf 78' lang='lat' dir='ltr'>Episcopo</span> <span class='ocrx_word' id='word_1_115' title='bbox 919 1822 955 1842; x_wconf 87' lang='lat' dir='ltr'>ne</span> <span class='ocrx_word' id='word_1_116' title='bbox 978 1813 1107 1842; x_wconf 78' lang='lat' dir='ltr'>liceatin</span> <span class='ocrx_word' id='word_1_117' title='bbox 1127 1823 1129 1831; x_wconf 33' lang='grc' dir='ltr'><em>ι</em></span> 
     </span>
    </p>
   </div>
   <div class='ocr_carea' id='block_1_13' title="bbox 394 1852 1111 2287">
    <p class='ocr_par' dir='ltr' id='par_1_13' title="bbox 394 1852 1111 2287">
     <span class='ocr_line' id='line_1_29' title="bbox 394 1852 1108 1891; baseline -0.001 -9"><span class='ocrx_word' id='word_1_118' title='bbox 394 1854 573 1883; x_wconf 89' lang='lat' dir='ltr'>monasterio</span> <span class='ocrx_word' id='word_1_119' title='bbox 596 1854 739 1882; x_wconf 86' lang='lat' dir='ltr'>solemnia</span> <span class='ocrx_word' id='word_1_120' title='bbox 773 1862 921 1891; x_wconf 79' lang='lat' dir='ltr'>peragere.</span> <span class='ocrx_word' id='word_1_121' title='bbox 943 1869 983 1874; x_wconf 96' lang='lat'>—</span> <span class='ocrx_word' id='word_1_122' title='bbox 1011 1852 1108 1881; x_wconf 75' lang='lat' dir='ltr'>Abbas</span> 
     </span>
     <span class='ocr_line' id='line_1_30' title="bbox 394 1892 1107 1931; baseline -0.003 -9"><span class='ocrx_word' id='word_1_123' title='bbox 394 1893 543 1930; x_wconf 77' lang='lat' dir='ltr'>eligatura</span> <span class='ocrx_word' id='word_1_124' title='bbox 557 1894 711 1922; x_wconf 84' lang='lat' dir='ltr'>monachis</span> <span class='ocrx_word' id='word_1_125' title='bbox 721 1893 837 1931; x_wconf 84' lang='lat' dir='ltr'>praevio</span> <span class='ocrx_word' id='word_1_126' title='bbox 848 1902 996 1922; x_wconf 88' lang='lat' dir='ltr'>consensu</span> <span class='ocrx_word' id='word_1_127' title='bbox 1013 1892 1107 1921; x_wconf 89' lang='lat' dir='ltr'>abba-</span> 
     </span>
     <span class='ocr_line' id='line_1_31' title="bbox 396 1931 1108 1970; baseline -0.001 -9"><span class='ocrx_word' id='word_1_128' title='bbox 396 1933 432 1961; x_wconf 84' lang='lat' dir='ltr'>tis</span> <span class='ocrx_word' id='word_1_129' title='bbox 451 1931 665 1962; x_wconf 61' lang='lat' dir='ltr'>Cluniae—A</span> <span class='ocrx_word' id='word_1_130' title='bbox 682 1932 837 1962; x_wconf 74' lang='lat' dir='ltr'>Mantuano</span> <span class='ocrx_word' id='word_1_131' title='bbox 855 1937 951 1961; x_wconf 87' lang='lat' dir='ltr'>tamen</span> <span class='ocrx_word' id='word_1_132' title='bbox 970 1932 1108 1970; x_wconf 90' lang='lat' dir='ltr'>episcopo</span> 
     </span>
     <span class='ocr_line' id='line_1_32' title="bbox 396 1972 1108 2008; baseline -0.001 -7"><span class='ocrx_word' id='word_1_133' title='bbox 396 1972 629 2008; x_wconf 81' lang='lat' dir='ltr'>consecrandus3</span> <span class='ocrx_word' id='word_1_134' title='bbox 646 1989 685 1994; x_wconf 93' lang='lat'><strong>—</strong></span> <span class='ocrx_word' id='word_1_135' title='bbox 702 1972 756 2007; x_wconf 85' lang='lat' dir='ltr'>Qui</span> <span class='ocrx_word' id='word_1_136' title='bbox 779 1972 897 2001; x_wconf 83' lang='lat' dir='ltr'>ordines</span> <span class='ocrx_word' id='word_1_137' title='bbox 921 1980 1023 2000; x_wconf 85' lang='lat' dir='ltr'>sacros</span> <span class='ocrx_word' id='word_1_138' title='bbox 1043 1980 1108 2000; x_wconf 89' lang='lat' dir='ltr'>mo-</span> 
     </span>
     <span class='ocr_line' id='line_1_33' title="bbox 395 2011 1109 2050; baseline -0.001 -10"><span class='ocrx_word' id='word_1_139' title='bbox 395 2012 499 2041; x_wconf 83' lang='lat' dir='ltr'>nachis</span> <span class='ocrx_word' id='word_1_140' title='bbox 522 2011 670 2047; x_wconf 82' lang='lat' dir='ltr'>conferat3</span> <span class='ocrx_word' id='word_1_141' title='bbox 689 2015 863 2050; x_wconf 84' lang='lat' dir='ltr'>caeteraque</span> <span class='ocrx_word' id='word_1_142' title='bbox 877 2015 1009 2040; x_wconf 80' lang='lat' dir='ltr'>exerceat</span> <span class='ocrx_word' id='word_1_143' title='bbox 1025 2019 1109 2039; x_wconf 81' lang='lat' dir='ltr'>sacra</span> 
     </span>
     <span class='ocr_line' id='line_1_34' title="bbox 397 2051 1111 2088; baseline -0.003 -8"><span class='ocrx_word' id='word_1_144' title='bbox 397 2051 573 2087; x_wconf 81' lang='lat' dir='ltr'>ministeria3</span> <span class='ocrx_word' id='word_1_145' title='bbox 593 2052 618 2081; x_wconf 91' lang='lat' dir='ltr'>si</span> <span class='ocrx_word' id='word_1_146' title='bbox 641 2056 738 2080; x_wconf 87' lang='lat' dir='ltr'>tamen</span> <span class='ocrx_word' id='word_1_147' title='bbox 757 2051 921 2080; x_wconf 84' lang='lat' dir='ltr'>catholicus</span> <span class='ocrx_word' id='word_1_148' title='bbox 948 2051 993 2085; x_wconf 76' lang='lat' dir='ltr'>sit,</span> <span class='ocrx_word' id='word_1_149' title='bbox 1013 2055 1040 2079; x_wconf 92' lang='lat' dir='ltr'>et</span> <span class='ocrx_word' id='word_1_150' title='bbox 1060 2059 1111 2088; x_wconf 87' lang='lat' dir='ltr'>pe-</span> 
     </span>
     <span class='ocr_line' id='line_1_35' title="bbox 396 2089 1110 2130; baseline -0.001 -11"><span class='ocrx_word' id='word_1_151' title='bbox 396 2091 513 2120; x_wconf 87' lang='lat' dir='ltr'>cuniam</span> <span class='ocrx_word' id='word_1_152' title='bbox 535 2100 586 2130; x_wconf 85' lang='lat' dir='ltr'>pro</span> <span class='ocrx_word' id='word_1_153' title='bbox 609 2091 655 2121; x_wconf 88' lang='lat' dir='ltr'>his</span> <span class='ocrx_word' id='word_1_154' title='bbox 671 2100 728 2120; x_wconf 90' lang='lat' dir='ltr'>non</span> <span class='ocrx_word' id='word_1_155' title='bbox 748 2091 887 2129; x_wconf 77' lang='lat' dir='ltr'>requirat,</span> <span class='ocrx_word' id='word_1_156' title='bbox 910 2094 938 2119; x_wconf 90' lang='lat' dir='ltr'>et</span> <span class='ocrx_word' id='word_1_157' title='bbox 966 2091 1029 2119; x_wconf 84' lang='lat' dir='ltr'>data</span> <span class='ocrx_word' id='word_1_158' title='bbox 1054 2089 1110 2119; x_wconf 88' lang='lat' dir='ltr'>sibi</span> 
     </span>
     <span class='ocr_line' id='line_1_36' title="bbox 396 2130 1110 2160; baseline -0.001 -1"><span class='ocrx_word' id='word_1_159' title='bbox 396 2140 455 2159; x_wconf 92' lang='lat' dir='ltr'>non</span> <span class='ocrx_word' id='word_1_160' title='bbox 478 2130 615 2160; x_wconf 85' lang='lat' dir='ltr'>abutatur</span> <span class='ocrx_word' id='word_1_161' title='bbox 633 2130 814 2160; x_wconf 86' lang='lat' dir='ltr'>auctoritate.</span> <span class='ocrx_word' id='word_1_162' title='bbox 832 2147 872 2152; x_wconf 92' lang='lat'>—</span> <span class='ocrx_word' id='word_1_163' title='bbox 889 2130 1013 2159; x_wconf 78' lang='lat' dir='ltr'>Annuus</span> <span class='ocrx_word' id='word_1_164' title='bbox 1037 2139 1110 2159; x_wconf 89' lang='lat' dir='ltr'>cen-</span> 
     </span>
     <span class='ocr_line' id='line_1_37' title="bbox 398 2169 1111 2208; baseline 0 -10"><span class='ocrx_word' id='word_1_165' title='bbox 398 2179 450 2198; x_wconf 88' lang='lat' dir='ltr'>sus</span> <span class='ocrx_word' id='word_1_166' title='bbox 474 2179 488 2198; x_wconf 89' lang='lat' dir='ltr'>a</span> <span class='ocrx_word' id='word_1_167' title='bbox 510 2171 663 2200; x_wconf 87' lang='lat' dir='ltr'>monachis</span> <span class='ocrx_word' id='word_1_168' title='bbox 682 2169 871 2199; x_wconf 84' lang='lat' dir='ltr'>Lateranensi</span> <span class='ocrx_word' id='word_1_169' title='bbox 902 2169 1008 2208; x_wconf 83' lang='lat' dir='ltr'>palatio</span> <span class='ocrx_word' id='word_1_170' title='bbox 1041 2178 1111 2207; x_wconf 90' lang='lat' dir='ltr'>per-</span> 
     </span>
     <span class='ocr_line' id='line_1_38' title="bbox 399 2209 1111 2239; baseline -0.003 0"><span class='ocrx_word' id='word_1_171' title='bbox 399 2210 568 2239; x_wconf 87' lang='lat' dir='ltr'>solvendus.</span> <span class='ocrx_word' id='word_1_172' title='bbox 587 2226 627 2232; x_wconf 92' lang='grc'>-</span> <span class='ocrx_word' id='word_1_173' title='bbox 648 2209 763 2238; x_wconf 82' lang='lat' dir='ltr'>Poenae</span> <span class='ocrx_word' id='word_1_174' title='bbox 790 2214 890 2238; x_wconf 90' lang='lat' dir='ltr'>contra</span> <span class='ocrx_word' id='word_1_175' title='bbox 914 2210 985 2238; x_wconf 89' lang='lat' dir='ltr'>haec</span> <span class='ocrx_word' id='word_1_176' title='bbox 1005 2213 1111 2238; x_wconf 88' lang='lat' dir='ltr'>statuta</span> 
     </span>
     <span class='ocr_line' id='line_1_39' title="bbox 399 2249 977 2287; baseline 0 -9"><span class='ocrx_word' id='word_1_177' title='bbox 399 2249 633 2279; x_wconf 85' lang='lat' dir='ltr'>inobservantes.</span> <span class='ocrx_word' id='word_1_178' title='bbox 653 2266 692 2272; x_wconf 96' lang='lat'>—</span> <span class='ocrx_word' id='word_1_179' title='bbox 710 2249 763 2278; x_wconf 85' lang='grc' dir='ltr'>ΡΡ.</span> <span class='ocrx_word' id='word_1_180' title='bbox 786 2249 977 2287; x_wconf 83' lang='lat' dir='ltr'>subscriptio.</span> 
     </span>
    </p>
   </div>
   <div class='ocr_carea' id='block_1_14' title="bbox 357 2301 1119 2624">
    <p class='ocr_par' dir='ltr' id='par_1_14' title="bbox 357 2301 1119 2624">
     <span class='ocr_line' id='line_1_40' title="bbox 357 2301 1115 2338; baseline 0 -9"><span class='ocrx_word' id='word_1_181' title='bbox 357 2301 497 2329; x_wconf 78' lang='lat' dir='ltr'>raschatis</span> <span class='ocrx_word' id='word_1_182' title='bbox 517 2302 657 2338; x_wconf 78' lang='lat' dir='ltr'>episcopus</span> <span class='ocrx_word' id='word_1_183' title='bbox 674 2309 767 2330; x_wconf 79' lang='lat' dir='ltr'>servus</span> <span class='ocrx_word' id='word_1_184' title='bbox 784 2309 924 2330; x_wconf 81' lang='lat' dir='ltr'>servorum</span> <span class='ocrx_word' id='word_1_185' title='bbox 943 2302 998 2335; x_wconf 85' lang='lat' dir='ltr'>Dei,</span> <span class='ocrx_word' id='word_1_186' title='bbox 1016 2302 1115 2330; x_wconf 82' lang='lat' dir='ltr'>dilecto</span> 
     </span>
     <span class='ocr_line' id='line_1_41' title="bbox 402 2346 1115 2375; baseline 0 -1"><span class='ocrx_word' id='word_1_187' title='bbox 402 2346 430 2374; x_wconf 88' lang='lat' dir='ltr'>in</span> <span class='ocrx_word' id='word_1_188' title='bbox 454 2346 561 2375; x_wconf 88' lang='lat' dir='ltr'>Christo</span> <span class='ocrx_word' id='word_1_189' title='bbox 589 2346 645 2375; x_wconf 78' lang='lat' dir='ltr'>filio</span> <span class='ocrx_word' id='word_1_190' title='bbox 678 2347 798 2375; x_wconf 75' lang='lat' dir='ltr'>Atherico</span> <span class='ocrx_word' id='word_1_191' title='bbox 830 2347 922 2375; x_wconf 85' lang='lat' dir='ltr'>abbati</span> <span class='ocrx_word' id='word_1_192' title='bbox 951 2346 1115 2375; x_wconf 83' lang='lat' dir='ltr'>venerabilis</span> 
     </span>
     <span class='ocr_line' id='line_1_42' title="bbox 402 2391 1117 2427; baseline 0.001 -9"><span class='ocrx_word' id='word_1_193' title='bbox 402 2391 563 2419; x_wconf 80' lang='lat' dir='ltr'>monasterii</span> <span class='ocrx_word' id='word_1_194' title='bbox 583 2392 675 2420; x_wconf 81' lang='lat' dir='ltr'>saneti</span> <span class='ocrx_word' id='word_1_195' title='bbox 700 2392 835 2420; x_wconf 81' lang='lat' dir='ltr'>Benedicti</span> <span class='ocrx_word' id='word_1_196' title='bbox 859 2398 940 2427; x_wconf 84' lang='lat' dir='ltr'>super</span> <span class='ocrx_word' id='word_1_197' title='bbox 958 2392 1067 2424; x_wconf 82' lang='lat' dir='ltr'>Padum,</span> <span class='ocrx_word' id='word_1_198' title='bbox 1088 2391 1117 2419; x_wconf 75' lang='lat' dir='ltr'>et</span> 
     </span>
     <span class='ocr_line' id='line_1_43' title="bbox 404 2435 1115 2472; baseline 0 -9"><span class='ocrx_word' id='word_1_199' title='bbox 404 2435 523 2463; x_wconf 74' lang='lat' dir='ltr'>eiusdem</span> <span class='ocrx_word' id='word_1_200' title='bbox 543 2436 744 2464; x_wconf 79' lang='lat' dir='ltr'>successoribus</span> <span class='ocrx_word' id='word_1_201' title='bbox 763 2437 930 2472; x_wconf 81' lang='lat' dir='ltr'>regulariter</span> <span class='ocrx_word' id='word_1_202' title='bbox 946 2436 1115 2465; x_wconf 72' lang='lat' dir='ltr'>substituen-</span> 
     </span>
     <span class='ocr_line' id='line_1_44' title="bbox 408 2480 699 2516; baseline 0.01 -9"><span class='ocrx_word' id='word_1_203' title='bbox 408 2480 460 2512; x_wconf 81' lang='lat' dir='ltr'>dis.</span> <span class='ocrx_word' id='word_1_204' title='bbox 480 2480 509 2508; x_wconf 88' lang='lat' dir='ltr'>in</span> <span class='ocrx_word' id='word_1_205' title='bbox 528 2482 699 2516; x_wconf 75' lang='lat' dir='ltr'>perpetuum.</span> 
     </span>
     <span class='ocr_line' id='line_1_45' title="bbox 410 2527 1119 2577; baseline 0.001 -15"><span class='ocrx_word' id='word_1_206' title='bbox 410 2527 506 2563; x_wconf 84' lang='lat' dir='ltr'>lustis</span> <span class='ocrx_word' id='word_1_207' title='bbox 533 2530 614 2564; x_wconf 88' lang='lat' dir='ltr'>votis</span> <span class='ocrx_word' id='word_1_208' title='bbox 645 2542 810 2566; x_wconf 84' lang='lat' dir='ltr'>assensum</span> <span class='ocrx_word' id='word_1_209' title='bbox 829 2530 990 2577; x_wconf 78' lang='lat' dir='ltr'>praebere,</span> <span class='ocrx_word' id='word_1_210' title='bbox 1014 2529 1119 2564; x_wconf 85' lang='lat' dir='ltr'>iustis-</span> 
     </span>
     <span class='ocr_line' id='line_1_46' title="bbox 361 2578 1118 2624; baseline 0.001 -13"><span class='ocrx_word' id='word_1_211' title='bbox 361 2589 423 2624; x_wconf 91' lang='lat' dir='ltr'>que</span> <span class='ocrx_word' id='word_1_212' title='bbox 459 2578 664 2623; x_wconf 88' lang='lat' dir='ltr'>petitionibus</span> <span class='ocrx_word' id='word_1_213' title='bbox 696 2592 789 2614; x_wconf 88' lang='lat' dir='ltr'>aures</span> <span class='ocrx_word' id='word_1_214' title='bbox 820 2579 1026 2614; x_wconf 85' lang='lat' dir='ltr'>accomodare</span> <span class='ocrx_word' id='word_1_215' title='bbox 1061 2591 1118 2613; x_wconf 89' lang='lat' dir='ltr'>nos</span> 
     </span>
    </p>
   </div>
   <div class='ocr_carea' id='block_1_15' title="bbox 363 2633 1119 2698">
    <p class='ocr_par' dir='ltr' id='par_1_15' title="bbox 363 2633 1119 2698">
     <span class='ocr_line' id='line_1_47' title="bbox 397 2633 1119 2671; baseline 0.004 -12"><span class='ocrx_word' id='word_1_216' title='bbox 397 2633 436 2668; x_wconf 88' lang='lat'>(1)</span> <span class='ocrx_word' id='word_1_217' title='bbox 454 2633 542 2660; x_wconf 83' lang='lat' dir='ltr'>Edidit</span> <span class='ocrx_word' id='word_1_218' title='bbox 561 2635 720 2661; x_wconf 83' lang='lat' dir='ltr'>Benedictus</span> <span class='ocrx_word' id='word_1_219' title='bbox 737 2636 884 2663; x_wconf 85' lang='lat' dir='ltr'>Bacchinus</span> <span class='ocrx_word' id='word_1_220' title='bbox 910 2637 935 2663; x_wconf 92' lang='lat' dir='ltr'>in</span> <span class='ocrx_word' id='word_1_221' title='bbox 963 2635 1119 2671; x_wconf 79' lang='lat' dir='ltr'>Appendice</span> 
     </span>
     <span class='ocr_line' id='line_1_48' title="bbox 363 2668 831 2698; baseline 0.004 -3"><span class='ocrx_word' id='word_1_222' title='bbox 363 2668 396 2695; x_wconf 87' lang='lat' dir='ltr'>ad</span> <span class='ocrx_word' id='word_1_223' title='bbox 414 2669 560 2696; x_wconf 84' lang='lat' dir='ltr'>Historiam</span> <span class='ocrx_word' id='word_1_224' title='bbox 578 2671 729 2697; x_wconf 84' lang='lat' dir='ltr'>monasterii</span> <span class='ocrx_word' id='word_1_225' title='bbox 747 2670 831 2698; x_wconf 86' lang='lat' dir='ltr'>huius.</span> 
     </span>
    </p>
   </div>
   <div class='ocr_carea' id='block_1_16' title="bbox 1123 1349 1140 2586">
    <p class='ocr_par' dir='ltr' id='par_1_16' title="bbox 1123 1349 1140 2586">
     <span class='ocr_line' id='line_1_49' title="bbox 1123 1349 1140 2586; baseline 0 0"><span class='ocrx_word' id='word_1_226' title='bbox 1123 1349 1140 2586; x_wconf 95' lang='lat' dir='ltr'> </span> 
     </span>
    </p>
   </div>
   <div class='ocr_carea' id='block_1_17' title="bbox 922 295 1301 320">
    <p class='ocr_par' dir='ltr' id='par_1_17' title="bbox 922 295 1301 320">
     <span class='ocr_line' id='line_1_50' title="bbox 922 295 1301 320; baseline -0.011 0"><span class='ocrx_word' id='word_1_227' title='bbox 922 296 1111 320; x_wconf 64' lang='lat' dir='ltr'>Bt‘LLautcru</span> <span class='ocrx_word' id='word_1_228' title='bbox 1138 295 1252 317; x_wconf 59' lang='lat' dir='ltr'>[tonas</span> <span class='ocrx_word' id='word_1_229' title='bbox 1258 295 1301 317; x_wconf 80' lang='grc' dir='ltr'>[Μ</span> 
     </span>
    </p>
   </div>
   <div class='ocr_carea' id='block_1_18' title="bbox 1116 344 1884 395">
    <p class='ocr_par' dir='ltr' id='par_1_18' title="bbox 1116 344 1884 395">
     <span class='ocr_line' id='line_1_51' title="bbox 1116 344 1884 395; baseline 0.004 -15"><span class='ocrx_word' id='word_1_230' title='bbox 1116 377 1117 380; x_wconf 75' lang='grc'>,</span> <span class='ocrx_word' id='word_1_231' title='bbox 1136 348 1293 388; x_wconf 56' lang='lat' dir='ltr'>contenit,</span> <span class='ocrx_word' id='word_1_232' title='bbox 1321 347 1386 395; x_wconf 86' lang='lat' dir='ltr'>qui,</span> <span class='ocrx_word' id='word_1_233' title='bbox 1408 346 1481 382; x_wconf 89' lang='lat' dir='ltr'>licet</span> <span class='ocrx_word' id='word_1_234' title='bbox 1502 344 1642 393; x_wconf 80' lang='lat' dir='ltr'>indigni,</span> <span class='ocrx_word' id='word_1_235' title='bbox 1666 345 1802 383; x_wconf 87' lang='lat' dir='ltr'>iustitiae</span> <span class='ocrx_word' id='word_1_236' title='bbox 1824 359 1884 383; x_wconf 89' lang='lat' dir='ltr'>cu-</span> 
     </span>
    </p>
   </div>
   <div class='ocr_carea' id='block_1_19' title="bbox 1135 397 1901 1920">
    <p class='ocr_par' dir='ltr' id='par_1_19' title="bbox 1135 397 1901 1920">
     <span class='ocr_line' id='line_1_52' title="bbox 1135 397 1884 444; baseline -0.001 -11.999"><span class='ocrx_word' id='word_1_237' title='bbox 1135 397 1242 432; x_wconf 83' lang='lat' dir='ltr'>stodes</span> <span class='ocrx_word' id='word_1_238' title='bbox 1264 405 1357 444; x_wconf 86' lang='lat' dir='ltr'>atque</span> <span class='ocrx_word' id='word_1_239' title='bbox 1384 408 1554 443; x_wconf 84' lang='lat' dir='ltr'>praecones</span> <span class='ocrx_word' id='word_1_240' title='bbox 1578 397 1609 431; x_wconf 90' lang='lat' dir='ltr'>in</span> <span class='ocrx_word' id='word_1_241' title='bbox 1636 397 1768 432; x_wconf 86' lang='lat' dir='ltr'>ecclesia</span> <span class='ocrx_word' id='word_1_242' title='bbox 1799 409 1884 444; x_wconf 90' lang='lat' dir='ltr'>apo-</span> 
     </span>
     <span class='ocr_line' id='line_1_53' title="bbox 1137 446 1883 493; baseline 0 -12"><span class='ocrx_word' id='word_1_243' title='bbox 1137 447 1288 481; x_wconf 90' lang='lat' dir='ltr'>stolorum</span> <span class='ocrx_word' id='word_1_244' title='bbox 1328 446 1507 493; x_wconf 87' lang='lat' dir='ltr'>principum</span> <span class='ocrx_word' id='word_1_245' title='bbox 1545 446 1630 480; x_wconf 89' lang='lat' dir='ltr'>Petri</span> <span class='ocrx_word' id='word_1_246' title='bbox 1663 454 1693 481; x_wconf 90' lang='lat' dir='ltr'>et</span> <span class='ocrx_word' id='word_1_247' title='bbox 1726 446 1815 481; x_wconf 88' lang='lat' dir='ltr'>Pauli</span> <span class='ocrx_word' id='word_1_248' title='bbox 1851 446 1883 481; x_wconf 88' lang='lat' dir='ltr'>in</span> 
     </span>
     <span class='ocr_line' id='line_1_54' title="bbox 1136 495 1885 543; baseline 0.001 -14"><span class='ocrx_word' id='word_1_249' title='bbox 1136 496 1284 543; x_wconf 83' lang='lat' dir='ltr'>Specula</span> <span class='ocrx_word' id='word_1_250' title='bbox 1296 495 1363 530; x_wconf 75' lang='lat' dir='ltr'>Deo</span> <span class='ocrx_word' id='word_1_251' title='bbox 1377 495 1564 541; x_wconf 87' lang='lat' dir='ltr'>disponente</span> <span class='ocrx_word' id='word_1_252' title='bbox 1587 495 1810 542; x_wconf 86' lang='lat' dir='ltr'>conspicimur.</span> <span class='ocrx_word' id='word_1_253' title='bbox 1826 495 1885 531; x_wconf 90' lang='lat' dir='ltr'>Ea-</span> 
     </span>
     <span class='ocr_line' id='line_1_55' title="bbox 1138 544 1886 592; baseline 0 -12"><span class='ocrx_word' id='word_1_254' title='bbox 1138 553 1277 592; x_wconf 71' lang='lat' dir='ltr'>proptcr,</span> <span class='ocrx_word' id='word_1_255' title='bbox 1301 545 1343 579; x_wconf 86' lang='lat' dir='ltr'>fili</span> <span class='ocrx_word' id='word_1_256' title='bbox 1366 544 1549 579; x_wconf 87' lang='lat' dir='ltr'>charissime</span> <span class='ocrx_word' id='word_1_257' title='bbox 1570 544 1728 589; x_wconf 75' lang='lat' dir='ltr'>Alberice‚</span> <span class='ocrx_word' id='word_1_258' title='bbox 1751 544 1812 579; x_wconf 87' lang='lat' dir='ltr'>tuis</span> <span class='ocrx_word' id='word_1_259' title='bbox 1829 557 1886 592; x_wconf 88' lang='lat' dir='ltr'>pe-</span> 
     </span>
     <span class='ocr_line' id='line_1_56' title="bbox 1138 593 1885 634; baseline 0.001 -6"><span class='ocrx_word' id='word_1_260' title='bbox 1138 594 1299 629; x_wconf 85' lang='lat' dir='ltr'>titionibus</span> <span class='ocrx_word' id='word_1_261' title='bbox 1316 602 1503 634; x_wconf 81' lang='lat' dir='ltr'>annuente5‚</span> <span class='ocrx_word' id='word_1_262' title='bbox 1530 593 1720 628; x_wconf 90' lang='lat' dir='ltr'>coenobium</span> <span class='ocrx_word' id='word_1_263' title='bbox 1747 601 1885 629; x_wconf 88' lang='lat' dir='ltr'>vestrum</span> 
     </span>
     <span class='ocr_line' id='line_1_57' title="bbox 1138 642 1887 690; baseline 0.001 -13"><span class='ocrx_word' id='word_1_264' title='bbox 1138 644 1169 678; x_wconf 91' lang='lat' dir='ltr'>in</span> <span class='ocrx_word' id='word_1_265' title='bbox 1201 643 1401 690; x_wconf 74' lang='lat' dir='ltr'>Apostolicae</span> <span class='ocrx_word' id='word_1_266' title='bbox 1440 642 1533 678; x_wconf 87' lang='lat' dir='ltr'>Sedis</span> <span class='ocrx_word' id='word_1_267' title='bbox 1572 642 1790 678; x_wconf 83' lang='lat' dir='ltr'>defensionem</span> <span class='ocrx_word' id='word_1_268' title='bbox 1824 655 1887 678; x_wconf 85' lang='lat' dir='ltr'>ex-</span> 
     </span>
     <span class='ocr_line' id='line_1_58' title="bbox 1139 691 1886 740; baseline -0.001 -13"><span class='ocrx_word' id='word_1_269' title='bbox 1139 693 1291 740; x_wconf 79' lang='lat' dir='ltr'>cipimus,</span> <span class='ocrx_word' id='word_1_270' title='bbox 1329 693 1410 727; x_wconf 89' lang='lat' dir='ltr'>sicut</span> <span class='ocrx_word' id='word_1_271' title='bbox 1442 704 1458 727; x_wconf 91' lang='lat' dir='ltr'>a</span> <span class='ocrx_word' id='word_1_272' title='bbox 1497 691 1739 738; x_wconf 87' lang='lat' dir='ltr'>praedecessore</span> <span class='ocrx_word' id='word_1_273' title='bbox 1774 700 1886 727; x_wconf 89' lang='lat' dir='ltr'>nostro</span> 
     </span>
     <span class='ocr_line' id='line_1_59' title="bbox 1138 740 1888 777; baseline 0 0"><span class='ocrx_word' id='word_1_274' title='bbox 1138 750 1263 777; x_wconf 89' lang='lat' dir='ltr'>sanctae</span> <span class='ocrx_word' id='word_1_275' title='bbox 1279 742 1449 776; x_wconf 77' lang='lat' dir='ltr'>memoriae</span> <span class='ocrx_word' id='word_1_276' title='bbox 1465 740 1592 776; x_wconf 83' lang='lat' dir='ltr'>Urbano</span> <span class='ocrx_word' id='word_1_277' title='bbox 1616 741 1757 776; x_wconf 88' lang='lat' dir='ltr'>secundo</span> <span class='ocrx_word' id='word_1_278' title='bbox 1778 754 1888 777; x_wconf 88' lang='lat' dir='ltr'>susce-</span> 
     </span>
     <span class='ocr_line' id='line_1_60' title="bbox 1141 790 1889 839; baseline 0 -13"><span class='ocrx_word' id='word_1_279' title='bbox 1141 800 1230 839; x_wconf 90' lang='lat' dir='ltr'>ptum</span> <span class='ocrx_word' id='word_1_280' title='bbox 1258 799 1315 826; x_wconf 86' lang='lat' dir='ltr'>est.</span> <span class='ocrx_word' id='word_1_281' title='bbox 1343 791 1423 825; x_wconf 90' lang='lat' dir='ltr'>Illud</span> <span class='ocrx_word' id='word_1_282' title='bbox 1457 791 1562 837; x_wconf 86' lang='lat' dir='ltr'>itaque</span> <span class='ocrx_word' id='word_1_283' title='bbox 1585 790 1640 825; x_wconf 79' lang='lat' dir='ltr'>tibi</span> <span class='ocrx_word' id='word_1_284' title='bbox 1661 791 1788 838; x_wconf 89' lang='lat' dir='ltr'>tuisque</span> <span class='ocrx_word' id='word_1_285' title='bbox 1815 803 1889 826; x_wconf 90' lang='lat' dir='ltr'>suc-</span> 
     </span>
     <span class='ocr_line' id='line_1_61' title="bbox 1139 839 1890 886; baseline -0.001 -11"><span class='ocrx_word' id='word_1_286' title='bbox 1139 840 1318 876; x_wconf 83' lang='lat' dir='ltr'>cessoribus</span> <span class='ocrx_word' id='word_1_287' title='bbox 1348 840 1533 886; x_wconf 81' lang='lat' dir='ltr'>regulariter</span> <span class='ocrx_word' id='word_1_288' title='bbox 1563 839 1794 875; x_wconf 89' lang='lat' dir='ltr'>substituendis</span> <span class='ocrx_word' id='word_1_289' title='bbox 1831 852 1890 875; x_wconf 85' lang='lat' dir='ltr'>au-</span> 
     </span>
     <span class='ocr_line' id='line_1_62' title="bbox 1140 889 1890 936; baseline -0.001 -12"><span class='ocrx_word' id='word_1_290' title='bbox 1140 890 1282 924; x_wconf 86' lang='lat' dir='ltr'>ctoritate</span> <span class='ocrx_word' id='word_1_291' title='bbox 1316 889 1485 936; x_wconf 88' lang='lat' dir='ltr'>apostolica</span> <span class='ocrx_word' id='word_1_292' title='bbox 1520 889 1756 930; x_wconf 83' lang='lat' dir='ltr'>confirmamus,</span> <span class='ocrx_word' id='word_1_293' title='bbox 1783 889 1890 924; x_wconf 90' lang='lat' dir='ltr'>omnia</span> 
     </span>
     <span class='ocr_line' id='line_1_63' title="bbox 1141 938 1887 984; baseline 0 -11"><span class='ocrx_word' id='word_1_294' title='bbox 1141 951 1225 973; x_wconf 90' lang='lat' dir='ltr'>nunc</span> <span class='ocrx_word' id='word_1_295' title='bbox 1259 938 1297 973; x_wconf 87' lang='lat' dir='ltr'>ad</span> <span class='ocrx_word' id='word_1_296' title='bbox 1321 939 1423 984; x_wconf 88' lang='lat' dir='ltr'>ipsum</span> <span class='ocrx_word' id='word_1_297' title='bbox 1449 939 1652 984; x_wconf 83' lang='lat' dir='ltr'>pertinentia,</span> <span class='ocrx_word' id='word_1_298' title='bbox 1687 938 1887 974; x_wconf 86' lang='lat' dir='ltr'>medietatem</span> 
     </span>
     <span class='ocr_line' id='line_1_64' title="bbox 1141 987 1891 1034; baseline 0 -11"><span class='ocrx_word' id='word_1_299' title='bbox 1141 988 1262 1023; x_wconf 88' lang='lat' dir='ltr'>scilicet</span> <span class='ocrx_word' id='word_1_300' title='bbox 1285 988 1421 1027; x_wconf 86' lang='lat' dir='ltr'>insulae,</span> <span class='ocrx_word' id='word_1_301' title='bbox 1445 999 1525 1034; x_wconf 89' lang='lat' dir='ltr'>quae</span> <span class='ocrx_word' id='word_1_302' title='bbox 1551 988 1667 1022; x_wconf 86' lang='lat' dir='ltr'>dicitur</span> <span class='ocrx_word' id='word_1_303' title='bbox 1693 987 1800 1023; x_wconf 82' lang='lat' dir='ltr'>Sancti</span> <span class='ocrx_word' id='word_1_304' title='bbox 1826 988 1891 1023; x_wconf 92' lang='lat' dir='ltr'>Be-</span> 
     </span>
     <span class='ocr_line' id='line_1_65' title="bbox 1142 1037 1891 1083; baseline 0.001 -12"><span class='ocrx_word' id='word_1_305' title='bbox 1142 1037 1258 1071; x_wconf 88' lang='lat' dir='ltr'>nedicti</span> <span class='ocrx_word' id='word_1_306' title='bbox 1286 1049 1380 1083; x_wconf 87' lang='lat' dir='ltr'>super</span> <span class='ocrx_word' id='word_1_307' title='bbox 1405 1037 1539 1077; x_wconf 80' lang='lat' dir='ltr'>Padum,</span> <span class='ocrx_word' id='word_1_308' title='bbox 1558 1049 1630 1072; x_wconf 89' lang='lat' dir='ltr'>cum</span> <span class='ocrx_word' id='word_1_309' title='bbox 1657 1037 1806 1072; x_wconf 90' lang='lat' dir='ltr'>omnibus</span> <span class='ocrx_word' id='word_1_310' title='bbox 1835 1037 1891 1072; x_wconf 90' lang='lat' dir='ltr'>de-</span> 
     </span>
     <span class='ocr_line' id='line_1_66' title="bbox 1142 1085 1893 1133; baseline 0 -13"><span class='ocrx_word' id='word_1_311' title='bbox 1142 1086 1232 1121; x_wconf 88' lang='lat' dir='ltr'>cimis</span> <span class='ocrx_word' id='word_1_312' title='bbox 1255 1085 1410 1130; x_wconf 82' lang='lat' dir='ltr'>ciusdem,</span> <span class='ocrx_word' id='word_1_313' title='bbox 1433 1086 1545 1120; x_wconf 88' lang='lat' dir='ltr'>insulis</span> <span class='ocrx_word' id='word_1_314' title='bbox 1566 1093 1597 1120; x_wconf 88' lang='lat' dir='ltr'>et</span> <span class='ocrx_word' id='word_1_315' title='bbox 1610 1085 1716 1133; x_wconf 71' lang='lat' dir='ltr'>sylvis,</span> <span class='ocrx_word' id='word_1_316' title='bbox 1738 1098 1774 1121; x_wconf 88' lang='lat' dir='ltr'>ac</span> <span class='ocrx_word' id='word_1_317' title='bbox 1794 1086 1893 1132; x_wconf 88' lang='lat' dir='ltr'>pisca-</span> 
     </span>
     <span class='ocr_line' id='line_1_67' title="bbox 1143 1134 1893 1170; baseline 0 -1"><span class='ocrx_word' id='word_1_318' title='bbox 1143 1135 1282 1170; x_wconf 89' lang='lat' dir='ltr'>tionibus</span> <span class='ocrx_word' id='word_1_319' title='bbox 1329 1135 1410 1169; x_wconf 89' lang='lat' dir='ltr'>snis:</span> <span class='ocrx_word' id='word_1_320' title='bbox 1452 1135 1615 1170; x_wconf 88' lang='lat' dir='ltr'>ecclesiam</span> <span class='ocrx_word' id='word_1_321' title='bbox 1655 1134 1763 1170; x_wconf 89' lang='lat' dir='ltr'>Sancti</span> <span class='ocrx_word' id='word_1_322' title='bbox 1794 1135 1893 1170; x_wconf 88' lang='lat' dir='ltr'>Blasii</span> 
     </span>
     <span class='ocr_line' id='line_1_68' title="bbox 1143 1183 1894 1231; baseline 0 -12"><span class='ocrx_word' id='word_1_323' title='bbox 1143 1197 1215 1219; x_wconf 91' lang='lat' dir='ltr'>cum</span> <span class='ocrx_word' id='word_1_324' title='bbox 1245 1192 1306 1219; x_wconf 85' lang='lat' dir='ltr'>tota</span> <span class='ocrx_word' id='word_1_325' title='bbox 1329 1184 1440 1223; x_wconf 75' lang='lat' dir='ltr'>insula,</span> <span class='ocrx_word' id='word_1_326' title='bbox 1466 1196 1547 1231; x_wconf 90' lang='lat' dir='ltr'>quae</span> <span class='ocrx_word' id='word_1_327' title='bbox 1569 1183 1683 1218; x_wconf 89' lang='lat' dir='ltr'>dicitur</span> <span class='ocrx_word' id='word_1_328' title='bbox 1704 1183 1830 1231; x_wconf 73' lang='lat' dir='ltr'>Gur-go,</span> <span class='ocrx_word' id='word_1_329' title='bbox 1862 1192 1894 1219; x_wconf 87' lang='lat' dir='ltr'>et</span> 
     </span>
     <span class='ocr_line' id='line_1_69' title="bbox 1143 1233 1894 1281; baseline 0.001 -14"><span class='ocrx_word' id='word_1_330' title='bbox 1143 1234 1239 1281; x_wconf 66' lang='lat' dir='ltr'>sylva,</span> <span class='ocrx_word' id='word_1_331' title='bbox 1258 1243 1287 1268; x_wconf 89' lang='lat' dir='ltr'>et</span> <span class='ocrx_word' id='word_1_332' title='bbox 1303 1233 1520 1268; x_wconf 86' lang='lat' dir='ltr'>adiacentibus</span> <span class='ocrx_word' id='word_1_333' title='bbox 1535 1233 1719 1280; x_wconf 86' lang='lat' dir='ltr'>paludibus:</span> <span class='ocrx_word' id='word_1_334' title='bbox 1742 1241 1894 1275; x_wconf 83' lang='lat' dir='ltr'>castrum,</span> 
     </span>
     <span class='ocr_line' id='line_1_70' title="bbox 1144 1282 1895 1330; baseline 0.001 -13"><span class='ocrx_word' id='word_1_335' title='bbox 1144 1283 1228 1330; x_wconf 90' lang='lat' dir='ltr'>qnod</span> <span class='ocrx_word' id='word_1_336' title='bbox 1251 1291 1380 1317; x_wconf 85' lang='lat' dir='ltr'>vocatur</span> <span class='ocrx_word' id='word_1_337' title='bbox 1402 1282 1562 1317; x_wconf 88' lang='lat' dir='ltr'>Custellus</span> <span class='ocrx_word' id='word_1_338' title='bbox 1581 1295 1653 1317; x_wconf 90' lang='lat' dir='ltr'>cum</span> <span class='ocrx_word' id='word_1_339' title='bbox 1681 1282 1751 1317; x_wconf 87' lang='lat' dir='ltr'>villa</span> <span class='ocrx_word' id='word_1_340' title='bbox 1778 1291 1810 1318; x_wconf 86' lang='lat' dir='ltr'>et</span> <span class='ocrx_word' id='word_1_341' title='bbox 1840 1295 1895 1318; x_wconf 89' lang='lat' dir='ltr'>ec-</span> 
     </span>
     <span class='ocr_line' id='line_1_71' title="bbox 1144 1331 1896 1375; baseline 0 -8"><span class='ocrx_word' id='word_1_342' title='bbox 1144 1333 1238 1367; x_wconf 91' lang='lat' dir='ltr'>clesia</span> <span class='ocrx_word' id='word_1_343' title='bbox 1260 1331 1294 1367; x_wconf 91' lang='lat' dir='ltr'>S.</span> <span class='ocrx_word' id='word_1_344' title='bbox 1319 1331 1563 1375; x_wconf 68' lang='lat' dir='ltr'>Bai-tholomaei,</span> <span class='ocrx_word' id='word_1_345' title='bbox 1586 1344 1659 1366; x_wconf 89' lang='lat' dir='ltr'>cum</span> <span class='ocrx_word' id='word_1_346' title='bbox 1681 1331 1814 1367; x_wconf 88' lang='lat' dir='ltr'>decimis</span> <span class='ocrx_word' id='word_1_347' title='bbox 1830 1344 1896 1367; x_wconf 89' lang='lat' dir='ltr'>om-</span> 
     </span>
     <span class='ocr_line' id='line_1_72' title="bbox 1144 1380 1894 1428; baseline 0 -12"><span class='ocrx_word' id='word_1_348' title='bbox 1144 1382 1249 1422; x_wconf 91' lang='lat' dir='ltr'>nibus,</span> <span class='ocrx_word' id='word_1_349' title='bbox 1272 1389 1302 1415; x_wconf 89' lang='lat' dir='ltr'>et</span> <span class='ocrx_word' id='word_1_350' title='bbox 1317 1381 1447 1428; x_wconf 84' lang='lat' dir='ltr'>reliquis</span> <span class='ocrx_word' id='word_1_351' title='bbox 1461 1380 1500 1416; x_wconf 90' lang='lat' dir='ltr'>ad</span> <span class='ocrx_word' id='word_1_352' title='bbox 1523 1381 1625 1428; x_wconf 87' lang='lat' dir='ltr'>ipsum</span> <span class='ocrx_word' id='word_1_353' title='bbox 1650 1381 1894 1427; x_wconf 87' lang='lat' dir='ltr'>pertinentibus;</span> 
     </span>
     <span class='ocr_line' id='line_1_73' title="bbox 1145 1430 1896 1477; baseline 0.001 -13"><span class='ocrx_word' id='word_1_354' title='bbox 1145 1431 1269 1471; x_wconf 70' lang='lat' dir='ltr'>villam,</span> <span class='ocrx_word' id='word_1_355' title='bbox 1297 1442 1377 1477; x_wconf 82' lang='lat' dir='ltr'>quae</span> <span class='ocrx_word' id='word_1_356' title='bbox 1404 1438 1532 1464; x_wconf 85' lang='lat' dir='ltr'>vocatur</span> <span class='ocrx_word' id='word_1_357' title='bbox 1553 1430 1761 1477; x_wconf 84' lang='lat' dir='ltr'>Capud-Vici:</span> <span class='ocrx_word' id='word_1_358' title='bbox 1791 1431 1896 1465; x_wconf 88' lang='lat' dir='ltr'>villam</span> 
     </span>
     <span class='ocr_line' id='line_1_74' title="bbox 1145 1479 1898 1524; baseline 0 -9"><span class='ocrx_word' id='word_1_359' title='bbox 1145 1480 1312 1515; x_wconf 85' lang='lat' dir='ltr'>Sabianam</span> <span class='ocrx_word' id='word_1_360' title='bbox 1343 1491 1414 1514; x_wconf 92' lang='lat' dir='ltr'>cum</span> <span class='ocrx_word' id='word_1_361' title='bbox 1444 1479 1574 1514; x_wconf 87' lang='lat' dir='ltr'>ecclesia</span> <span class='ocrx_word' id='word_1_362' title='bbox 1607 1479 1712 1515; x_wconf 85' lang='lat' dir='ltr'>Sancti</span> <span class='ocrx_word' id='word_1_363' title='bbox 1745 1480 1898 1524; x_wconf 83' lang='lat' dir='ltr'>Andreae,</span> 
     </span>
     <span class='ocr_line' id='line_1_75' title="bbox 1146 1528 1896 1575; baseline 0 -11"><span class='ocrx_word' id='word_1_364' title='bbox 1146 1542 1217 1564; x_wconf 90' lang='lat' dir='ltr'>cum</span> <span class='ocrx_word' id='word_1_365' title='bbox 1238 1528 1371 1563; x_wconf 89' lang='lat' dir='ltr'>decimis</span> <span class='ocrx_word' id='word_1_366' title='bbox 1392 1536 1423 1562; x_wconf 89' lang='lat' dir='ltr'>et</span> <span class='ocrx_word' id='word_1_367' title='bbox 1449 1529 1646 1575; x_wconf 86' lang='lat' dir='ltr'>pertinentiis</span> <span class='ocrx_word' id='word_1_368' title='bbox 1671 1529 1756 1573; x_wconf 77' lang='lat' dir='ltr'>suis,</span> <span class='ocrx_word' id='word_1_369' title='bbox 1784 1529 1896 1564; x_wconf 90' lang='lat' dir='ltr'>eccle-</span> 
     </span>
     <span class='ocr_line' id='line_1_76' title="bbox 1146 1577 1898 1613; baseline 0 -1"><span class='ocrx_word' id='word_1_370' title='bbox 1146 1579 1223 1613; x_wconf 89' lang='lat' dir='ltr'>siam</span> <span class='ocrx_word' id='word_1_371' title='bbox 1252 1578 1358 1612; x_wconf 85' lang='lat' dir='ltr'>Sancti</span> <span class='ocrx_word' id='word_1_372' title='bbox 1387 1577 1513 1612; x_wconf 84' lang='lat' dir='ltr'>Venerii</span> <span class='ocrx_word' id='word_1_373' title='bbox 1546 1578 1584 1612; x_wconf 93' lang='lat' dir='ltr'>de</span> <span class='ocrx_word' id='word_1_374' title='bbox 1616 1578 1796 1613; x_wconf 89' lang='lat' dir='ltr'>Marceneto</span> <span class='ocrx_word' id='word_1_375' title='bbox 1823 1591 1898 1613; x_wconf 89' lang='lat' dir='ltr'>cum</span> 
     </span>
     <span class='ocr_line' id='line_1_77' title="bbox 1147 1626 1898 1662; baseline 0 0"><span class='ocrx_word' id='word_1_376' title='bbox 1147 1627 1313 1662; x_wconf 84' lang='lat' dir='ltr'>medietate</span> <span class='ocrx_word' id='word_1_377' title='bbox 1335 1627 1479 1661; x_wconf 90' lang='lat' dir='ltr'>eiusdem</span> <span class='ocrx_word' id='word_1_378' title='bbox 1507 1627 1610 1662; x_wconf 87' lang='lat' dir='ltr'>castri.</span> <span class='ocrx_word' id='word_1_379' title='bbox 1641 1627 1752 1662; x_wconf 89' lang='lat' dir='ltr'>Casale</span> <span class='ocrx_word' id='word_1_380' title='bbox 1775 1626 1898 1662; x_wconf 83' lang='lat' dir='ltr'>Barba-</span> 
     </span>
     <span class='ocr_line' id='line_1_78' title="bbox 1148 1675 1901 1721; baseline -0.001 -10"><span class='ocrx_word' id='word_1_381' title='bbox 1148 1685 1214 1711; x_wconf 88' lang='lat' dir='ltr'>tum</span> <span class='ocrx_word' id='word_1_382' title='bbox 1237 1688 1310 1711; x_wconf 88' lang='lat' dir='ltr'>cum</span> <span class='ocrx_word' id='word_1_383' title='bbox 1332 1675 1509 1721; x_wconf 84' lang='lat' dir='ltr'>baptismali</span> <span class='ocrx_word' id='word_1_384' title='bbox 1530 1676 1660 1711; x_wconf 89' lang='lat' dir='ltr'>ecclesia</span> <span class='ocrx_word' id='word_1_385' title='bbox 1679 1676 1814 1711; x_wconf 86' lang='lat' dir='ltr'>Sanctae</span> <span class='ocrx_word' id='word_1_386' title='bbox 1836 1676 1901 1711; x_wconf 84' lang='lat' dir='ltr'>Ma-</span> 
     </span>
     <span class='ocr_line' id='line_1_79' title="bbox 1148 1725 1900 1772; baseline 0 -12"><span class='ocrx_word' id='word_1_387' title='bbox 1148 1726 1226 1765; x_wconf 78' lang='lat' dir='ltr'>riae,</span> <span class='ocrx_word' id='word_1_388' title='bbox 1251 1734 1280 1759; x_wconf 88' lang='lat' dir='ltr'>et</span> <span class='ocrx_word' id='word_1_389' title='bbox 1303 1725 1421 1771; x_wconf 87' lang='lat' dir='ltr'>capella</span> <span class='ocrx_word' id='word_1_390' title='bbox 1444 1725 1550 1760; x_wconf 88' lang='lat' dir='ltr'>Sancti</span> <span class='ocrx_word' id='word_1_391' title='bbox 1574 1725 1748 1767; x_wconf 79' lang='lat' dir='ltr'>Laurentii,</span> <span class='ocrx_word' id='word_1_392' title='bbox 1771 1725 1900 1772; x_wconf 87' lang='lat' dir='ltr'>Septin-</span> 
     </span>
     <span class='ocr_line' id='line_1_80' title="bbox 1149 1774 1899 1821; baseline 0.001 -13"><span class='ocrx_word' id='word_1_393' title='bbox 1149 1783 1277 1821; x_wconf 76' lang='lat' dir='ltr'>gentum</span> <span class='ocrx_word' id='word_1_394' title='bbox 1306 1787 1378 1808; x_wconf 88' lang='lat' dir='ltr'>cum</span> <span class='ocrx_word' id='word_1_395' title='bbox 1402 1774 1591 1820; x_wconf 67' lang='lat' dir='ltr'>⁴baptismali</span> <span class='ocrx_word' id='word_1_396' title='bbox 1624 1775 1756 1809; x_wconf 84' lang='lat' dir='ltr'>ecclesia</span> <span class='ocrx_word' id='word_1_397' title='bbox 1790 1774 1899 1810; x_wconf 86' lang='lat' dir='ltr'>Sancti</span> 
     </span>
     <span class='ocr_line' id='line_1_81' title="bbox 1148 1823 1899 1870; baseline 0.001 -12"><span class='ocrx_word' id='word_1_398' title='bbox 1148 1823 1326 1864; x_wconf 77' lang='lat' dir='ltr'>Michaelis,</span> <span class='ocrx_word' id='word_1_399' title='bbox 1361 1836 1432 1858; x_wconf 87' lang='lat' dir='ltr'>cum</span> <span class='ocrx_word' id='word_1_400' title='bbox 1461 1824 1591 1870; x_wconf 88' lang='lat' dir='ltr'>ripatico</span> <span class='ocrx_word' id='word_1_401' title='bbox 1617 1823 1655 1858; x_wconf 91' lang='lat' dir='ltr'>de</span> <span class='ocrx_word' id='word_1_402' title='bbox 1676 1825 1810 1859; x_wconf 89' lang='lat' dir='ltr'>transitu</span> <span class='ocrx_word' id='word_1_403' title='bbox 1839 1837 1899 1859; x_wconf 91' lang='lat' dir='ltr'>na-</span> 
     </span>
     <span class='ocr_line' id='line_1_82' title="bbox 1149 1872 1899 1920; baseline 0.001 -13"><span class='ocrx_word' id='word_1_404' title='bbox 1149 1874 1249 1911; x_wconf 75' lang='lat' dir='ltr'>vium,</span> <span class='ocrx_word' id='word_1_405' title='bbox 1272 1881 1301 1907; x_wconf 87' lang='lat' dir='ltr'>et</span> <span class='ocrx_word' id='word_1_406' title='bbox 1322 1880 1402 1907; x_wconf 86' lang='lat' dir='ltr'>terra</span> <span class='ocrx_word' id='word_1_407' title='bbox 1422 1872 1459 1907; x_wconf 88' lang='lat' dir='ltr'>ad</span> <span class='ocrx_word' id='word_1_408' title='bbox 1476 1873 1575 1920; x_wconf 85' lang='lat' dir='ltr'>ipsam</span> <span class='ocrx_word' id='word_1_409' title='bbox 1591 1873 1691 1918; x_wconf 88' lang='lat' dir='ltr'>ripam</span> <span class='ocrx_word' id='word_1_410' title='bbox 1709 1873 1899 1919; x_wconf 82' lang='lat' dir='ltr'>pertinente:</span> 
     </span>
    </p>
   </div>
   <div class='ocr_carea' id='block_1_20' title="bbox 1129 1922 1903 1969">
    <p class='ocr_par' dir='ltr' id='par_1_20' title="bbox 1129 1922 1903 1969">
     <span class='ocr_line' id='line_1_83' title="bbox 1129 1922 1903 1969; baseline -0.001 -12"><span class='ocrx_word' id='word_1_411' title='bbox 1129 1935 1131 1968; x_wconf 64' lang='lat'>¹.</span> <span class='ocrx_word' id='word_1_412' title='bbox 1151 1922 1301 1969; x_wconf 90' lang='lat' dir='ltr'>capellam</span> <span class='ocrx_word' id='word_1_413' title='bbox 1325 1922 1354 1955; x_wconf 92' lang='lat' dir='ltr'>in</span> <span class='ocrx_word' id='word_1_414' title='bbox 1378 1922 1524 1966; x_wconf 81' lang='lat' dir='ltr'>Labioia,</span> <span class='ocrx_word' id='word_1_415' title='bbox 1547 1922 1699 1969; x_wconf 87' lang='lat' dir='ltr'>capellam</span> <span class='ocrx_word' id='word_1_416' title='bbox 1721 1922 1828 1957; x_wconf 88' lang='lat' dir='ltr'>Sancti</span> <span class='ocrx_word' id='word_1_417' title='bbox 1849 1923 1903 1957; x_wconf 86' lang='lat' dir='ltr'>lo-</span> 
     </span>
    </p>
   </div>
   <div class='ocr_carea' id='block_1_21' title="bbox 1151 1971 1911 2707">
    <p class='ocr_par' dir='ltr' id='par_1_21' title="bbox 1151 1971 1911 2707">
     <span class='ocr_line' id='line_1_84' title="bbox 1151 1971 1899 2018; baseline 0.001 -13"><span class='ocrx_word' id='word_1_418' title='bbox 1151 1971 1243 2006; x_wconf 88' lang='lat' dir='ltr'>annis</span> <span class='ocrx_word' id='word_1_419' title='bbox 1272 1972 1301 2005; x_wconf 92' lang='lat' dir='ltr'>in</span> <span class='ocrx_word' id='word_1_420' title='bbox 1324 1971 1476 2005; x_wconf 79' lang='lat' dir='ltr'>Barbatio</span> <span class='ocrx_word' id='word_1_421' title='bbox 1502 1983 1573 2006; x_wconf 89' lang='lat' dir='ltr'>cum</span> <span class='ocrx_word' id='word_1_422' title='bbox 1598 1972 1796 2018; x_wconf 87' lang='lat' dir='ltr'>pertiuentiis</span> <span class='ocrx_word' id='word_1_423' title='bbox 1818 1972 1899 2007; x_wconf 87' lang='lat' dir='ltr'>suis:</span> 
     </span>
     <span class='ocr_line' id='line_1_85' title="bbox 1152 2019 1902 2067; baseline 0.003 -13"><span class='ocrx_word' id='word_1_424' title='bbox 1152 2020 1303 2067; x_wconf 90' lang='lat' dir='ltr'>capellam</span> <span class='ocrx_word' id='word_1_425' title='bbox 1318 2019 1425 2055; x_wconf 89' lang='lat' dir='ltr'>Sancti</span> <span class='ocrx_word' id='word_1_426' title='bbox 1440 2020 1588 2055; x_wconf 80' lang='lat' dir='ltr'>Matthaei</span> <span class='ocrx_word' id='word_1_427' title='bbox 1605 2021 1635 2054; x_wconf 86' lang='lat' dir='ltr'>in</span> <span class='ocrx_word' id='word_1_428' title='bbox 1649 2020 1806 2056; x_wconf 85' lang='lat' dir='ltr'>Nucetnlo</span> <span class='ocrx_word' id='word_1_429' title='bbox 1828 2034 1902 2056; x_wconf 90' lang='lat' dir='ltr'>cum</span> 
     </span>
     <span class='ocr_line' id='line_1_86' title="bbox 1154 2069 1903 2116; baseline 0.004 -13"><span class='ocrx_word' id='word_1_430' title='bbox 1154 2070 1220 2116; x_wconf 80' lang='lat' dir='ltr'>ipsa</span> <span class='ocrx_word' id='word_1_431' title='bbox 1249 2069 1339 2113; x_wconf 79' lang='lat' dir='ltr'>villa,</span> <span class='ocrx_word' id='word_1_432' title='bbox 1361 2069 1510 2116; x_wconf 82' lang='lat' dir='ltr'>capellam</span> <span class='ocrx_word' id='word_1_433' title='bbox 1539 2069 1646 2104; x_wconf 79' lang='lat' dir='ltr'>Sancti</span> <span class='ocrx_word' id='word_1_434' title='bbox 1675 2069 1834 2104; x_wconf 78' lang='lat' dir='ltr'>Valentini</span> <span class='ocrx_word' id='word_1_435' title='bbox 1863 2070 1903 2106; x_wconf 89' lang='lat' dir='ltr'>de</span> 
     </span>
     <span class='ocr_line' id='line_1_87' title="bbox 1152 2119 1904 2166; baseline 0.001 -13"><span class='ocrx_word' id='word_1_436' title='bbox 1152 2119 1302 2164; x_wconf 77' lang='lat' dir='ltr'>Marengo</span> <span class='ocrx_word' id='word_1_437' title='bbox 1324 2130 1395 2152; x_wconf 89' lang='lat' dir='ltr'>cum</span> <span class='ocrx_word' id='word_1_438' title='bbox 1418 2119 1483 2152; x_wconf 85' lang='lat' dir='ltr'>suis</span> <span class='ocrx_word' id='word_1_439' title='bbox 1511 2119 1755 2165; x_wconf 86' lang='lat' dir='ltr'>pertinentibus:</span> <span class='ocrx_word' id='word_1_440' title='bbox 1780 2120 1809 2154; x_wconf 92' lang='lat' dir='ltr'>in</span> <span class='ocrx_word' id='word_1_441' title='bbox 1833 2120 1904 2166; x_wconf 90' lang='lat' dir='ltr'>epi-</span> 
     </span>
     <span class='ocr_line' id='line_1_88' title="bbox 1154 2167 1903 2215; baseline 0.001 -13"><span class='ocrx_word' id='word_1_442' title='bbox 1154 2175 1285 2215; x_wconf 87' lang='lat' dir='ltr'>scopatu</span> <span class='ocrx_word' id='word_1_443' title='bbox 1321 2167 1475 2202; x_wconf 78' lang='lat' dir='ltr'>Brixieusi</span> <span class='ocrx_word' id='word_1_444' title='bbox 1504 2168 1668 2203; x_wconf 88' lang='lat' dir='ltr'>ecclesiam</span> <span class='ocrx_word' id='word_1_445' title='bbox 1695 2168 1802 2203; x_wconf 90' lang='lat' dir='ltr'>Sancti</span> <span class='ocrx_word' id='word_1_446' title='bbox 1829 2169 1903 2204; x_wconf 87' lang='lat' dir='ltr'>Iusti</span> 
     </span>
     <span class='ocr_line' id='line_1_89' title="bbox 1155 2216 1905 2259; baseline 0.001 -8"><span class='ocrx_word' id='word_1_447' title='bbox 1155 2217 1235 2251; x_wconf 91' lang='lat' dir='ltr'>intra</span> <span class='ocrx_word' id='word_1_448' title='bbox 1261 2225 1397 2252; x_wconf 80' lang='lat' dir='ltr'>castrum</span> <span class='ocrx_word' id='word_1_449' title='bbox 1425 2216 1585 2258; x_wconf 78' lang='lat' dir='ltr'>Medulae3</span> <span class='ocrx_word' id='word_1_450' title='bbox 1608 2226 1706 2259; x_wconf 81' lang='lat' dir='ltr'>extra,</span> <span class='ocrx_word' id='word_1_451' title='bbox 1738 2218 1905 2253; x_wconf 87' lang='lat' dir='ltr'>ecclesiam</span> 
     </span>
     <span class='ocr_line' id='line_1_90' title="bbox 1155 2265 1907 2302; baseline 0.001 -1"><span class='ocrx_word' id='word_1_452' title='bbox 1155 2266 1263 2301; x_wconf 85' lang='lat' dir='ltr'>Sancti</span> <span class='ocrx_word' id='word_1_453' title='bbox 1285 2265 1346 2300; x_wconf 74' lang='lat' dir='ltr'>Viti</span> <span class='ocrx_word' id='word_1_454' title='bbox 1375 2279 1446 2301; x_wconf 90' lang='lat' dir='ltr'>cum</span> <span class='ocrx_word' id='word_1_455' title='bbox 1476 2267 1566 2301; x_wconf 86' lang='lat' dir='ltr'>terris</span> <span class='ocrx_word' id='word_1_456' title='bbox 1591 2267 1631 2301; x_wconf 90' lang='lat' dir='ltr'>ad</span> <span class='ocrx_word' id='word_1_457' title='bbox 1659 2266 1784 2301; x_wconf 87' lang='lat' dir='ltr'>easdem</span> <span class='ocrx_word' id='word_1_458' title='bbox 1812 2267 1907 2302; x_wconf 88' lang='lat' dir='ltr'>cellas</span> 
     </span>
     <span class='ocr_line' id='line_1_91' title="bbox 1157 2315 1905 2362; baseline 0.003 -14"><span class='ocrx_word' id='word_1_459' title='bbox 1157 2315 1402 2362; x_wconf 84' lang='lat' dir='ltr'>pertinentibus:</span> <span class='ocrx_word' id='word_1_460' title='bbox 1439 2316 1470 2350; x_wconf 90' lang='lat' dir='ltr'>in</span> <span class='ocrx_word' id='word_1_461' title='bbox 1497 2316 1683 2362; x_wconf 87' lang='lat' dir='ltr'>episcopatu</span> <span class='ocrx_word' id='word_1_462' title='bbox 1709 2315 1905 2351; x_wconf 88' lang='lat' dir='ltr'>Ferrariensi</span> 
     </span>
     <span class='ocr_line' id='line_1_92' title="bbox 1157 2364 1907 2420; baseline 0 -21"><span class='ocrx_word' id='word_1_463' title='bbox 1157 2364 1322 2399; x_wconf 89' lang='lat' dir='ltr'>ecclesiam</span> <span class='ocrx_word' id='word_1_464' title='bbox 1332 2364 1438 2399; x_wconf 87' lang='lat' dir='ltr'>Sancti</span> <span class='ocrx_word' id='word_1_465' title='bbox 1450 2364 1615 2399; x_wconf 85' lang='lat' dir='ltr'>Benedicti</span> <span class='ocrx_word' id='word_1_466' title='bbox 1627 2377 1699 2399; x_wconf 89' lang='lat' dir='ltr'>cum</span> <span class='ocrx_word' id='word_1_467' title='bbox 1710 2365 1907 2420; x_wconf 85' lang='lat' dir='ltr'>pertinentiis</span> 
     </span>
     <span class='ocr_line' id='line_1_93' title="bbox 1158 2413 1910 2461; baseline 0.001 -14"><span class='ocrx_word' id='word_1_468' title='bbox 1158 2413 1223 2448; x_wconf 88' lang='lat' dir='ltr'>suis</span> <span class='ocrx_word' id='word_1_469' title='bbox 1256 2413 1338 2460; x_wconf 89' lang='lat' dir='ltr'>apud</span> <span class='ocrx_word' id='word_1_470' title='bbox 1375 2414 1528 2460; x_wconf 88' lang='lat' dir='ltr'>oppidum</span> <span class='ocrx_word' id='word_1_471' title='bbox 1556 2413 1746 2448; x_wconf 87' lang='lat' dir='ltr'>Ficarolum.</span> <span class='ocrx_word' id='word_1_472' title='bbox 1781 2414 1814 2448; x_wconf 90' lang='lat' dir='ltr'>ln</span> <span class='ocrx_word' id='word_1_473' title='bbox 1838 2415 1910 2461; x_wconf 88' lang='lat' dir='ltr'>epi-</span> 
     </span>
     <span class='ocr_line' id='line_1_94' title="bbox 1158 2463 1908 2509; baseline 0.001 -13"><span class='ocrx_word' id='word_1_474' title='bbox 1158 2470 1290 2509; x_wconf 86' lang='lat' dir='ltr'>scopatu</span> <span class='ocrx_word' id='word_1_475' title='bbox 1336 2463 1526 2497; x_wconf 85' lang='lat' dir='ltr'>Boloniense</span> <span class='ocrx_word' id='word_1_476' title='bbox 1565 2463 1730 2497; x_wconf 90' lang='lat' dir='ltr'>ecclesiam</span> <span class='ocrx_word' id='word_1_477' title='bbox 1772 2463 1908 2498; x_wconf 88' lang='lat' dir='ltr'>Sanctae</span> 
     </span>
     <span class='ocr_line' id='line_1_95' title="bbox 1158 2511 1908 2559; baseline 0.003 -15"><span class='ocrx_word' id='word_1_478' title='bbox 1158 2511 1306 2546; x_wconf 84' lang='lat' dir='ltr'>Mariae</span> <span class='ocrx_word' id='word_1_479' title='bbox 1300 2524 1331 2545; x_wconf 86' lang='lat' dir='ltr'>iu</span> <span class='ocrx_word' id='word_1_480' title='bbox 1353 2511 1422 2547; x_wconf 90' lang='lat' dir='ltr'>loco</span> <span class='ocrx_word' id='word_1_481' title='bbox 1449 2513 1501 2559; x_wconf 89' lang='lat' dir='ltr'>qui</span> <span class='ocrx_word' id='word_1_482' title='bbox 1533 2512 1649 2546; x_wconf 85' lang='lat' dir='ltr'>dicitur</span> <span class='ocrx_word' id='word_1_483' title='bbox 1669 2511 1908 2553; x_wconf 61' lang='lat' dir='ltr'>Lambufflnum,</span> 
     </span>
     <span class='ocr_line' id='line_1_96' title="bbox 1159 2560 1910 2607; baseline 0.001 -13"><span class='ocrx_word' id='word_1_484' title='bbox 1159 2573 1231 2595; x_wconf 87' lang='lat' dir='ltr'>cum</span> <span class='ocrx_word' id='word_1_485' title='bbox 1259 2561 1389 2595; x_wconf 87' lang='lat' dir='ltr'>ecclesia</span> <span class='ocrx_word' id='word_1_486' title='bbox 1416 2560 1525 2596; x_wconf 82' lang='lat' dir='ltr'>Sancti</span> <span class='ocrx_word' id='word_1_487' title='bbox 1541 2560 1688 2601; x_wconf 81' lang='lat' dir='ltr'>Ioannis,</span> <span class='ocrx_word' id='word_1_488' title='bbox 1716 2562 1769 2607; x_wconf 89' lang='lat' dir='ltr'>qui</span> <span class='ocrx_word' id='word_1_489' title='bbox 1793 2561 1910 2595; x_wconf 87' lang='lat' dir='ltr'>dicitnr</span> 
     </span>
     <span class='ocr_line' id='line_1_97' title="bbox 1160 2610 1911 2656; baseline 0.001 -12"><span class='ocrx_word' id='word_1_490' title='bbox 1160 2610 1449 2644; x_wconf 84' lang='lat' dir='ltr'>Dalmanzaticum:</span> <span class='ocrx_word' id='word_1_491' title='bbox 1479 2611 1509 2644; x_wconf 93' lang='lat' dir='ltr'>in</span> <span class='ocrx_word' id='word_1_492' title='bbox 1533 2610 1716 2656; x_wconf 89' lang='lat' dir='ltr'>episcopatu</span> <span class='ocrx_word' id='word_1_493' title='bbox 1741 2610 1911 2645; x_wconf 83' lang='lat' dir='ltr'>Parmense</span> 
     </span>
     <span class='ocr_line' id='line_1_98' title="bbox 1160 2658 1911 2707; baseline 0 -13"><span class='ocrx_word' id='word_1_494' title='bbox 1160 2658 1325 2694; x_wconf 82' lang='lat' dir='ltr'>ecclesiam</span> <span class='ocrx_word' id='word_1_495' title='bbox 1352 2658 1460 2694; x_wconf 80' lang='lat' dir='ltr'>Sancti</span> <span class='ocrx_word' id='word_1_496' title='bbox 1488 2658 1643 2695; x_wconf 89' lang='lat' dir='ltr'>Leonardi</span> <span class='ocrx_word' id='word_1_497' title='bbox 1671 2671 1770 2707; x_wconf 88' lang='lat' dir='ltr'>prope</span> <span class='ocrx_word' id='word_1_498' title='bbox 1801 2659 1911 2695; x_wconf 81' lang='lat' dir='ltr'>civita-</span> 
     </span>
    </p>
   </div>
   <div class='ocr_carea' id='block_1_22' title="bbox 1909 291 2091 321">
    <p class='ocr_par' dir='ltr' id='par_1_22' title="bbox 1909 291 2091 321">
     <span class='ocr_line' id='line_1_99' title="bbox 1909 291 2091 321; baseline 0.011 -2"><span class='ocrx_word' id='word_1_499' title='bbox 1909 292 1958 319; x_wconf 68' lang='grc' dir='ltr'>ΑΒ.</span> <span class='ocrx_word' id='word_1_500' title='bbox 1979 291 2006 321; x_wconf 87' lang='lat' dir='ltr'>C.</span> <span class='ocrx_word' id='word_1_501' title='bbox 2025 291 2091 321; x_wconf 82' lang='lat'>1105</span> 
     </span>
    </p>
   </div>
   <div class='ocr_carea' id='block_1_23' title="bbox 1910 509 2096 643">
    <p class='ocr_par' dir='ltr' id='par_1_23' title="bbox 1910 509 2096 584">
     <span class='ocr_line' id='line_1_100' title="bbox 1923 509 2096 531; baseline -0.006 0"><span class='ocrx_word' id='word_1_502' title='bbox 1923 510 2015 531; x_wconf 66' lang='lat' dir='ltr'>monast.</span> <span class='ocrx_word' id='word_1_503' title='bbox 2024 509 2045 530; x_wconf 48' lang='lat' dir='ltr'>S&gt;</span> <span class='ocrx_word' id='word_1_504' title='bbox 2056 509 2096 530; x_wconf 81' lang='lat' dir='ltr'>Be-</span> 
     </span>
     <span class='ocr_line' id='line_1_101' title="bbox 1910 537 2096 562; baseline -0.005 -5"><span class='ocrx_word' id='word_1_505' title='bbox 1910 537 1991 557; x_wconf 82' lang='lat' dir='ltr'>nedicti</span> <span class='ocrx_word' id='word_1_506' title='bbox 2006 537 2028 557; x_wconf 89' lang='lat' dir='ltr'>in</span> <span class='ocrx_word' id='word_1_507' title='bbox 2039 538 2096 562; x_wconf 79' lang='lat' dir='ltr'>Apo·</span> 
     </span>
     <span class='ocr_line' id='line_1_102' title="bbox 1910 563 2096 584; baseline 0 0"><span class='ocrx_word' id='word_1_508' title='bbox 1910 564 2000 584; x_wconf 79' lang='lat' dir='ltr'>stolicae</span> <span class='ocrx_word' id='word_1_509' title='bbox 2035 563 2096 584; x_wconf 72' lang='lat' dir='ltr'>senis</span> 
     </span>
    </p>

    <p class='ocr_par' dir='ltr' id='par_1_24' title="bbox 1911 590 2079 643">
     <span class='ocr_line' id='line_1_103' title="bbox 1928 590 2079 610; baseline 0 0"><span class='ocrx_word' id='word_1_510' title='bbox 1928 590 2079 610; x_wconf 78' lang='lat' dir='ltr'>detensionem</span> 
     </span>
     <span class='ocr_line' id='line_1_104' title="bbox 1911 617 2029 643; baseline -0.017 -5"><span class='ocrx_word' id='word_1_511' title='bbox 1911 617 2029 643; x_wconf 55' lang='lat' dir='ltr'>excipitur:</span> 
     </span>
    </p>
   </div>
   <div class='ocr_carea' id='block_1_24' title="bbox 1913 810 2101 939">
    <p class='ocr_par' dir='ltr' id='par_1_25' title="bbox 1913 810 2101 939">
     <span class='ocr_line' id='line_1_105' title="bbox 1948 810 2100 841; baseline 0 -10"><span class='ocrx_word' id='word_1_512' title='bbox 1948 810 2019 841; x_wconf 73' lang='lat' dir='ltr'>Eique</span> <span class='ocrx_word' id='word_1_513' title='bbox 2042 810 2100 831; x_wconf 79' lang='lat' dir='ltr'>bona</span> 
     </span>
     <span class='ocr_line' id='line_1_106' title="bbox 1913 836 2100 858; baseline -0.011 0"><span class='ocrx_word' id='word_1_514' title='bbox 1913 837 1987 858; x_wconf 86' lang='lat' dir='ltr'>omnia</span> <span class='ocrx_word' id='word_1_515' title='bbox 2018 836 2100 858; x_wconf 78' lang='lat' dir='ltr'>confir-</span> 
     </span>
     <span class='ocr_line' id='line_1_107' title="bbox 1914 865 2101 890; baseline -0.005 -5"><span class='ocrx_word' id='word_1_516' title='bbox 1914 867 2013 888; x_wconf 83' lang='lat' dir='ltr'>mantur-</span> <span class='ocrx_word' id='word_1_517' title='bbox 2033 865 2101 890; x_wconf 75' lang='lat' dir='ltr'>prout</span> 
     </span>
     <span class='ocr_line' id='line_1_108' title="bbox 1914 891 2100 912; baseline -0.006 0"><span class='ocrx_word' id='word_1_518' title='bbox 1914 891 1951 912; x_wconf 85' lang='lat' dir='ltr'>hic</span> <span class='ocrx_word' id='word_1_519' title='bbox 1984 895 2100 912; x_wconf 77' lang='lat' dir='ltr'>recensen-</span> 
     </span>
     <span class='ocr_line' id='line_1_109' title="bbox 1916 921 1961 939; baseline 0 -1"><span class='ocrx_word' id='word_1_520' title='bbox 1916 921 1961 939; x_wconf 88' lang='lat' dir='ltr'>tur.</span> 
     </span>
    </p>
   </div>
  </div>
 </body>
</html>
