2180 3205
62 271 110 297 Λιι.
132 269 159 295 C.
181 270 243 296 1077

87 703 110 723 Ei
121 702 243 722 cluniaci—n-

60 730 88 750 sis
119 730 144 749 nt·
148 729 173 749 tm

60 755 175 777 narii-terni
169 761 206 775 teo
214 742 243 774 ii-i

60 783 143 808 dunpro
132 782 199 827 ιιὶΙιιΙιι
195 788 220 801 ἰιι
210 782 243 801 Ιι.ι

62 810 92 830 At·
87 815 140 839 vernn
142 815 172 828 ιι

60 836 89 857 ι·Ιι
87 835 137 856 wia.)
151 841 174 855 ι·ιι
169 815 209 855 ιιι

73 1342 182 1362 Postremo
198 1346 244 1367 pri

60 1368 193 1393 mitigandum
209 1367 244 1388 de-

61 1397 140 1416 cretum
157 1395 182 1414 de
204 1400 243 1414 non

61 1421 191 1446 accipiendis
215 1421 244 1441 in-

62 1447 168 1478 vestituris
183 1453 195 1468 a
208 1447 244 1468 lai-

848 247 870 267 S.
895 246 1079 267 (tut-{flotttts
1105 246 1148 266 tlt
1175 246 1220 266 ΙΨ.

1719 233 1758 265 {ll

269 298 394 339 eli-siae,
418 298 610 342 Anicionsis,
635 298 846 339 Alvernensis,
876 310 930 332 nec
960 310 1019 331 non
1065 298 1271 332 firmationem
1297 298 1364 332 eins
1389 298 1567 332 universnm
1588 305 1710 331 caetum
1730 297 1814 331 illius-

270 348 455 382 monasterii
483 348 589 383 Sancti
614 348 774 395 Dionysii,
796 356 826 382 et
848 347 918 387 alia,
941 359 1021 393 qnae

270 397 448 432 necessaria
483 397 712 432 ecclesiasticae
741 397 881 443 religioni
916 408 1020 442 appa-

270 446 413 487 ruerint,
443 458 499 493 pro
525 447 693 481 commissa
728 446 781 480 tilii
806 446 870 480 vice
898 453 1019 484 nostra,

269 502 419 541 quantum
447 496 512 530 Deo
539 496 709 530 auxiliante
732 495 885 540 potueris,
909 494 947 527 ita
970 493 1020 527 di-

269 544 402 589 ligenter
433 553 576 586 tractare,
612 552 641 579 et
668 544 704 578 ad
729 544 821 577 linem
847 542 1018 591 perducere

268 593 412 633 studeas,
436 601 592 641 quatenus
611 593 642 627 iu
664 593 710 627 eis
734 600 838 627 nostra
865 592 1018 637 deinceps

269 643 365 687 possit
387 642 573 682 solicitudo,
596 651 626 676 et
654 641 744 687 longa
775 642 912 687 fatigatio
939 641 1017 674 snb-

268 691 374 726 lcvari.
388 692 543 726 Volumus
557 691 662 734 etiam,
679 699 710 725 nt
727 690 852 725 fratrem
874 698 1014 725 nostrum

268 741 435 787 lingonen]
452 740 658 776 venerabilem
682 739 925 774 Cluniacensem
953 739 1017 773 al>—

268 790 371 824 batem
401 798 502 825 tecum
527 789 649 837 synodo
677 790 827 823 iuteresse
851 802 887 823 ex
912 797 1014 823 nostra

269 847 355 886 parte
376 839 555 878 convitare,
581 838 718 886 rogando
746 847 775 872 et
803 839 935 872 multum
969 838 1017 871 in—

267 888 391 930 stando,
415 900 575 935 procureS,
595 901 665 923 cnm
687 895 812 935 propter
834 887 890 922 alia
908 887 1015 929 multa,

268 946 332 972 tum
356 938 501 979 maxime,
526 946 558 972 ut
580 950 672 972 causa
691 937 893 972 Alvernensis
912 936 1017 970 Eccle-

266 987 330 1022 siae
358 988 548 1034 competenti
571 996 601 1022 ct
624 987 712 1021 firma
735 986 1014 1025 determinatione,

266 1049 339 1071 cum
357 1036 416 1071 Dei
439 1043 468 1070 et
492 1036 576 1071 illius
595 1035 749 1070 adiutorio
771 1036 906 1070 liniatur.
930 1034 1016 1069 Con-

266 1085 393 1120 fidimus
415 1085 498 1120 enim
519 1086 548 1120 in
579 1085 793 1120 misericordia
810 1085 867 1119 Dei
892 1092 921 1118 et
940 1096 1016 1118 eon-

267 1135 440 1170 versatione
462 1135 542 1170 vitae
569 1135 654 1178 eius,
691 1134 775 1181 quod
804 1134 922 1168 nullius
958 1133 1017 1167 de-

266 1185 415 1231 precatio,
444 1184 562 1219 nullius
594 1184 699 1223 farmor
733 1193 785 1218 aut
812 1183 929 1229 (ratio,
959 1194 1015 1216 nee

266 1233 370 1281 aliqua
398 1245 528 1280 prorsus
566 1232 738 1281 personalis
771 1233 912 1279 acceptio
942 1243 1013 1265 eum

266 1295 282 1316 a
309 1283 430 1318 tramite
466 1282 662 1318 rectitudinis
696 1282 855 1316 dimoxeie
892 1282 1013 1328 poterit

266 1331 300 1367 Si
332 1332 427 1379 igitur
454 1332 558 1366 divina
591 1331 756 1366 clementia
790 1331 865 1365 liuic
893 1339 1015 1365 nostiae

266 1381 464 1428 dispositioni
496 1381 642 1416 effectum
676 1380 815 1424 dederit,
840 1381 919 1414 inter
951 1391 1017 1413 eae—

267 1440 344 1476 tera,
371 1442 451 1478 quae
478 1438 529 1464 tua
553 1430 729 1465 fraternitas
751 1429 881 1476 agenda,
906 1441 1015 1463 susee-

266 1480 328 1527 pit,
356 1479 416 1514 hoc
445 1480 650 1514 attentissime
674 1478 861 1526 perpendat,
896 1486 925 1512 et
947 1490 1016 1515 exe-

265 1529 319 1576 qui
346 1528 486 1569 studeat,
518 1537 551 1564 ut
574 1529 771 1575 congregatis
798 1527 957 1567 omnibus,
985 1538 1013 1563 et

266 1579 298 1613 in
326 1586 483 1613 conventu
524 1578 754 1617 residentibus,
794 1576 954 1611 manifesta
986 1586 1016 1613 et

266 1628 448 1675 personanti
484 1627 727 1663 denunciatione
764 1626 943 1668 interdicat,
983 1637 1014 1662 ιιι

266 1677 480 1712 conservanda
497 1677 648 1724 deinceps
669 1679 698 1711 in
716 1675 937 1724 promovendis
952 1678 1016 1724 epi-

266 1726 371 1773 scopis
393 1727 543 1761 canonica
577 1735 607 1761 et
633 1726 802 1773 apostolica
832 1726 1015 1761 auctoritate

266 1776 372 1811 nullus
400 1775 725 1822 metropolitanorinn,
748 1783 798 1809 aut
823 1774 926 1821 quiris
948 1776 1015 1821 epi—

266 1837 435 1872 scoporum
463 1825 567 1865 alieni,
590 1826 643 1872 qni
659 1840 672 1858 a
703 1825 778 1859 laiea
803 1836 934 1870 persona
958 1825 1015 1858 do-

266 1886 341 1908 num
364 1874 566 1921 episcopatus
601 1874 792 1920 susceperit,
828 1873 865 1907 ad
900 1885 1011 1908 conse-

266 1923 418 1958 crandum
440 1923 525 1957 illum
556 1926 716 1970 imponere
740 1935 866 1956 manum
890 1922 1014 1964 audeat,

268 1973 327 2007 nisi
351 1972 511 2018 dignitatis
534 1985 608 2007 snae
633 1973 751 2006 bonore
778 1971 943 2018 officioque
956 1984 1014 2006 ca—

267 2033 337 2056 rere
351 2029 380 2056 et
400 2022 467 2069 ipse
484 2023 564 2056 velit.
587 2021 739 2056 Similiter
751 2021 856 2065 etiam,
880 2029 912 2055 nt
932 2021 1014 2055 nulla

267 2078 404 2117 potestas
426 2080 478 2105 aut
500 2072 601 2117 aliqua
626 2083 757 2117 persona
777 2071 814 2105 de
834 2070 1014 2104 huiusmodi

267 2119 396 2154 honoris
418 2120 598 2163 donatione,
622 2122 666 2154 iel
690 2120 871 2166 acceptione
886 2120 1016 2154 ulterius

268 2181 302 2203 se
334 2168 541 2203 intromittere
576 2170 696 2203 debeat.
737 2168 829 2210 Quod
867 2169 890 2202 si
921 2181 1015 2215 piae—

268 2217 456 2272 sumpserit,
490 2218 598 2252 eidem
636 2219 788 2252 sententii
821 2225 849 2250 et
873 2217 1017 2251 animad—

268 2267 421 2301 versionis
443 2278 587 2311 censura,
610 2279 702 2313 quim
727 2266 837 2301 litatus
860 2266 1016 2301 Adrianus

268 2315 354 2364 Papa
377 2317 408 2350 in
431 2323 537 2351 octava
565 2316 683 2364 synodo
706 2319 745 2359 (a)
767 2316 806 2350 de
834 2315 1015 2349 huiusmodi

269 2364 585 2413 praesumptoribus,
621 2374 650 2400 et
685 2377 790 2399 sacrae
825 2365 1017 2399 auctoritatis

269 2414 510 2463 corruptoribus
544 2416 649 2449 statuit
681 2422 773 2460 atque
797 2414 948 2457 firmavit,
984 2426 1016 2448 se

270 2463 454 2500 adstrictum
493 2476 528 2498 ac
569 2464 696 2510 ligatum
738 2463 801 2497 fore
837 2471 1015 2509 eognoscat.

270 2513 343 2555 Quo
364 2513 503 2561 capitulo
525 2513 653 2560 scripto,
675 2521 766 2559 atque
791 2513 818 2545 in
845 2512 1018 2558 praesentia

271 2563 411 2597 omnium
435 2563 526 2607 lecto,
549 2562 587 2598 ad
610 2562 871 2597 collaudationem
896 2569 925 2596 et
941 2573 1020 2596 con-

306 2623 345 2658 (ιι)
362 2623 425 2650 Can.
446 2624 492 2650 2‘2.

1061 347 1226 381 consessus
1249 347 1429 381 admoneas.
1452 347 1514 381 Eos
1535 355 1652 390 antem,
1674 347 1727 393 qui
1745 355 1814 393 post

1063 396 1246 430 recensitam
1270 409 1285 430 a
1308 396 1400 430 nobis
1436 396 1530 430 liuius
1556 395 1672 430 decreti
1701 403 1814 430 aucto-

1062 444 1183 479 ritatem
1208 445 1423 479 investituram
1447 445 1647 492 episcopatus
1667 457 1721 491 per
1744 457 1814 479 ma-

1061 506 1121 528 nus
1143 494 1350 528 saecularium
1374 494 1587 534 dominorum,
1614 501 1644 528 et
1672 501 1813 541 potesta-

1061 551 1139 586 tum,
1175 551 1394 590 susceperunt,
1431 551 1461 577 et
1483 544 1536 590 qui
1560 543 1605 577 eis
1628 543 1658 577 in
1681 543 1811 578 ordina-

1061 592 1178 627 tionem
1196 604 1323 626 manum
1342 592 1503 638 imponere
1521 601 1811 638 praesumpserunt,

1060 641 1096 675 ad
1121 653 1178 675 nos
1200 653 1297 688 super
1318 641 1376 675 liac
1400 652 1430 675 rc
1458 641 1609 675 rationem
1634 641 1812 676 reddituros

1060 691 1164 725 venire
1187 690 1355 736 apostolica
1381 690 1566 724 auctoritate
1589 702 1810 735 commoneas⁷

1059 748 1152 786 atque
1182 740 1364 785 praecipias.
1401 739 1477 774 Data
1507 740 1588 773 iuxta
1625 739 1744 773 l’adnm
1781 741 1809 775 in

1059 789 1139 831 loco,
1171 789 1223 835 qui
1247 789 1361 823 dicitnr
1393 787 1545 829 Ficarolo,
1572 801 1601 822 ιι·
1632 788 1701 822 idus
1726 790 1809 829 maii,

1059 838 1231 872 indietiom¹
1259 837 1504 884 quintadecima.

1128 895 1188 924 Dat.
1213 895 1260 925 die
1283 895 1315 924 12
1337 895 1404 923 maii
1424 904 1500 923 anno
1520 894 1635 924 llomini
1655 895 1739 932 1077,

1313 934 1414 973 pontis.
1434 944 1509 963 anim
1529 944 1553 963 v.

1360 1071 1510 1105 XXXIV.

1060 1148 1261 1190 l'ru'ei'leqiunz
1285 1149 1544 1192 confirmationis,
1579 1156 1669 1192 alque
1695 1150 1811 1183 imum-

1107 1199 1210 1229 nt‘lati’s
1233 1199 1383 1230 bonorum
1405 1199 1628 1231 Νιοιιαειονὶίὸ.
1648 1199 1809 1231 Michaelis

1107 1247 1137 1277 in
1162 1246 1266 1289 Burqo
1291 1247 1446 1286 Pi'sarwu,
1475 1260 1553 1280 ιιιιιισ
1575 1248 1651 1280 iuris
1677 1248 1807 1281 Ordinis

1108 1296 1391 1329 Caiizalclulensmm
1412 1297 1466 1339 (l).

1328 1368 1541 1399 §tumtunm

1058 1429 1224 1459 lfiyxordium
1250 1447 1290 1452 —
1320 1430 1528 1460 Monasterinm
1552 1430 1723 1461 huiusmodi
1754 1432 1809 1462 sub

1098 1470 1275 1507 [notectione
1296 1471 1379 1499 Sedis
1402 1471 1586 1510 Apostolicac
1610 1471 1761 1509 tecipitnr.
1771 1489 1811 1494 —

1097 1508 1225 1548 Eiusque
1249 1509 1322 1539 bona
1347 1511 1443 1539 omnia
1464 1511 1685 1540 confirmantur.
1707 1527 1747 1533 ·—
1768 1511 1807 1541 Dc

1098 1549 1189 1578 libera
1220 1550 1431 1579 monachorum
1456 1550 1632 1589 1cccptione.
1664 1567 1703 1572 —
1730 1550 1808 1580 Con—

1096 1589 1190 1618 cessio
1214 1589 1378 1628 sepeliendi
1397 1590 1505 1619 ibidem
1526 1594 1675 1626 mortuos,
1702 1591 1810 1620 missas

1096 1633 1223 1665 cantare,
1245 1629 1447 1668 eleemosynas
1471 1634 1578 1668 petere.
1597 1646 1636 1651 —
1654 1629 1806 1659 Decretum

1096 1669 1300 1707 exemptionis,
1320 1679 1352 1698 ac
1372 1669 1576 1699 immunitatis.
1595 1685 1633 1691 —
1649 1670 1808 1700 ¹Xnatltema

1097 1712 1196 1737 contra
1217 1708 1451 1738 inobservantes.

1057 1774 1181 1812 Gregorius
1208 1775 1327 1812 episeopus
1349 1783 1426 1803 servus
1451 1783 1567 1803 seiwortnn
1599 1774 1651 1812 Dei,
1679 1775 1764 1805 dilecto
1786 1777 1808 1805 in

1096 1818 1184 1847 Christo
1202 1817 1251 1847 filio
1263 1818 1334 1847 Leoni
1356 1817 1433 1847 abbati
1450 1819 1583 1847 monasterii
1599 1818 1675 1849 Sancti
1690 1820 1810 1849 Michaelis

1096 1862 1235 1900 Archangeli
1254 1862 1319 1891 Pisae
1338 1863 1464 1899 vonstiuui,
1483 1863 1572 1900 tuisque
1587 1863 1756 1893 suecessoribus
1768 1863 1809 1893 ilii-

1096 1908 1148 1936 dein
1169 1907 1308 1945 regulariter
1326 1907 1495 1945 proinoiendis,
1522 1908 1544 1936 in
1567 1912 1713 1946 perpetuum.

1105 1969 1260 2004 Convenit
1301 1970 1473 2016 apostolico
1509 1970 1715 2005 moderamini
1756 1971 1806 2018 pia

1057 2019 1207 2073 religione
1251 2019 1441 2066 pollentibus
1480 2020 1630 2054 Ιιρηοιοίιι
1666 2032 1809 2075 compas-

1057 2068 1144 2102 sione
1171 2080 1373 2108 succurrere,
1408 2077 1438 2102 et
1474 2070 1673 2123 poscentium
1697 2070 1809 2103 animis

1056 2117 1149 2151 :it-ieri
1173 2117 1338 2152 dexotionc
1365 2118 1525 2164 impertire
1548 2130 1734 2152 assensum:
1770 2131 1808 2152 ex

1058 2166 1117 2201 boc
1145 2167 1227 2201 enirn
1265 2167 1462 2212 potissimum
1500 2167 1673 2214 praemium
1697 2179 1713 2201 a
1735 2179 1809 2201 con-

1057 2215 1157 2249 ditore
1179 2216 1320 2249 omnium
1342 2215 1410 2250 Deo
1438 2216 1545 2262 procul
1569 2215 1666 2249 dubio
1683 2228 1809 2262 prome-

1059 2264 1209 2303 rebimus,
1232 2264 1307 2299 dum
1337 2264 1524 2299 venerabilia
1542 2265 1607 2298 loca
1631 2273 1809 2311 opportune

1058 2313 1198 2347 ordinata
1222 2313 1260 2347 ad
1284 2313 1443 2348 meliorem
1479 2314 1594 2347 fuerint
1620 2314 1688 2348 sine
1711 2314 1809 2348 dnbio

1058 2370 1171 2397 statum
1196 2362 1356 2409 perducta.
1394 2362 1531 2397 Proinde
1562 2363 1739 2408 postulante
1763 2371 1807 2403 te,

1059 2411 1171 2446 dilecte
1208 2411 1273 2455 fili,
1301 2419 1455 2457 qnatenus
1483 2412 1727 2455 monasterium,
1758 2414 1808 2447 cui

1059 2461 1125 2495 Deo
1147 2469 1275 2495 auctore
1299 2472 1431 2507 praeesse
1454 2460 1659 2506 dignosceris,
1684 2470 1808 2508 aposto-

1060 2511 1128 2545 licis
1151 2510 1322 2556 privilegiis
1345 2510 1555 2550 muniremus,
1591 2510 1632 2544 ob
1661 2523 1810 2545 reveren-

1096 2581 1134 2615 (l)
1152 2581 1189 2606 Ex
1206 2580 1345 2606 Tabulario
1357 2580 1507 2606 monasterii
1520 2580 1598 2607 huius
1613 2580 1695 2607 edidit
1710 2581 1808 2615 ughell.

1061 2621 1117 2647 ltal.
1137 2621 1194 2647 Sac.
1214 2624 1277 2647 tom.
1301 2628 1339 2651 ni,
1359 2620 1401 2647 ubi
1419 2619 1450 2647 (le
1466 2620 1581 2655 archiep.
1602 2620 1708 2648 Pisanis.

1843 263 1920 288 Aust,
1958 265 2022 291 1077

1867 1981 1933 2001 Exere
1939 1980 1987 2000 ium,
