2180 3205
36 272 85 300 An,
103 271 215 299 c.1t77

231 325 415 361 temeritatis
441 325 598 371 incursus,
625 332 678 360 aut
705 336 757 360 eas
778 336 794 359 a
818 326 979 371 proposito

232 382 371 418 revocet,
401 381 455 409 aut
485 374 596 419 robur,
623 374 707 420 quod
741 373 837 414 absit,
872 386 979 408 sacrae

50 424 220 477 ξῒζῐζῑὶἓζωέζῦ
233 423 393 468 religionis
420 422 580 469 infringat.
616 423 810 469 Eapropter,
846 422 978 457 dilectae

37 463 68 509 liis
85 462 264 514 donata-‚ein
287 472 424 507 Domino
446 471 539 512 filiae,
574 472 685 506 vestris
717 472 806 506 iustis
839 472 980 518 postula-

37 516 218 544 '⁰⁰⁵¹‘⁵¹¹'⁰¹¹‘⁵‘⁰¹·
233 521 371 556 tionibus
392 521 563 556 clementer
588 521 778 560 annuimus,
806 528 836 554 et
869 533 980 554 mona-

231 570 362 605 sterium
386 578 536 610 vestrum,
572 569 601 604 in
637 582 700 616 quo
731 569 837 603 divino
860 571 980 603 manci-

232 627 322 667 patae
348 619 422 653 estis
456 619 626 665 obsequio,
661 620 730 652 sul).
766 618 803 652 B.
838 618 922 652 Petri
950 625 980 652 et

233 675 337 703 nostra
360 668 553 714 protectione
584 667 790 713 suscipimus,
825 675 855 701 et
890 678 981 712 prae-

232 717 330 752 sentis
368 716 475 762 scripti
521 716 684 763 privilegio
721 716 979 750 communimus:

233 766 263 800 in
288 765 396 812 primis
423 765 577 812 siquidem
612 772 806 808 statuentes,
845 772 877 798 ut
903 764 981 798 ordo

232 814 438 855 monasticus,
465 814 517 860 qui
539 814 717 848 secuudum
743 813 858 856 Deum,
885 820 914 846 et
943 813 979 846 B.

232 863 395 898 Benedicti
422 863 560 909 regulam
585 862 614 896 in
643 863 752 897 eodeni
783 862 852 896 loco
875 862 982 895 nosci-

235 920 285 947 tur
317 912 488 951 institutus,
523 912 684 958 perpetuis
715 910 829 944 ibidem
859 918 982 956 tempo-

39 967 95 989 ssona
117 964 220 1001 omeissd
236 961 321 995 ribus
348 960 569 995 inviolabiliter
596 960 796 1000 observetur;
824 966 981 1005 praeterea

39 1000 450 1057 ,322l332‘2'I'2322-quascumque
494 1009 725 1055 possessiones7
764 1020 983 1054 quaecumque

39 1060 119 1084 ‘l‘m’lss
235 1058 316 1093 bona
338 1058 421 1093 idem
445 1058 669 1092 monasterium
691 1057 981 1103 impraesentiarum

235 1107 316 1142 iuste
337 1114 368 1142 et
400 1107 552 1142 canonice
580 1107 729 1151 possidet,
756 1114 808 1140 aut
836 1106 865 1139 in
899 1106 984 1139 futu-

234 1168 304 1191 rum
338 1156 544 1191 concessione
573 1155 784 1195 Pontificum,
819 1154 984 1199 largitione

234 1217 344 1250 regum
369 1205 415 1239 vel
433 1205 624 1251 principum,
648 1204 806 1239 oblatione
829 1203 983 1243 fidelium,

235 1265 291 1288 seu
318 1254 387 1288 aliis
414 1254 506 1288 iustis
543 1253 665 1294 modis,
702 1259 879 1299 praestante
916 1252 986 1286 Do-

235 1303 333 1344 mino,
356 1303 470 1349 poterit
487 1302 629 1349 adipisci,
653 1302 739 1336 firma
757 1301 856 1341 vobis,
878 1308 907 1334 et
924 1301 982 1345 his,

236 1363 316 1398 quae
351 1359 420 1397 post
448 1364 501 1386 vos
539 1351 772 1390 successerint,
804 1357 835 1384 et
867 1349 984 1384 illibata

54 1402 224 1455 ¹¹},‘¹'²³¹'⁸.¹⁸¹3{‘1¹.¹'
238 1407 461 1447 permaneaut3
504 1400 535 1433 in
573 1399 689 1446 quibus
728 1399 806 1432 baec
852 1398 985 1444 propriis

42 1440 386 1486 liln‘imfligaff‘duximus
423 1448 628 1495 exprimenda
663 1447 839 1482 vocabulis:
880 1448 984 1481 locum

238 1498 360 1544 ipsum,
396 1498 427 1532 in
458 1510 521 1544 quo
557 1497 728 1545 praelatum
757 1496 984 1530 monasterium

237 1547 332 1582 situm
354 1554 412 1587 est,
434 1558 504 1581 cum
528 1546 675 1581 omnibus
695 1545 891 1592 pertinentiis
909 1546 985 1584 suis,

237 1603 358 1631 curtem
385 1595 424 1630 de
451 1595 647 1641 Caurignaco
681 1607 753 1629 eum
789 1594 906 1640 capella
943 1594 985 1628 ibi

238 1645 366 1680 fundata
393 1651 423 1679 et
445 1656 516 1679 cum
532 1644 680 1679 omnibus
702 1643 740 1677 ad
762 1643 904 1678 eamdem
920 1654 988 1677 cur-

239 1702 301 1728 tem
336 1693 585 1740 pertinentibus,
615 1701 645 1727 et
677 1704 748 1726 cum
777 1700 879 1731 terra,
907 1704 987 1737 quae

239 1742 358 1778 dicitur
377 1741 565 1789 Aguguana‚
593 1741 743 1787 capellam
763 1740 869 1775 Sancti
890 1740 987 1780 Petri,

240 1803 321 1838 quae
341 1791 398 1826 sita
425 1799 474 1825 est
495 1791 526 1825 in
549 1798 654 1834 strata,
678 1790 708 1823 in
724 1790 793 1824 loco
819 1789 871 1835 qui
899 1789 989 1823 dice-

240 1840 333 1875 batur
353 1839 532 1885 Sarmacia,
566 1851 637 1873 cum
671 1846 735 1888 tota
769 1846 871 1882 terra,
908 1850 989 1884 quae

242 1889 316 1924 olim
342 1888 395 1923 bo.
424 1900 522 1923 mem.
550 1888 638 1922 Rozo
671 1887 854 1921 Tarvisinus
887 1898 989 1932 quon-

242 1938 313 1972 dam
353 1937 522 1984 episcopus
559 1936 649 1971 vobis
689 1936 718 1969 in
760 1936 988 1982 eleemosynam

243 1986 386 2028 contulit,
409 1986 529 2027 villam,
551 1997 630 2032 quae
653 1992 781 2019 vocatur
801 1984 989 2028 Camsagra,

243 2047 316 2070 cum
338 2035 486 2070 omnibus
512 2035 579 2069 suis
601 2033 811 2081 pertinentiis,
839 2032 989 2080 capellam

243 2084 351 2119 Sancti
372 2084 436 2118 Viti
458 2084 497 2118 de
514 2083 655 2118 Pezzano
678 2095 749 2117 cum
765 2082 912 2116 omnibus
926 2082 992 2115 suis

244 2133 460 2179 pertinentiis,
487 2132 638 2179 capellam
665 2131 771 2166 Sancti
794 2131 937 2164 Teunisti
960 2131 991 2164 in

244 2182 387 2223 Tarvisio
408 2194 480 2216 cum
502 2180 651 2216 omnibus
683 2180 880 2226 pertinentiis
906 2179 991 2220 suis,

246 2230 398 2277 capellam
435 2230 541 2264 Sancti
584 2230 696 2264 Donati
724 2228 763 2262 de
789 2228 992 2273 Gardignano

248 2291 321 2314 cum
348 2279 497 2314 omnibus
523 2278 588 2313 suis
612 2277 819 2325 pertinentiis,
841 2276 991 2323 capellam

247 2328 355 2363 Sancti
395 2327 536 2362 Teunisti
577 2326 617 2361 de
656 2326 884 2373 Campocrucis
922 2337 993 2360 cum

248 2376 396 2411 omnibus
409 2377 476 2411 suis
491 2375 698 2422 pertinentiis,
720 2375 871 2421 capellam
887 2373 994 2408 Sancti

248 2424 377 2471 Georgii
410 2425 449 2459 de
475 2425 622 2459 Marcone
648 2436 719 2458 cum
747 2423 896 2458 omnihus
928 2423 995 2457 suis

67 2483 237 2519 §annuitqetqr-
250 2474 457 2521 pertinentiis.
485 2473 569 2508 Sane
606 2472 763 2507 novalium
798 2480 995 2512 vestrorum,

54 2513 235 2541 ‘¹¹¹¹‘¹'‘¹'¹¹⁸⁸¹⁸'
250 2534 330 2569 quae
351 2522 486 2569 propriis
507 2521 652 2556 manibus
673 2529 725 2556 aut
746 2520 925 2567 sumptibus
941 2532 996 2554 co-

250 2571 324 2612 litis,
350 2571 416 2605 sive
442 2570 480 2605 de
503 2570 702 2604 nutrimentis
728 2578 903 2604 vestrorum
925 2568 996 2602 ani-

251 2620 402 2665 malium,
431 2618 536 2654 nullus
557 2631 574 2654 a
596 2619 683 2654 vobis
709 2618 846 2654 decimas
865 2629 996 2665 praesu-

858 272 960 295 ALFXA
967 272 1050 294 Nnssn
1069 272 1105 294 111
1129 272 1176 294 ΡΡ.

1649 258 1720 291 803

1021 334 1082 359 mat
1104 326 1239 371 exigere.
1263 325 1464 371 Sepulturam
1487 335 1614 371 quoquc
1636 323 1694 357 loci
1720 323 1769 369 ip-

1020 375 1085 408 sius
1112 375 1240 409 liberam
1269 386 1336 407 esse
1363 374 1576 415 decernimus,
1605 380 1637 406 ut
1659 384 1767 406 eorum

1021 423 1179 457 devotioni
1213 431 1243 457 ct
1269 430 1426 457 extremae
1454 422 1623 459 voluntati,
1659 421 1711 467 qui
1735 433 1768 455 sc

1022 472 1084 505 illic
1107 472 1229 517 sepeliri
1253 471 1504 511 deliberaverint,
1534 471 1590 504 nisi
1616 470 1693 504 l'orte
1715 482 1769 503 ex—

1021 521 1240 554 communicati
1281 521 1327 554 vel
1362 520 1516 554 interdicti
1552 520 1626 559 sint,
1662 519 1770 553 nullus

1021 569 1166 603 obsistat:
1194 570 1276 603 salva
1305 577 1406 603 tamen
1431 569 1547 603 iustitia
1570 568 1691 602 illarum
1709 567 1771 601 Ec-

1021 618 1199 658 clvsiumm,
1233 630 1249 652 a
1272 618 1390 663 quibus
1417 626 1611 652 mortuorum
1638 629 1770 663 corpora

1022 674 1235 701 assumuntur.
1265 667 1369 701 Liceat
1393 674 1549 712 practerea
1573 665 1673 709 vobis⁷
1697 678 1771 712 per-

1022 727 1115 749 sonas
1141 715 1253 749 liberas
1279 723 1309 748 et
1344 715 1502 749 absolutas
1529 727 1546 749 c
1572 715 1697 748 sacculo
1720 714 1772 748 fu-

1022 764 1142 809 gientes
1174 763 1211 798 ad
1246 765 1485 798 conversionem
1522 771 1653 797 vestram
1689 763 1771 797 reci-

1024 824 1108 858 pere,
1135 820 1165 846 et
1192 824 1244 846 eas
1266 812 1384 859 absque
1408 813 1501 846 ullius
1522 811 1771 846 contradictione

1025 862 1054 894 iu
1079 868 1181 895 vestro
1209 861 1341 906 collegio
1377 862 1520 895 retinere.
1556 860 1603 894 Ad
1628 860 1705 895 baec
1727 860 1770 894 li·-

1025 910 1159 944 bertates
1180 918 1209 944 et
1233 910 1458 950 immunitates,
1486 922 1500 943 a
1523 909 1677 944 Romanis
1705 910 1771 943 irn-

1025 959 1222 1004 peratoribus
1249 966 1278 992 et
1290 959 1462 993 'l'arvisinis
1484 958 1642 1005 episcopis
1661 970 1772 992 mona-

1024 1008 1117 1041 sterio
1159 1019 1260 1042 vestro
1295 1008 1517 1043 rationabiliter
1550 1007 1703 1045 indultas,
1743 1015 1773 1041 ct

1024 1057 1168 1102 antiquas
1210 1064 1239 1091 et
1278 1056 1478 1090 rationabiles
1526 1056 1773 1090 consuetudines

1025 1104 1166 1138 eiusdem
1197 1105 1376 1139 monasterii
1413 1106 1547 1150 integras
1576 1113 1606 1138 et
1639 1104 1774 1138 illibatas

1026 1155 1179 1199 praesenti
1210 1155 1335 1188 decreto
1369 1166 1495 1188 manere
1527 1153 1704 1193 sancimus;
1743 1161 1775 1187 et

1025 1214 1072 1242 ea,
1099 1215 1179 1249 quae
1199 1202 1325 1249 praefati
1351 1203 1556 1249 imperatores
1582 1209 1612 1236 et
1633 1202 1773 1249 episcopi

1027 1252 1220 1298 praescripto
1243 1252 1433 1285 monasterio
1450 1251 1478 1285 iu
1496 1259 1678 1297 perpetuam
1696 1251 1776 1285 elee-

1026 1312 1189 1347 mosynam
1213 1308 1460 1341 concesserunt,
1491 1300 1572 1334 sicut
1606 1300 1670 1346 ipsa
1694 1300 1774 1334 iuste

1027 1349 1206 1394 possidetis,
1242 1349 1344 1383 eidem
1372 1349 1562 1384 monasterio
1590 1349 1774 1383 auctoritate

1026 1398 1194 1443 apostolica
1214 1397 1362 1432 duximus
1381 1397 1604 1432 confirmanda.
1627 1397 1775 1431 Obeunte

1029 1458 1100 1481 vero
1135 1454 1182 1490 te,
1218 1459 1304 1481 nunc
1337 1446 1479 1481 eiusdem
1515 1447 1574 1481 loci
1609 1446 1774 1489 abbatissa,

1029 1495 1073 1529 vel
1102 1507 1210 1529 earum
1243 1495 1382 1542 qualibet
1416 1495 1630 1542 subreptionis
1663 1495 1776 1529 astutia

1027 1556 1083 1578 seu
1107 1545 1251 1578 violentia
1274 1551 1495 1591 praeponatur,
1524 1544 1582 1578 nisi
1610 1556 1704 1591 quam
1724 1555 1777 1578 so-

1029 1605 1115 1628 rores
1145 1594 1306 1627 communi
1342 1605 1521 1634 consensu,
1552 1593 1598 1627 vel
1632 1605 1777 1627 sororum

1029 1654 1100 1688 pars
1121 1643 1244 1676 consilii
1279 1642 1424 1686 sanioris,
1451 1641 1625 1677 secundum
1653 1641 1709 1676 Dei
1731 1642 1778 1675 ti—

1028 1703 1147 1724 morem
1181 1698 1211 1725 et
1247 1691 1283 1725 Β.
1310 1691 1476 1730 Benedicti
1511 1691 1650 1736 regulam
1685 1702 1778 1737 prae—

1029 1739 1163 1774 viderint
1183 1739 1371 1786 eligendam.
1398 1740 1604 1775 Decernimus
1631 1751 1717 1785 ergo,
1746 1746 1778 1774 ut

1031 1788 1106 1822 nulli
1129 1789 1259 1823 omnino
1286 1789 1450 1823 hominum
1481 1789 1571 1822 liceat
1607 1788 1777 1834 praefatum

1030 1838 1254 1871 monasterium
1279 1845 1395 1872 temere
1422 1837 1617 1884 perturbare,
1639 1844 1693 1871 aut
1711 1837 1780 1871 eius

1031 1886 1246 1932 possessiones
1260 1886 1394 1929 auferre,
1420 1885 1468 1920 vel
1489 1886 1608 1920 ablatas
1634 1886 1780 1929 retinere,

1031 1935 1193 1976 minuere,
1234 1947 1288 1969 seu
1331 1934 1524 1981 quibuslibet
1564 1935 1781 1969 vexationibus

1032 1983 1178 2029 fatigare3
1200 1984 1255 2018 sed
1270 1983 1384 2018 illibata
1405 1984 1509 2018 onmia
1527 1991 1557 2017 et
1572 1984 1690 2029 integra
1708 1995 1782 2018 cou-

1032 2040 1210 2073 serveutur,
1238 2045 1344 2067 earum
1379 2045 1436 2079 pro
1458 2045 1590 2079 quarum
1617 2032 1782 2078 guberna-

1033 2081 1117 2115 tione
1159 2089 1189 2116 et
1223 2081 1470 2116 substentatione
1503 2093 1652 2116 concessa
1690 2088 1782 2126 sunt,

1033 2134 1144 2168 usibus
1170 2135 1363 2169 omnimodis
1384 2135 1557 2182 profutura.
1586 2134 1620 2169 Si
1643 2147 1705 2182 qua
1722 2135 1784 2180 igi-

1034 2195 1084 2221 tur
1105 2196 1156 2221 etc.

1082 2241 1151 2275 Eeo
1177 2240 1383 2276 ALEXANDER
1417 2240 1588 2276 catholicae
1625 2241 1783 2277 Ecclesiae

1034 2294 1203 2340 episcopus
1225 2306 1267 2328 ss.
1636 2329 1639 2331 ,

1083 2347 1151 2392 Ego
1173 2347 1307 2382 loannes
1329 2347 1492 2394 presbyter
1513 2346 1679 2382 cardinalis
1701 2347 1784 2383 tituli

1035 2400 1168 2435 Sanctae
1195 2401 1378 2435 Anastasiae
1399 2412 1441 2434 ss.

1083 2453 1151 2499 Ego
1172 2454 1256 2488 Boso
1278 2453 1382 2500 presb.
1405 2453 1489 2488 card.
1517 2453 1550 2488 S.
1567 2453 1786 2489 Pudentianae

1036 2507 1082 2541 tit.
1110 2507 1248 2542 Pastoris
1274 2520 1316 2542 ss.

1084 2560 1152 2605 Ego
1173 2561 1359 2596 Theodinus
1380 2560 1483 2608 presb.
1507 2560 1592 2596 card.
1619 2560 1654 2596 S.
1676 2560 1787 2596 Vitalis

1013 2656 1020 2663 Ι
1038 2615 1083 2649 tit.
1108 2614 1254 2650 vestinae
1276 2627 1318 2649 ss.

1783 267 1832 294 An.
1851 266 1878 293 C.
1900 267 1965 294 1177

1804 871 1950 892 immunitates

1786 908 1867 926 omnes,
1883 908 1907 922 ac

1786 933 1885 960 scnp:=les
1907 933 1971 958 impe-

1786 965 1892 991 rialesque
1918 969 1971 983 cou-

1788 996 1899 1015 cessiones
1915 996 1971 1014 ratus

1788 1026 1859 1046 habet.

1803 1408 1935 1429 Abbatissam
1963 1414 1974 1428 a

1790 1439 1917 1459 monialibus
1926 1441 1974 1458 tan-

1790 1470 1896 1490 tummodo
1925 1469 1973 1495 eligi

1791 1501 1872 1521 statuit.

1806 1749 1918 1770 Decretum
1939 1755 1977 1770 ro·

1793 1780 1910 1800 boi-ationis
1937 1780 1977 1800 hu-

1794 1811 1852 1830 iusce
1863 1809 1969 1837 privilegii

1811 2250 1926 2271 Alexandri
1941 2249 1979 2270 PP.

1800 2356 1822 2374 et
1837 2353 1858 2374 S.
1879 2353 1902 2374 R.
1924 2354 1977 2375 Ecct.

1821 2381 1958 2401 cardinalium

1799 2411 1969 2438 subscriptiones
