2180 3205
14 277 63 304 Au.
86 277 116 304 C.
131 277 197 304 1077

27 562 53 583 Ut
61 561 198 583 Cameracen-

14 595 55 613 εει,
65 595 81 609 st
95 589 199 611 honunem

15 616 63 636 ideo
80 615 199 636 conibusse-

15 642 63 665 rint.
74 642 123 668 quia
137 642 199 662 simn-

14 669 88 690 nisu-os
103 671 123 689 at
139 668 190 689 (ozni

22 696 92 716 cari-:s
115 701 189 716 itt-ssa>

24 722 132 742 celebraris
151 728 193 742 non

16 748 94 768 debere
117 754 200 769 assem-

15 779 61 797 ret.
81 780 200 795 excommu-

24 801 94 823 nicet.
122 801 191 821 eidem

17 827 74 848 iubet
93 828 200 854 e1iisr=1p‹;

64 1258 92 1279 sse
107 1257 203 1278 omnibus

20 1290 70 1305 vero
97 1285 124 1305 ad
151 1287 203 1310 Apo-

19 1312 116 1332 ntolicam
126 1311 203 1332 Seduni

19 1337 106 1358 scribat.

60 1454 189 1475 Sacerdotes

25 1481 150 1502 fornicarios
165 1480 192 1501 ab

23 1508 126 1528 altaribus
151 1513 194 1529 onr-

16 1534 65 1555 nino
94 1539 202 1555 rameren-

15 1561 55 1581 dos
71 1567 123 1581 ιτς.-4

41 2379 164 2400 automno
177 2380 204 2401 ad

21 2406 53 2428 loz
56 2406 143 2430 fredum.
154 2408 192 2427 ut
183 2413 205 2427 c

21 2431 102 2453 nectet
86 2439 130 2454 siae
156 2433 181 2453 tid
177 2439 205 2453 .-c

21 2459 62 2480 leru
89 2460 205 2480 ministrum

22 2485 127 2507 exhibeat.

815 269 840 292 S.
863 269 1049 292 GttssGontth
1078 270 1124 293 VH
1154 271 1202 293 t‘t‘.

225 322 297 358 dem
331 323 527 365 monasterii,
562 323 613 370 qui
650 323 800 358 adversus
834 335 906 358 eum
942 323 980 358 de

225 384 319 407 causa
350 373 476 408 illicitae
503 373 713 419 subreptionis
740 385 814 407 suae
837 373 866 406 in
889 372 982 407 abba-

227 421 300 456 tiam
323 430 582 468 conqueruntur,
618 430 648 456 ut
671 430 701 456 et
724 422 780 469 ipsi
805 422 979 456 secundum

226 471 452 518 praescriptam
477 471 730 506 terminationem
746 471 782 505 ad
806 471 980 505 discutien—

225 520 300 554 dum
316 520 546 567 bocnegotium
561 533 593 555 se
610 527 790 567 praesentes
801 520 978 554 exbibeant.

225 568 302 604 ltcm
327 569 460 604 relatum
479 570 569 604 nobis
584 578 643 613 est,
658 568 905 603 Cameracenses
921 570 981 603 bo-

224 619 327 653 mines
360 619 529 666 quenulam
565 619 702 652 flammis
735 618 918 657 tradidisse,
942 630 980 652 eo

224 667 309 714 quod
339 669 528 703 simoniacos
556 676 585 702 et
616 668 815 715 presbyteros
843 666 980 701 fornica-

224 724 308 751 tores
344 718 456 752 missas
492 730 552 751 nou
590 716 706 751 debere
733 716 914 756 celebrare,
950 725 979 751 ct

223 766 307 812 quod
332 766 456 801 illorum
481 766 620 801 osticium
646 765 776 799 minime
802 765 980 812 suscipien-

223 816 297 848 dum
322 815 411 853 foret,
434 815 539 849 dicere
554 827 652 849 ausus
675 814 777 848 l'uerit.
796 814 888 856 Quod
905 815 978 861 quia

223 864 316 898 nobis
344 864 432 898 valde
461 864 611 906 terribile,
648 872 677 898 ct
711 864 735 898 si
772 876 878 897 verum
915 871 979 907 cst,

223 913 308 947 omni
332 925 447 959 genere
476 914 649 947 canonicae
676 913 849 946 severitatis
872 912 981 946 viudi-

223 962 358 996 caudum
383 975 453 997 esse
487 962 621 1002 videtur,
646 962 869 996 fraternitatem
894 970 977 996 tuam

223 1011 346 1046 solicite
390 1012 486 1046 buius
527 1013 569 1045 rei
617 1011 778 1045 veritatem
820 1012 979 1057 inquirere

225 1060 453 1100 admonemus,
480 1069 509 1095 et
538 1061 563 1094 si
586 1073 640 1095 eos
662 1060 697 1094 ad
723 1068 837 1093 tantam
866 1060 980 1094 crude-

224 1108 341 1144 litatem
372 1110 484 1156 impias
499 1122 609 1143 manus
631 1121 703 1143 suas
725 1108 903 1143 extendisse
926 1121 980 1143 co-

224 1159 380 1203 gnoveris,
395 1160 433 1193 ab
449 1159 592 1198 introitu,
609 1166 638 1192 et
652 1158 738 1192 omni
755 1158 979 1192 communione

226 1206 389 1242 Ecclesiae
424 1215 568 1242 auctores
605 1207 720 1253 pariter
746 1215 775 1240 et
809 1206 981 1252 complices

227 1255 321 1290 liuius
355 1257 482 1291 sceleris
517 1268 662 1303 separare
689 1268 751 1289 non
780 1255 923 1294 dill'eras;
951 1263 981 1289 et

227 1304 318 1339 nobis
358 1305 452 1339 buius
486 1305 528 1339 rei
571 1304 792 1339 certitudinem
810 1331 818 1342 ,
857 1316 978 1338 necnon

226 1353 380 1400 quidquid
406 1354 445 1388 de
469 1354 687 1400 superioribus
708 1353 812 1387 causis
834 1353 978 1387 effectum

227 1401 334 1446 suerit,
357 1414 412 1449 per
427 1403 532 1436 literas
551 1412 631 1443 tuas,
650 1402 896 1448 quamcitissime
912 1414 981 1448 pos-

225 1450 269 1484 sis
296 1450 435 1485 indieare
462 1451 566 1485 stude.
597 1451 644 1485 De
677 1459 802 1485 caetero
830 1462 980 1496 rogamus

227 1506 257 1533 te
289 1507 320 1534 et
351 1500 486 1534 multum
520 1500 738 1538 admonemus
767 1507 799 1533 ut
830 1499 980 1533 omnibus

225 1548 436 1583 confratribus
459 1557 489 1584 et
512 1548 711 1596 coepiscopis
730 1548 791 1582 tuis
809 1560 862 1594 per
882 1556 977 1582 totam

226 1595 392 1632 Franciam
414 1610 450 1632 ex
466 1598 636 1645 apostolica
656 1598 839 1632 auctoritate
858 1597 980 1643 siguifi-

225 1657 291 1687 ceS,
327 1655 483 1693 quatenus
510 1655 540 1681 et
566 1647 629 1682 illis
661 1646 898 1687 sacerdotibuS,
925 1646 978 1693 qui

223 1706 240 1729 a
259 1696 451 1743 turpitudine
477 1695 694 1731 fornicationis
715 1707 838 1730 cessare
866 1695 980 1729 noluc-

224 1744 300 1785 rint,
327 1757 422 1780 omne
449 1745 586 1780 officium
622 1745 719 1779 sacris
751 1744 901 1779 altaribus
923 1746 981 1778 mi-

224 1793 379 1828 nistrandi
415 1794 542 1841 penitus
568 1794 770 1834 interdicant,
803 1801 832 1827 et
856 1802 887 1827 tu
912 1794 979 1840 ipsc

223 1842 254 1876 in
277 1843 363 1877 omni
398 1843 468 1878 loco
496 1852 527 1878 et
557 1851 714 1878 conventu
745 1843 772 1876 id
798 1844 979 1889 praedicare

223 1903 287 1926 non
310 1904 427 1927 cesses.
446 1893 486 1927 Et
501 1893 525 1927 si
549 1893 578 1926 in
600 1893 657 1927 bac
682 1904 713 1926 re
735 1900 788 1926 aut
810 1892 979 1938 episcopos

222 1940 358 1988 tepidos,
380 1949 434 1976 aut
460 1941 542 1982 illos,
570 1942 623 1988 qui
650 1953 810 1975 sacrorum
830 1940 976 1975 ordinum

228 2002 346 2025 nomen
373 1998 405 2025 et
431 1989 568 2025 osticium
604 1990 734 2036 indigne
757 2002 811 2037 pro
833 1989 980 2036 supradi-

225 2040 285 2074 ctis
312 2039 497 2074 criminibus
520 2051 672 2094 usurpare
695 2046 911 2083 praesumunt,
931 2051 980 2073 re-

221 2087 322 2123 belles
348 2100 416 2123 esse
441 2089 647 2134 cognoveris,
670 2088 755 2122 omni
785 2087 916 2135 populo,
940 2099 979 2122 ue

222 2149 332 2172 eorum
357 2137 489 2172 ulterius
503 2137 643 2172 osticium
663 2137 826 2183 suscipiat,
841 2149 878 2171 ex
894 2145 980 2183 parte

221 2185 304 2220 beati
328 2186 426 2230 Petri,
449 2195 479 2221 et
506 2195 613 2220 nostra
639 2185 812 2233 apostoliea
841 2185 981 2219 auctori-

224 2242 298 2275 tate,
322 2235 439 2281 ubique
464 2235 645 2274 interdicas,
674 2242 707 2268 ut
734 2234 779 2268 vel
803 2234 862 2268 boc
885 2233 979 2268 modo

223 2283 346 2318 confusi
394 2284 431 2318 ad
479 2283 733 2318 emendationem
783 2283 862 2317 vitae
906 2295 981 2317 suae

223 2339 256 2367 et
288 2333 326 2367 ad
360 2333 534 2367 castitatem
569 2332 735 2378 religiosae
769 2332 980 2366 continentiae

223 2381 327 2417 redire
339 2389 504 2428 cogantur.
517 2381 584 2427 Age
596 2393 682 2427 ergo,
698 2388 732 2414 ut
747 2389 853 2415 sancta
870 2381 982 2414 etuni-

223 2430 353 2465 versatis
378 2430 477 2465 tt·tate1
498 2430 642 2465 Ecclesia
671 2437 699 2464 te
723 2429 848 2464 fidelem
880 2430 981 2463 mini—

227 2487 339 2523 strum,
365 2488 396 2514 et
419 2486 656 2526 cooperatorem
680 2486 816 2517 uostiffae
836 2491 898 2513 imo
909 2491 983 2525 apo

226 2528 357 2564 stolicae
373 2556 382 2570 ,
418 2528 630 2563 solicitudinis
646 2556 654 2569 ,
689 2528 756 2562 Deo
791 2527 958 2562 adiuvante
974 2555 981 2568 ,

227 2585 417 2623 cognoseat3
439 2585 470 2612 et
497 2577 600 2621 nobis,
628 2577 712 2624 quod
742 2576 830 2611 valde
855 2576 983 2611 deside-

229 2638 348 2668 ramus,
371 2626 411 2661 de
430 2626 574 2661 libertate
595 2634 625 2661 et
646 2626 749 2661 fructu
771 2626 815 2660 tui
843 2625 984 2660 sacerdo·

349 2682 423 2714 Ball.
443 2683 521 2713 Rom.
549 2683 604 2713 Vol.
624 2683 660 2712 II.
704 2695 719 2698 -
824 2682 859 2712 12

1023 324 1091 359 talis
1132 326 1225 360 oflicii
1268 325 1305 360 ad
1350 338 1496 372 praeseus
1538 326 1696 372 gaudtre,
1741 336 1771 362 ct

1023 373 1226 419 ἰιιηιο5ιιι·ιιιη
1255 388 1310 422 per
1339 375 1585 410 misericordiam
1610 375 1665 410 Dei
1694 389 1772 411 eon-

1023 422 1155 457 lidtntcr
1190 437 1314 470 sperate
1355 437 1446 471 posse
1485 426 1656 472 proveniat.
1694 425 1771 460 Data

1022 471 1197 506 Bibianello
1244 485 1302 508 viti
1339 473 1486 509 kalendas
1526 475 1643 521 aprilis,
1687 475 1772 509 indi-

1021 522 1126 556 ctione
1150 534 1204 556 xv.

1076 579 1134 609 Dat.
1158 579 1205 608 die
1223 579 1261 609 025
1282 580 1377 608 martii
1400 588 1475 609 anno
1495 580 1608 611 Domini
1637 582 1719 619 1077,

1269 619 1372 658 pontis.
1393 629 1469 649 anno
1489 628 1526 649 tv.

1322 687 1461 695 ——-—-

1322 740 1471 775 xxxttt.

1022 817 1200 850 Commissio
1225 818 1332 850 Dsensi
1347 818 1501 862 episcopo,
1530 824 1561 851 ιιι
1583 826 1770 862 couyreyata

1068 868 1184 909 synodo
1202 868 1410 910 episc-oportent
1429 867 1589 905 Franet'de,
1605 879 1698 900 causa
1714 868 1769 901 Cet-

1069 917 1247 949 meracense's
1280 916 1365 948 electi
1391 916 1592 953 ‹list-utimar,
1627 918 1682 960 qai
1701 923 1770 960 post

1069 966 1119 998 sui
1151 966 1318 1009 qui'timwn
1356 966 1527 998 electionem
1560 966 1773 999 investituram

1069 1016 1108 1047 ab
1125 1015 1258 1047 Ilenrt'ro
1282 1026 1350 1058 reqe
1368 1026 1423 1058 per
1436 1015 1590 1048 inscitiam
1604 1022 1771 1059 acceperat.

1073 1064 1202 1108 Insuper
1236 1071 1430 1108 praeceptum
1471 1064 1508 1096 de
1538 1064 1772 1108 promulyantlo

1069 1114 1185 1145 decreto
1208 1120 1238 1145 ιιι
1264 1113 1461 1146 investiturae
1482 1124 1501 1146 α
1528 1114 1615 1147 laicis
1637 1125 1697 1146 non
1719 1125 1773 1147 ac-

1070 1163 1224 1206 cipiantur
1246 1162 1302 1204 (l).

1290 1225 1506 1256 sUttttARtmt

1022 1286 1168 1316 Gerartlus
1191 1285 1414 1315 Cameracensis
1434 1286 1546 1316 electus
1568 1286 1774 1317 investituram

1061 1327 1095 1356 ab
1116 1326 1240 1355 ilenrico
1259 1335 1326 1363 re‘re
1345 1330 1499 1364 acceperat
1517 1327 1656 1363 ignorans
1673 1335 1774 1364 regem

1060 1366 1355 1401 excommunicatum,
1373 1370 1400 1394 et
1423 1365 1592 1395 huiusmodi
1612 1366 1772 1395 investitu-

1060 1415 1121 1434 ram
1139 1415 1153 1434 a
1179 1404 1318 1434 Pontifice
1342 1389 1531 1443 prohibitam
1554 1422 1593 1426 —
1614 1404 1775 1449 Episcopa-

1061 1449 1131 1480 tum,
1154 1453 1335 1483 causamque
1359 1453 1387 1472 m
1408 1444 1545 1473 manibus
1562 1444 1615 1473 Pr.
1634 1445 1773 1482 resignat.

1059 1501 1098 1505 —
1120 1468 1189 1513 liius
1212 1489 1308 1514 tamen
1332 1493 1402 1512 crsiu
1407 1493 1420 1512 a
1453 1484 1563 1522 smodo
1586 1485 1774 1514 discutienda

1060 1524 1229 1553 remittitur.
1247 1540 1287 1545 —
1305 1523 1343 1552 Dc
1362 1524 1566 1561 congreganda
1590 1524 1718 1562 εμιοάος
1734 1541 1775 1546 -

1059 1563 1212 1602 Requisito
1237 1567 1331 1592 tamen
1356 1563 1438 1600 prius
1461 1563 1539 1600 regis
1558 1572 1717 1592 consensu.
1733 1580 1774 1586 -—

1059 1602 1090 1631 lu
1110 1603 1220 1632 sxnotlo
1238 1603 1429 1632 examinanda
1450 1603 1531 1641 prius
1552 1602 1773 1632 Cameracensis

1060 1642 1143 1671 electi
1167 1652 1254 1671 causi
1276 1642 1440 1671 mandatur.
1457 1658 1496 1663 —
1517 1642 1549 1671 Et
1567 1643 1591 1671 si
1611 1642 1687 1671 dicta
1707 1651 1772 1682 pro-

1059 1681 1146 1711 betur
1178 1682 1340 1719 ig·noiatio;
1363 1682 1467 1711 electio
1494 1682 1714 1711 confirmanda:
1735 1698 1776 1705 —

1059 1720 1098 1750 De
1120 1722 1213 1751 sacris
1233 1721 1373 1751 altaribus
1389 1722 1482 1759 pretio
1500 1731 1557 1750 nou
1577 1722 1772 1760 accipiendis.

1058 1778 1099 1782 —
1127 1761 1259 1790 Aliarum
1288 1770 1405 1799 quoque
1436 1761 1636 1790 Ecclesiarum
1665 1771 1774 1791 causae

1060 1801 1163 1830 eadem
1193 1801 1222 1830 in
1251 1800 1361 1839 synodo
1380 1801 1574 1837 definiendae,
1597 1805 1626 1830 et
1650 1800 1772 1830 Clunia-

1059 1841 1158 1869 censis
1186 1840 1278 1869 abbas
1311 1840 1346 1869 ad
1376 1841 1510 1870 eamdem
1539 1840 1688 1870 vocandus
1723 1849 1774 1879 pro

1060 1880 1186 1909 finienda
1210 1880 1400 1909 Alvernensis
1429 1879 1577 1909 Ecclesiae
1607 1889 1708 1909 causa.
1734 1896 1774 1902 —-

1059 1919 1210 1948 Postremo
1227 1919 1473 1958 promulgandum
1494 1919 1644 1948 decretum
1662 1920 1697 1949 de
1716 1929 1774 1948 non

1061 1959 1242 1998 accipiendis
1258 1959 1441 1988 investituris
1465 1968 1479 1988 a
1499 1959 1595 1988 laicis.

1020 2026 1164 2061 Gregorius
1183 2025 1324 2061 episeopus
1344 2032 1438 2054 servus
1458 2032 1597 2054 servorum
1615 2025 1671 2058 Dei.
1691 2032 1769 2054 vena-

1065 2070 1146 2098 rabili
1164 2069 1250 2098 fratri
1273 2070 1375 2105 nugoni
1392 2070 1515 2106 episcopo
1533 2069 1623 2098 Diensi
1654 2070 1771 2098 salutem

1065 2116 1093 2143 et
1112 2115 1290 2150 apostolicam
1313 2114 1534 2143 benedictionem.

1070 2176 1230 2211 Gerardus
1252 2176 1492 2211 Cameracensis
1513 2177 1632 2211 electus
1653 2176 1692 2211 ad
1712 2188 1771 2211 nos

1023 2227 1169 2269 veniens,
1197 2225 1330 2272 qualiter
1360 2226 1390 2259 in
1418 2225 1527 2260 eadem
1550 2225 1771 2260 Cameracensi

1022 2274 1165 2308 Ecclesia
1199 2274 1238 2308 ad
1267 2274 1370 2309 locum
1402 2274 1565 2320 regiminis
1594 2274 1772 2320 assignatus

1022 2323 1077 2366 sit,
1106 2331 1249 2370 prompta
1282 2323 1373 2357 nobis
1407 2324 1606 2357 consessione
1636 2302 1773 2357 moauil'e-

1023 2373 1124 2413 statu,
1147 2384 1209 2406 non
1233 2372 1394 2418 denegans
1417 2380 1486 2418 post
1512 2372 1622 2406 saetam
1646 2372 1719 2406 cleri
1742 2381 1772 2407 et

1025 2421 1131 2468 populi
1159 2421 1345 2456 electionem
1373 2421 1491 2455 donum
1513 2421 1713 2468 episcopatus
1734 2421 1773 2456 al)

1023 2470 1160 2505 Hem-ico
1201 2483 1273 2516 rege
1313 2471 1501 2516 suscepisse.
1548 2469 1772 2505 Defensionem

1023 2528 1126 2554 autem
1151 2531 1345 2566 proponens,
1368 2527 1398 2553 et
1420 2519 1553 2553 multum
1582 2519 1672 2553 nobis
1693 2519 1772 2554 olse-

1024 2580 1110 2609 rens,
1151 2581 1184 2603 se
1212 2580 1315 2615 neque
1355 2567 1518 2603 decretum
1554 2575 1697 2603 nostrum
1732 2569 1771 2604 de

1059 2643 1098 2678 (l)
1117 2643 1154 2669 Ex
1175 2642 1283 2669 Archiv.
1301 2642 1384 2669 Vatic.

1790 270 1839 296 An.
1860 269 1888 296 C.
1906 269 1972 297 1077

1827 2195 1931 2216 Gerardus
1946 2195 1985 2216 Ca·

1807 2223 1936 2242 meracensis
1957 2228 1977 2242 e·

1800 2250 1866 2268 lectus
1877 2249 1986 2268 investitu-

1800 2281 1843 2295 ram
1858 2275 1884 2294 ab
1893 2275 1984 2295 Henrico

1800 2307 1848 2326 rege
1864 2304 1985 2327 acceperat,

1800 2328 1900 2353 ignorans
1915 2333 1985 2353 regem

1809 2360 1974 2374 excommnnica-

1804 2383 1853 2404 tum,
1873 2382 1894 2401 et
1914 2380 1986 2401 buitu-

1800 2407 1855 2427 rnodt
1879 2407 1987 2427 investitu-

1801 2440 1844 2454 ram
1860 2439 1872 2453 a
1883 2433 1986 2453 Pontific-

1800 2466 1838 2486 ιιι-ο
1853 2460 1948 2480 bibitam.
