2180 3205
143 227 192 255 An.
209 226 238 254 C.
260 226 328 254 1125

172 728 197 748 t-:t
217 727 273 753 quod
288 727 331 756 opi-

146 760 211 779 acopo
226 754 283 774 nulla
300 759 331 773 iu-

146 781 242 801 risdieno
257 781 283 799 sit
298 785 331 799 su-

146 813 184 837 per
200 807 274 827 iisdem
294 806 331 826 bo-

177 1340 258 1360 Sotitae
279 1339 337 1360 clau-

151 1368 216 1386 sulae.

187 2164 272 2185 Honori}
303 2163 343 2184 PF.

158 2200 292 2225 subscriptio.

402 200 472 235 5⁹0

351 273 524 302 serventur.
556 262 766 298 Decernimns
793 272 879 306 ergo,
903 266 936 294 ut
957 258 1098 306 quandiu

353 316 384 350 in
412 314 580 350 canonicae
603 311 787 358 disciplinae
809 309 1006 344 observantia
1029 320 1099 355 per-

350 363 541 401 manseritis,
569 361 649 396 nulli
666 361 797 395 omniuo
818 358 985 394 hominum
1008 358 1100 392 liceat

351 413 494 449 eamdem
527 410 702 445 Ecclesiam
741 417 858 444 temere
898 407 1099 455 perturbare,

351 471 403 497 aut
430 462 497 496 eius
519 459 736 508 possessiones
757 457 891 497 auferre,
913 457 960 491 vel
982 456 1100 492 ablatas

354 511 504 551 retinere,
532 510 695 552 minuere,
734 508 780 542 vel
809 506 982 542 temerariis
1005 518 1100 540 vexa-

353 560 489 595 tionibus
512 559 656 605 fatigare3
679 557 733 592 sed
748 557 853 592 omnia
875 562 1101 591 conserventur

351 622 473 649 eorum,
503 621 558 655 pro
580 619 714 655 quorum
737 605 987 642 substentatione
1000 612 1030 639 et
1048 617 1101 650 gu-

352 659 534 694 bernatione
562 669 710 692 concessa
745 664 836 700 sunt,
863 654 973 690 usibus
995 653 1102 689 omni—

355 707 457 743 modis
484 707 658 755 prol'utura.
682 705 906 740 lutei-dicimus
933 704 1039 746 etiam,
1070 710 1101 737 ut

353 770 410 793 nec
423 757 585 804 episcopo,
608 767 664 790 nec
679 755 772 790 alicui
797 765 949 802 personae
971 751 1101 787 facultas

353 808 405 845 sit,
429 805 665 841 communitatis
684 813 801 839 vestrae
820 803 900 838 bona
916 803 945 837 iri
960 801 1103 849 proprios

355 869 431 891 usus
453 856 630 895 deflectere,
665 854 731 888 sive
759 853 789 887 in
818 852 1006 887 beneficium
1034 850 1103 885 aliis

354 906 440 945 dare,
463 904 511 940 vel
534 904 637 938 modis
663 903 734 937 aliis
761 902 799 936 ad
836 900 1013 948 praebenda
1041 899 1103 934 sra-

356 964 450 995 trum,
474 954 519 989 vel
542 952 704 988 communi
731 951 862 986 utilitate
885 951 1039 989 alienare;
1062 949 1105 984 lo-

355 1005 494 1040 cationes
512 1015 600 1047 vero,
619 1001 884 1036 commutationes
905 999 953 1033 vel
983 998 1105 1033 investi-

354 1054 457 1088 tiones
483 1051 684 1099 praediorum
707 1049 867 1085 communi
889 1048 1019 1083 fratrum
1033 1059 1106 1082 con-

357 1103 426 1138 silio
466 1108 711 1149 pertractentur3
750 1111 806 1134 nec
836 1097 1020 1132 huiusmodi
1056 1097 1105 1131 ius

357 1152 396 1187 ab
417 1151 578 1198 episcopo,
602 1149 648 1184 vel
668 1148 811 1196 personis
836 1146 1040 1194 quibuslibet,
1062 1146 1107 1180 in-

359 1201 504 1238 vadatur:
527 1200 610 1235 salva
632 1206 737 1233 tamen
764 1197 912 1232 canonica
934 1196 1107 1231 catholico-

358 1263 426 1286 rum
455 1250 678 1297 episcoporum
706 1248 897 1294 Bergomen.
924 1245 1105 1280 reverentia.

361 1300 393 1335 Si
429 1312 490 1347 qua
526 1299 621 1346 igitur
655 1298 686 1332 in
721 1297 861 1332 futurum
896 1294 1106 1330 ecclesiastica

362 1348 573 1385 saecularisve
600 1358 744 1395 persona,
770 1345 865 1380 huius
887 1352 1009 1379 nostrae
1031 1356 1108 1378 con-

364 1398 551 1433 firmationis
577 1397 721 1444 paginam
749 1396 870 1435 sciens,
905 1401 1012 1429 contra
1039 1405 1106 1428 eam

358 1457 477 1483 temere
498 1447 605 1482 venire
621 1445 803 1480 tentaverit:
820 1443 960 1479 secundo
980 1443 1108 1477 tertiove

359 1496 563 1540 commonita,
591 1495 616 1530 si
639 1507 703 1529 non
731 1493 942 1529 satisfactione
970 1503 1107 1539 congrua

358 1545 593 1586 emendaverit,
634 1544 797 1591 potestatis
832 1542 1027 1588 honorisque
1061 1541 1107 1575 sui

358 1595 511 1642 dignitate
545 1601 659 1638 careat,
687 1604 835 1639 reamque
862 1603 896 1626 se
931 1591 1037 1625 divino
1060 1590 1109 1624 iu-

359 1645 442 1680 dicio
459 1644 594 1679 existere
613 1643 652 1678 de
680 1649 854 1689 perpetrata
874 1640 1036 1687 iniquitate
1055 1651 1109 1674 co-

359 1701 508 1741 gnoscat,
541 1701 570 1727 et
604 1704 620 1726 a
655 1691 866 1726 sacratissimo
900 1689 1041 1736 Corpore
1074 1701 1110 1723 ac

360 1743 522 1789 Sanguine
564 1741 625 1776 Dei
662 1750 692 1776 et
728 1740 855 1775 Domini
896 1739 992 1773 nostri
1039 1738 1110 1773 lesu

360 1792 477 1828 Christi
505 1790 727 1838 Redemptoris
749 1789 849 1824 aliena
871 1788 936 1831 fiat,
957 1795 1050 1835 atque
1079 1788 1109 1821 in

360 1850 502 1877 extremo
524 1840 668 1875 examine
697 1839 856 1873 districtae
889 1837 998 1872 ultioni
1026 1837 1110 1871 sul)—

361 1892 472 1926 iaceat.
500 1888 750 1924 observantibus
771 1888 936 1922 autem‘sit
961 1898 1019 1933 pax
1046 1886 1111 1920 Do-

363 1941 439 1975 mini
462 1939 561 1974 nostri
581 1938 649 1972 lesn
677 1937 810 1981 Christi,
838 1937 992 1983 quatinus·
1008 1943 1037 1970 et
1059 1935 1111 1969 hic

364 1990 499 2024 fructum
543 1987 643 2022 bonae
681 1986 814 2022 actionis
853 1985 1047 2032 percipiant,
1083 1992 1113 2018 et

363 2039 447 2087 apud
469 2037 648 2073 districtum
665 2036 803 2070 ludicem
821 2035 957 2082 praemia
969 2043 1112 2068 aeternae

364 2089 448 2136 pacis
470 2087 643 2122 inveniant.
671 2085 786 2124 Amen,
808 2096 914 2127 amen,
941 2095 1042 2118 amen.

412 2137 484 2172 Euo
510 2136 682 2170 Hoxomns
701 2134 873 2170 catholicae
901 2132 1021 2167 Eccles.
1045 2131 1114 2179 epi-

365 2199 481 2232 scopus
503 2184 689 2232 subscripsi.

414 2236 530 2271 Datum
550 2233 702 2272 >Laterani
727 2244 782 2278 per
809 2243 936 2265 manum
957 2230 1114 2278 Aymerici

368 2293 494 2320 sanctae
517 2284 679 2330 Romanae
709 2281 871 2316 Ecclesiae
896 2280 1018 2314 diaconi
1047 2291 1116 2314 car-

368 2335 482 2369 dinalis
509 2341 538 2368 et
560 2332 753 2374 cancellarii,
775 2343 799 2364 11
830 2329 891 2364 kal.
914 2329 1031 2369 martii,
1067 2329 1117 2362 in-

368 2383 506 2417 dictione
514 2395 565 2427 111,
575 2380 798 2416 incarnationis
810 2378 986 2413 dominicae
996 2389 1116 2421 mcxxv,

370 2432 570 2478 pontificatus
588 2439 691 2466 autem
709 2429 816 2464 domni
840 2427 971 2462 Houorii
987 2426 1116 2462 secundi

371 2481 475 2528 Papae
497 2493 580 2514 anno
607 2480 718 2526 primo.

468 2545 530 2575 Dat.
549 2545 595 2575 die
613 2546 651 2574 028
674 2544 815 2574 februarii
838 2551 915 2573 anno
939 2541 1025 2579 1125,

622 2589 724 2628 pontis.
747 2597 823 2617 anno
846 2596 866 2617 1.

941 203 1041 227 EFUA
1048 202 1129 226 11th
1156 200 1319 224 Rouaxmi

1498 255 1537 291 ΙΙ.

1167 325 1365 369 Confirmatio
1385 323 1708 358 excommunicacionis
1729 325 1810 357 latae
1829 323 1862 357 r'n

1173 374 1339 408 Falconem
1364 375 1502 407 comitem
1528 374 1774 417 Andeqavensem
1801 375 1856 415 (1).

1409 445 1624 477 SUMMARIUM

1141 505 1330 535 Prooemium.
1351 521 1390 527 —
1417 503 1577 534 Falconem
1607 503 1707 533 mirari
1735 503 1891 533 divortium

1181 550 1278 579 illiciti
1299 548 1478 579 matrimonii
1498 547 1575 577 filiae
1602 555 1673 577 suae
1695 556 1710 576 a
1728 547 1824 584 legato
1846 548 1891 576 iu-

1181 594 1309 624 dicatum
1330 601 1446 622 servare
1466 591 1693 630 contempsisse;
1709 589 1894 629 —Eumque

1182 638 1270 675 legati
1293 638 1412 667 nuntios
1436 636 1540 666 durius
1565 635 1725 674 accepisse.
1746 651 1787 656 —
1813 633 1892 664 Sen-

1183 683 1302 712 tentiam
1325 680 1640 712 excommunicationis
1658 679 1688 708 in
1714 682 1821 708 terram
1840 687 1893 707 co-

1183 728 1322 766 mitisque
1336 733 1492 765 personam
1503 723 1718 763 promulgatam
1730 722 1893 752 confirmat.

1142 792 1271 820 Honorius
1290 791 1430 827 episcopus
1446 796 1541 818 servus
1561 795 1699 817 servorum
1717 788 1773 822 Dei,
1786 789 1894 817 dilectis

1187 842 1252 871 filiis
1279 841 1386 869 clericis
1416 839 1613 868 ‘turonensibus
1642 838 1741 867 matris
1763 838 1895 866 Ecclesiae

1189 890 1420 923 sanetiffiauricii.
1434 889 1550 918 salutem
1570 889 1597 917 et
1616 887 1795 924 apostolicam
1813 887 1892 916 bene·

1189 940 1343 969 dictionem.

1194 1003 1283 1038 Sicut
1305 1002 1378 1038 boni
1403 1010 1433 1036 et
1453 1001 1590 1036 humiles
1617 1000 1671 1035 silii
1694 1008 1767 1035 sunt
1791 1008 1896 1047 pater-

1147 1065 1204 1088 nae
1232 1052 1411 1087 dilectionis
1440 1050 1575 1086 nexibus
1605 1050 1722 1085 arctius
1755 1050 1894 1084 adstrin-

1147 1102 1254 1149 gendi,
1289 1102 1327 1136 ita
1363 1101 1475 1147 ingrati
1508 1109 1538 1134 et
1571 1099 1789 1134 inobedientes
1820 1108 1894 1134 sunt

1148 1152 1249 1198 rigore
1278 1151 1414 1186 iustitiae
1432 1149 1609 1185 coercendi.

1196 1200 1362 1248 Siquidem
1384 1207 1581 1247 compertum
1603 1197 1783 1238 habuimus,
1811 1197 1896 1245 quod

1148 1250 1247 1285 Fulco
1268 1248 1506 1295 Andegavensis
1528 1259 1637 1283 comes
1658 1247 1826 1282 divortium
1858 1247 1897 1282 il-

1149 1300 1223 1334 liciti
1246 1299 1436 1334 matrimonii
1461 1298 1541 1332 filiae
1564 1309 1651 1336 suae,
1678 1304 1708 1331 et
1734 1295 1896 1331 Guillelmi

1150 1350 1203 1384 filii
1226 1348 1355 1383 Roberti
1383 1347 1508 1382 comitis
1529 1359 1545 1381 a
1567 1345 1682 1381 dilecto
1703 1345 1767 1380 filio
1789 1353 1897 1380 nostro

1148 1398 1171 1433 I.
1197 1398 1346 1434 cardinali
1375 1397 1569 1444 presbytero,
1591 1395 1790 1442 Apostolicae
1803 1393 1897 1429 Sedis

1150 1448 1262 1494 legato,
1284 1456 1315 1482 et
1336 1446 1375 1481 ab
1397 1446 1459 1480 illis
1486 1444 1633 1480 fratribus
1657 1444 1770 1480 nostris
1791 1444 1898 1491 coepi-

1149 1497 1255 1544 scopis
1276 1504 1306 1532 et
1331 1495 1525 1543 sapientibus
1552 1494 1639 1534 viris,
1676 1501 1805 1541 accepta
1827 1493 1898 1527 ido-

1151 1559 1281 1582 neorum
1322 1545 1504 1593 probatione
1543 1541 1687 1582 testium,
1722 1543 1895 1578 iudicatum

1150 1608 1273 1631 servare
1300 1594 1498 1642 contempsit.

1199 1645 1375 1687 Praeterea,
1397 1644 1482 1691 quod
1509 1642 1635 1688 gravius
1655 1649 1714 1682 est,
1741 1641 1786 1676 uti
1807 1652 1899 1676 acce-

1151 1695 1268 1742 pimus,
1290 1694 1327 1728 ad
1350 1693 1386 1728 B.
1413 1693 1496 1727 Petri
1512 1699 1542 1726 et
1563 1699 1688 1726 sanctae
1709 1698 1805 1738 atque
1826 1702 1901 1738 apo·

1151 1744 1281 1778 stolicae
1320 1743 1483 1778 Romanae
1522 1741 1685 1776 Ecclesiae
1728 1740 1874 1774 iniuriam
1891 1767 1900 1779 ‚

1152 1793 1302 1840 praedicti
1326 1793 1414 1839 legati
1440 1791 1577 1831 nuntios,
1604 1790 1642 1825 ad
1665 1801 1738 1825 eum
1753 1789 1900 1830 directos,

1152 1842 1299 1890 capiens,
1334 1851 1363 1876 et
1397 1842 1426 1875 in
1453 1848 1536 1876 arcta
1571 1839 1712 1874 custodia
1740 1850 1794 1885 per
1823 1838 1901 1873 duas

1152 1892 1345 1939 septimanas
1382 1891 1541 1929 retinens,
1580 1888 1693 1923 barbas
1726 1900 1836 1922 eorum
1869 1894 1900 1921 et

1153 1941 1284 1988 capillos
1318 1940 1452 1974 {lammis
1483 1950 1636 1976 exurere,
1671 1945 1702 1972 et
1735 1936 1842 1971 literas
1869 1935 1901 1970 iu

1153 1998 1325 2036 conspectu
1340 1989 1503 2024 hominum
1519 1986 1578 2022 sub
1593 1987 1646 2022 dio
1661 1997 1802 2022 cremare
1817 1996 1901 2033 prae-

1154 2047 1299 2085 sumpstt.

1203 2088 1295 2123 Unde
1331 2088 1450 2134 legatus
1484 2086 1566 2121 idem
1599 2086 1630 2120 in
1658 2084 1816 2133 propriam
1848 2096 1901 2119 co-

1156 2138 1241 2172 mitis
1263 2146 1376 2172 terrani
1410 2135 1650 2176 interdictionis,
1677 2143 1707 2169 et
1736 2134 1767 2169 in
1791 2145 1903 2180 perso-

1157 2200 1227 2222 nam
1255 2199 1323 2221 eius
1348 2193 1683 2221 excommunicationis
1716 2190 1903 2218 sententiam

1158 2236 1376 2284 promulgarit.
1411 2235 1476 2269 Nos
1506 2246 1601 2280 ergo,
1634 2233 1742 2268 habito
1773 2231 1904 2266 fratrum

1157 2286 1310 2329 consilio,
1336 2284 1479 2319 eamdem
1513 2296 1611 2330 usque
1637 2282 1676 2317 ad
1709 2281 1900 2327 condignam

1158 2335 1400 2369 satisfactionem
1423 2333 1610 2368 seutentiam
1629 2340 1724 2366 ratam
1739 2330 1902 2365 habemus.

1158 2383 1364 2418 Interdictum
1387 2391 1490 2418 autem
1509 2381 1718 2429 praecipimus
1732 2377 1902 2414 observari.

1208 2433 1323 2467 Datum
1350 2432 1495 2467 Laterani
1521 2431 1620 2478 pridie
1648 2429 1719 2464 idus
1736 2427 1855 2476 aprilis.

1208 2490 1270 2520 Dat.
1292 2490 1338 2520 die
1361 2489 1398 2519 12
1415 2489 1518 2528 aprilis
1536 2496 1612 2517 anno
1634 2485 1751 2516 Domini
1770 2483 1857 2527 1125,

1418 2528 1519 2568 pontit*⁴
1541 2536 1617 2557 anno
1635 2535 1654 2555 1.

1183 2584 1236 2630 -(l)
1251 2586 1290 2612 Ex
1308 2589 1372 2612 tom.
1391 2594 1399 2611 i
1418 2583 1516 2612 Concil.
1537 2581 1648 2614 Labbei,
1663 2588 1722 2617 pag.
1739 2579 1802 2607 910.

1969 997 2109 1021 Prooemium.
2171 1002 2174 1013 ¹

1953 1184 2067 1207 Falconem
2075 1185 2112 1207 mi-

1927 1213 1970 1234 rari
1999 1212 2112 1233 divortium

1928 1239 1997 1260 illiciti
2006 1238 2113 1261 matrimo-

1929 1266 1960 1287 nii
1972 1266 2029 1287 filiae
2038 1271 2091 1286 suae
2099 1271 2114 1286 a

1929 1293 2001 1319 legato
2031 1291 2114 1313 indicae

1942 1322 1986 1340 tum
2012 1324 2097 1340 servare

1942 1345 2092 1372 contempsisse
2099 1352 2105 1370 ς
2124 1342 2128 1345 “
2173 1332 2176 1354 l

1947 1637 2042 1664 Eumque
2051 1637 2116 1662 togati

1932 1664 2017 1694 nuntios
2044 1664 2116 1685 durius

1932 1696 2048 1717 accepisse.

1987 2044 2118 2066 Sententiam

1945 2070 2112 2092 excommunica-

1934 2098 1998 2119 tionis
2007 2098 2029 2119 in
2043 2099 2120 2118 utram

1935 2124 2061 2151 comitisque
2072 2129 2120 2150 por-

1935 2156 2009 2172 sonam
2027 2150 2118 2177 promul-

1942 2179 2012 2204 gatam
2039 2176 2113 2197 confir·

1935 2206 1986 2226 mal.
