2180 3205
39 279 88 307 An.
109 278 136 305 C.
157 277 221 304 1038

94 1609 221 1631 connatam

37 1636 156 1658 huiusmodi
183 1636 220 1656 im-

37 1663 146 1690 penitentes
160 1669 173 1683 a
188 1668 220 1689 sy-

46 1689 157 1711 nodatam
180 1695 214 1710 ex-

38 1715 192 1737 communicati.

843 261 866 281 5.
891 261 1076 282 fitttifflttttts
1105 262 1147 282 t'tt
1177 263 1226 284 ΙΨ.

250 312 369 347 Romae
402 312 556 347 celebrata
590 313 662 352 snit,
691 313 918 348 declaravimus
941 316 1021 357 gl).-

249 361 369 396 ludicio
395 362 479 396 enim
503 361 611 396 Sancti
633 362 769 409 Spiritus
790 362 998 406 decrevimus,

249 418 279 444 et
309 411 541 458 praecepimus,
564 419 596 445 ut
619 411 650 445 in
678 423 775 458 regno
798 419 898 446 restro
920 423 999 446 con-

249 467 362 494 ventus
388 460 530 494 omnium
554 461 799 507 episcoporum,
831 468 861 495 et
889 472 997 495 eornm

247 507 413 549 laicorum,
435 509 488 556 qui
511 509 612 544 Deum
633 510 754 553 timent,
781 517 811 543 ct
844 509 924 544 inter
946 522 999 543 vos

247 569 356 603 pacem
379 557 572 602 desiderant,
589 558 687 598 fieret,
709 566 739 592 et
761 570 864 593 coram
883 558 999 593 nostris

246 606 357 653 legatis
374 606 607 647 decerneretur,
638 607 663 641 si
692 607 830 642 Henrico
859 607 904 642 vel
932 607 999 642 Ro-

247 654 380 703 dnlpho,
408 656 460 703 qui
496 655 535 690 de
563 656 648 702 regni
677 656 892 702 gubernaculo
920 657 999 692 inter

244 716 278 739 se
313 704 499 744 decertant,
537 705 674 752 amplius
717 705 832 740 iustitia
872 705 996 740 faveret.

247 753 398 788 iniustior
423 754 508 788 enim
533 765 615 800 pars,
650 753 770 788 ratione
806 754 946 794 devicta,
969 763 998 789 ct

245 802 325 837 beati
356 802 438 837 l'etri
461 803 647 837 auctoritate
673 804 852 841 constricta,
876 803 999 838 facilius

245 851 384 896 cederet,
407 859 436 885 et
463 851 502 886 ab
525 852 652 886 interitu
675 852 850 887 animarum
874 860 903 886 et
925 865 998 887 cor-

244 912 356 948 porum
379 900 457 944 (Deo
481 900 684 948 propitiante)
713 910 859 936 cessaret.
883 901 999 937 Iustior

245 962 317 984 vero
337 962 408 996 pars
435 950 572 997 amplius
595 949 634 984 de
658 949 726 985 Deo
749 951 940 990 confideret,
969 959 999 986 et

244 998 353 1034 adiuta
386 998 417 1033 b.
454 999 538 1034 Petri
581 1007 758 1046 potestate,
798 1008 827 1034 et
856 1001 1021 1034 omnium-

244 1047 393 1083 iustitiam
416 1048 616 1095 diligentium
644 1061 812 1093 consensu,
837 1049 874 1083 de
899 1050 998 1083 ricto·
1019 1039 1022 1114 Ι

244 1097 287 1132 ria
323 1097 454 1132 omnino
490 1105 651 1144 speraret,
692 1110 794 1144 neque
834 1107 999 1145 utramque
1019 1124 1021 1146 3

244 1154 378 1181 mortem
412 1147 545 1181 timeret.
582 1146 644 1181 Sed
680 1147 752 1194 quia
786 1148 927 1194 pervenit
960 1148 997 1182 ad

244 1208 314 1236 nos,
347 1195 433 1242 quod
470 1195 590 1230 inimici
624 1195 701 1235 Dei,
739 1204 769 1229 et
798 1196 852 1230 filii
884 1197 998 1231 diaboli

243 1244 373 1291 quidam
391 1244 474 1291 apud
491 1257 548 1279 vos
562 1253 669 1279 contra
687 1244 889 1279 interdictum
909 1247 1001 1293 Apo-

243 1293 373 1329 stolicae
395 1293 489 1328 Sedis
509 1293 704 1340 praedictum
727 1303 915 1329 conventum
935 1308 999 1341 pro-

244 1351 391 1378 curarent
413 1343 442 1376 iu
463 1343 582 1377 irritum
607 1343 740 1383 ducere,
769 1351 797 1377 et
820 1355 882 1378 non
908 1345 1000 1378 iusti·
1019 1363 1022 1379 ι

244 1392 298 1436 tia,
320 1391 375 1426 sed
405 1391 570 1439 superbia,
600 1404 635 1426 ac
668 1392 764 1426 totius
794 1393 878 1438 regni
907 1381 1021 1437 deso-i

244 1440 361 1476 latione
383 1453 456 1476 suas
478 1441 663 1488 cupiditates
685 1440 834 1475 anhelent
857 1442 999 1489 implere,
1019 1444 1022 1470 l

244 1497 276 1525 et
299 1490 502 1525 christianam
527 1490 712 1536 religionem
735 1490 917 1531 destruere3
938 1504 999 1525 mo-
1019 1476 1022 1524 l

246 1551 361 1574 nemus
383 1551 449 1583 vos,
472 1546 551 1573 etex
567 1548 652 1585 parte
670 1539 751 1574 beati
775 1539 859 1574 Petri
879 1541 1000 1587 praeci·
1019 1529 1022 1567 l

245 1589 364 1636 pimus,
382 1596 413 1622 ut
431 1588 546 1623 talibus
562 1588 684 1623 nullum
700 1588 890 1623 adiutorium
909 1602 1000 1636 prae·
1019 1584 1022 1614 l

244 1637 357 1683 beatis,
380 1649 483 1684 neque
507 1637 568 1672 illis
584 1637 837 1672 communicetis.
857 1638 889 1672 ln
909 1651 999 1685 prae·
1019 1623 1022 1673 i

244 1687 327 1722 dicta
371 1687 455 1721 enim
503 1686 623 1734 synodo
666 1686 725 1720 iam
774 1698 885 1721 omnes
926 1696 1000 1721 sunt
1019 1677 1022 1734 l

243 1736 582 1771 excommunicationis
604 1744 633 1770 et
651 1735 859 1770 anathematis
876 1736 1000 1771 vinculo
1019 1742 1022 1779 ξ

245 1784 401 1829 innodati,
415 1793 444 1819 et
459 1793 491 1818 ut
508 1784 625 1818 nullam
641 1784 799 1818 victoriam
817 1785 936 1830 possint
949 1785 1002 1819 ob·
1019 1783 1023 1836 ξ

246 1834 358 1879 tinere,
373 1845 429 1880 per
449 1842 632 1880 potestatem
649 1833 728 1867 beati
744 1833 827 1867 Petri
844 1843 917 1868 suut
931 1835 1001 1869 alli-
1020 1846 1023 1878 ᾗ

245 1883 319 1930 gan,
348 1890 381 1917 ut
402 1882 512 1917 saltem
536 1883 634 1917 coacti
658 1882 904 1921 confundantur,
931 1892 961 1917 et
984 1896 1000 1918 a
1020 1894 1023 1925 ξ

244 1939 346 1969 morte
379 1931 553 1966 animarum
583 1944 723 1970 suarum.
753 1939 782 1965 et
805 1928 1023 2003 desolatione!

245 1980 364 2027 patriae
398 1989 516 2014 vestrae
552 1989 747 2014 revocentur.
778 1980 841 2015 Vos
877 1990 1000 2026 autem,
1021 2008 1023 2015 ,

243 2029 356 2064 fratres
378 2029 566 2069 charissimi,
586 2029 624 2063 de
645 2041 694 2063 me
722 2029 808 2063 nullo
828 2029 921 2064 modo
940 2030 1000 2064 du-

246 2078 364 2115 bitetis,
386 2078 471 2125 quod
493 2078 627 2112 iniustae
648 2078 725 2124 parti
749 2078 883 2113 scienter
897 2079 1001 2125 aliquo
1020 2078 1023 2094 ³

246 2127 343 2161 moda
378 2126 508 2161 faveam.
544 2126 642 2172 Magis
681 2127 766 2161 enim
810 2139 865 2173 pro
901 2136 1001 2162 vestra

245 2177 347 2211 salute
385 2175 532 2210 desidero
572 2183 704 2210 mortem
742 2175 871 2216 subire,
906 2189 1000 2223 quam

1698 253 1743 282 nt)

1041 314 1146 348 dimus
1191 320 1243 358 (a).
1288 316 1498 362 Omnipotens
1540 323 1570 349 et
1615 315 1794 349 tnisetieois

1041 362 1137 403 Dens,
1152 365 1205 410 qui
1222 364 1299 399 ultra
1314 366 1460 399 meritum
1478 364 1655 404 miseretur,
1670 372 1700 399 et
1715 376 1793 399 con-

1040 411 1157 446 solatur
1172 426 1229 447 nos
1247 414 1276 448 in
1293 414 1379 447 omni
1395 413 1597 448 tribulatione
1618 422 1722 448 nostra
1742 416 1793 457 (b),

1039 461 1158 507 aperiat
1179 473 1233 496 cor
1261 471 1396 497 vestrum
1420 463 1450 496 in
1479 463 1548 509 lege
1569 475 1636 503 sua,
1658 470 1689 498 et
1715 475 1793 497 con-

1041 509 1142 544 firmet
1166 523 1219 545 ros
1243 511 1272 545 in
1297 512 1473 558 praeceptis
1499 511 1575 551 suis,
1605 519 1637 546 ut
1659 512 1794 546 auctori-

1041 566 1101 593 tate
1130 559 1209 594 beati
1233 560 1316 595 Petri
1345 573 1360 595 a
1389 561 1511 595 cunctis
1535 561 1670 608 peccatis
1690 561 1793 596 abso-

1040 607 1123 643 lutos
1158 621 1211 643 ros
1241 609 1280 643 ad
1308 609 1442 644 caeleste
1478 622 1608 655 regnum
1639 610 1793 657 perducat

1041 665 1234 703 regnaturos.
1258 657 1326 692 Dat.
1354 658 1493 706 Capuae,
1517 658 1576 693 kal.
1595 659 1686 701 iunii,
1703 659 1793 693 indi-

1040 707 1145 741 ctione
1169 707 1278 753 prima.

1117 763 1177 793 [tat.
1198 764 1244 793 die
1273 765 1280 793 l
1309 765 1380 794 iunii
1401 774 1476 793 annu
1497 764 1610 794 Domini
1634 766 1716 801 1078,

1216 803 1317 842 pontis.
1336 804 1467 841 Gregorii
1487 813 1563 834 anno
1582 813 1618 833 vt.

1369 926 1467 961 XLII.

1044 998 1087 1031 De
1119 1006 1266 1043 potestate
1295 1000 1429 1032 Romani
1463 1000 1621 1044 Pontifict's
1655 1000 1795 1034 mittendi

1090 1049 1131 1081 arl
1161 1060 1365 1092 quascumque
1399 1049 1530 1092 synodos
1559 1049 1671 1092 legatos
1702 1061 1791 1082 snos:

1089 1098 1253 1141 privilegia
1278 1098 1306 1130 E
1308 1098 1482 1130 eclesiarum
1494 1109 1550 1142 pro
1567 1098 1736 1131 necessitate
1750 1099 1794 1131 vel

1092 1147 1221 1179 utilitate
1256 1148 1482 1180 conmmtamli:
1521 1159 1557 1180 ae
1596 1147 1720 1191 insuper
1757 1148 1794 1179 de

1091 1197 1259 1238 leymormn
1294 1196 1381 1228 §edis
1411 1197 1606 1240 Apostolt'cae
1633 1196 1794 1240 facultati-

1091 1245 1144 1277 bus
1168 1247 1224 1288 (1).

1313 1314 1525 1344 sthAfflmt

1042 1375 1229 1413 l'ririlegium
1261 1376 1398 1405 Remensi
1417 1376 1547 1415 archiep.
1575 1381 1606 1405 ut
1633 1386 1647 1406 a
1674 1377 1793 1406 nemine

1082 1421 1196 1453 praeter
1215 1415 1318 1445 Sedem
1339 1415 1535 1453 Apostolieam
1550 1416 1674 1445 iudicari
1687 1417 1791 1454 possit.

1080 1471 1119 1476 —
1141 1454 1332 1484 lmmoderata
1353 1455 1496 1484 Manassis
1515 1455 1645 1494 archiep.
1672 1456 1725 1485 hac
1744 1465 1793 1485 sn-

1082 1504 1133 1533 per
1151 1503 1182 1523 re
1202 1495 1377 1533 praetensio.
1411 1511 1450 1516 —
1475 1494 1612 1533 Exempla
1632 1495 1794 1532 legatorum

1082 1535 1180 1573 Apost.
1202 1535 1286 1564 Sedis
1309 1535 1344 1563 ad
1364 1534 1499 1564 concilia.
1513 1551 1550 1556 —
1567 1534 1739 1564 Adhortatio
1758 1535 1794 1564 ad

1081 1573 1242 1603 Manassen}
1271 1575 1306 1603 ad
1329 1573 1527 1603 obediendum
1552 1574 1723 1612 apostolicis
1751 1574 1793 1603 le-

1081 1614 1166 1649 gatis.
1196 1630 1236 1635 —
1258 1613 1412 1651 privilegi-a
1436 1613 1545 1642 debent
1573 1613 1608 1642 ad
1637 1613 1794 1642 utilitatem

1081 1653 1230 1682 Ecclesiae
1257 1653 1354 1690 dirigi.
1375 1669 1414 1674 —
1442 1653 1628 1682 Arelatenses
1660 1653 1793 1691 archiep.

1082 1697 1165 1721 antea
1185 1693 1318 1731 perpetui
1337 1693 1435 1722 vicarii
1455 1692 1642 1730 Apostolicae
1660 1691 1745 1721 Sedis
1762 1693 1793 1721 in

1082 1731 1205 1761 Galliis:
1223 1749 1262 1753 —
1281 1732 1349 1761 Post
1368 1732 1485 1770 aliquod
1503 1736 1618 1770 tempus
1637 1740 1670 1760 ea
1691 1731 1795 1770 privati

1082 1772 1233 1809 (lignitate.
1252 1788 1292 1793 —
1310 1771 1465 1800 Ilemensis
1484 1771 1616 1810 archiep.
1640 1776 1795 1807 monetur,

1081 1816 1108 1840 ut
1122 1811 1230 1840 iudicio
1250 1812 1410 1848 legatorum
1423 1811 1650 1848 apostolicorum
1670 1819 1701 1839 se
1720 1810 1795 1839 sub-

1082 1851 1181 1885 iiciat3
1214 1867 1252 1872 --
1286 1850 1400 1885 Quibus
1434 1850 1621 1879 commisisse
1657 1859 1687 1879 se
1723 1850 1795 1879 dicit

1081 1890 1250 1927 Gregorius,
1283 1899 1333 1928 per
1364 1890 1475 1925 literas,
1505 1894 1534 1918 ut
1565 1898 1639 1928 quae
1669 1889 1729 1928 ipse
1756 1889 1792 1918 de

1082 1930 1232 1958 nonnullis
1264 1929 1411 1968 episcopis
1443 1929 1697 1967 conquerebatur,
1729 1937 1794 1967 per-

1082 1973 1284 1998 scrutarentur
1301 1973 1329 1998 et
1347 1968 1488 1997 canonice
1511 1969 1687 1997 iudicarent.

1043 2030 1166 2068 Gregorius
1192 2031 1313 2068 episcopas
1342 2039 1419 2059 servus
1440 2038 1556 2059 serrorum
1582 2028 1642 2066 Dei,
1667 2028 1794 2058 venerabili

1081 2073 1142 2103 lratri
1158 2073 1260 2103 ttanasse
1282 2074 1454 2112 archiepiscopo
1470 2073 1577 2103 Remensi
1592 2073 1689 2102 salntem
1706 2076 1727 2102 et
1738 2081 1793 2110 apo-

1080 2119 1185 2147 stolicam
1205 2118 1400 2148 benedictionem.

1093 2180 1173 2214 Cum
1199 2192 1252 2214 vos
1274 2192 1309 2215 ea
1327 2192 1342 2214 a
1365 2180 1449 2214 Sede
1471 2180 1649 2226 Apostolica
1672 2179 1795 2225 flagita-

1815 274 1862 298 Λη,
1875 275 1892 299 (ζ
1928 273 1996 298 1078

246 2226 345 2259 totius
366 2223 474 2258 :nundi
501 2224 632 2270 gloriam
656 2223 693 2258 ad
724 2232 860 2258 restrum
885 2225 1002 2259 interi-
1021 2248 1023 2267 2
1044 2229 1104 2271 tis,
1126 2241 1207 2275 quae
1239 2238 1269 2264 et
1296 2229 1446 2264 honorem
1480 2228 1676 2275 praesulatus
1698 2227 1794 2262 vestri

246 2280 313 2308 tum
341 2274 489 2319 arripere.
517 2272 611 2314 Quod
641 2272 666 2306 si
690 2272 784 2319 aliqui
807 2273 846 2307 de
869 2272 1002 2308 falsitate
1020 2269 1023 2295 '¹
1043 2278 1248 2316 condeceant,
1275 2286 1304 2312 et
1335 2289 1350 2312 a
1381 2277 1633 2324 praecedentium
1663 2276 1794 2311 Patrum

246 2322 370 2366 conlist,
393 2321 493 2356 literis
517 2321 561 2356 vel
586 2321 688 2356 verbis
710 2321 798 2356 aliter
814 2321 902 2356 vobis
918 2322 1002 2356 indi-
1021 2310 1024 2347 9
1043 2326 1280 2360 auctoritatibus
1307 2338 1504 2373 nequaquam
1527 2325 1726 2363 dissentiam,
1751 2326 1794 2359 fi..

246 2373 407 2410 caverint,
443 2370 530 2404 nullo
567 2370 660 2404 modo
687 2370 748 2404 illis
783 2370 1000 2417 acquiescatis.
1021 2387 1024 2425 ἰ
1044 2375 1154 2408 dentes
1186 2375 1298 2421 petite,
1333 2386 1388 2421 spe
1421 2374 1586 2409 certissimi
1619 2374 1793 2421 postulate,

246 2419 350 2455 Deum
372 2418 457 2454 enim
482 2419 643 2458 timemus,
671 2427 700 2453 et
724 2431 779 2466 pro
807 2420 875 2453 eius
896 2431 1002 2454 amore
1043 2423 1190 2461 seientes,
1229 2423 1314 2457 omni
1354 2422 1555 2468 ambiguitate
1578 2431 1709 2463 remota,
1736 2435 1794 2457 nos

248 2468 390 2515 quotidie
411 2467 598 2514 affligimur3
617 2476 647 2502 et
670 2467 739 2513 ideo
761 2468 954 2515 superbiam,
973 2477 1002 2503 et
1022 2470 1023 2474 ’
1044 2472 1248 2518 petitionibus
1277 2471 1458 2506 huiusmodi
1492 2480 1616 2517 paratos
1642 2483 1793 2511 annuere,

249 2516 476 2556 oblectamenta
491 2515 608 2551 saeculi
631 2517 715 2563 parvi
735 2517 913 2563 pendimus,
928 2517 1002 2563 quia
1021 2516 1023 2519 ’
1044 2533 1114 2555 eum
1139 2522 1211 2567 quia
1234 2533 1291 2555 nos
1306 2520 1439 2555 fraterna
1461 2519 1629 2555 dilectione
1652 2521 1683 2554 in
1698 2520 1794 2555 Chri-

249 2565 312 2601 eito
334 2565 415 2613 apud
432 2577 502 2600 enm
523 2565 676 2600 consolari
701 2565 1002 2600 indubitantercre—
1021 2560 1024 2579 ¹
1043 2579 1091 2604 sto
1118 2570 1350 2615 amplectimur;
1373 2577 1438 2602 tum
1466 2569 1559 2604 etiam
1586 2569 1794 2603 nihilominus

286 2625 325 2661 (t)
341 2626 443 2663 Synod.
456 2626 539 2653 habit.
557 2625 599 2653 die
615 2626 630 2652 5
642 2625 739 2657 martii,
758 2629 785 2652 ut
809 2626 859 2652 iam
877 2625 1001 2652 vidimus.
1079 2627 1118 2661 (a)
1128 2626 1274 2661 :tUCnrintlr
1296 2627 1318 2652 1.
1340 2626 1378 2661 (b)
1391 2626 1456 2653 lbid.
1474 2626 1513 2660 (1)
1535 2626 1573 2652 Ex
1584 2625 1693 2652 Archiv.
1708 2625 1791 2651 tatic.
