2180 3205
177 259 226 286 Aa.
246 258 272 285 c.
295 260 361 287 ¹165
425 250 495 282 680

324 321 328 322 ⁷
711 311 782 346 ΧΠ.

424 389 623 435 Confirmatio
642 387 874 432 privileqiorum
896 385 1076 418 mormsterii

597 437 817 481 Caniyonenst's
843 438 899 478 (l).

628 513 846 545 SUMMARIUM

369 583 536 613 Exordium.
558 599 598 604 —
623 582 834 612 Monasterium
863 580 918 610 sub
942 579 1121 619 protectione

410 627 494 658 Sedis
519 627 706 666 Apostolicae
732 626 845 664 recipit.
866 642 906 647 -
927 623 1003 654 Bona
1024 624 1120 653 omnia

408 673 575 709 consrrmat3
600 671 741 707 —--Quae
772 675 800 700 et
821 673 974 699 enumerat
994 669 1121 708 propriis

408 716 572 746 vocabulis.
595 733 633 738 —
651 715 722 745 Cum
743 715 807 744 iure
830 714 961 744 decimas
977 712 1121 750 exigendi,

407 762 553 800 primitias
582 766 610 790 et
632 760 794 790 oblationes
823 759 852 788 in
881 758 1028 794 ecclesiis,
1054 766 1122 795 pos-

409 805 617 842 sessionibus,
649 805 766 835 alodiis.
801 820 841 826 --
861 803 1018 840 Privilegia
1042 811 1119 831 non-

405 850 487 880 nulla
514 850 657 880 concedit.
689 865 729 870 —
760 847 903 877 Abbatem
927 856 942 876 a
967 847 1119 876 monachis

406 895 475 933 eligi
507 894 670 924 constituit.
705 909 745 915 —
780 892 987 922 Monasterium
1022 895 1119 920 autern

405 939 460 968 soli
482 938 564 967 Rom.
587 937 722 967 Pontifici
746 936 914 966 subiectum
940 936 999 965 sore
1022 935 1120 965 decla-

404 988 457 1012 rat.
484 999 523 1005 —
546 982 700 1012 Decretum
732 981 935 1011 indemnitatis
963 980 1118 1009 bonorum.

403 1043 443 1048 —
459 1026 567 1056 Solitae
586 1025 805 1055 cmc-lusiones.
831 1042 871 1047 —
887 1025 1046 1054 Alexandri
1064 1023 1117 1053 ΡΡ.

404 1077 432 1101 et
457 1070 485 1101 S.
512 1070 546 1100 R.
578 1070 730 1100 Ecclesiae
756 1069 950 1099 cardinalium
980 1068 1117 1098 subscri-

405 1118 530 1157 ptiones.

363 1188 494 1218 Alexander
516 1188 636 1226 episcopus
660 1195 738 1216 serrns
751 1194 867 1215 serrorum
883 1185 934 1222 Dei,
957 1184 1049 1214 dilectis
1064 1183 1118 1213 filiis

403 1232 540 1272 Raytnundo
561 1231 639 1261 abbati
662 1231 794 1260 monasterii
810 1230 886 1259 Sancti
908 1229 1001 1259 Martini
1019 1228 1116 1267 Canigo-

403 1278 489 1314 nensis,
501 1278 597 1315 eiusque
607 1276 713 1306 tratribus
724 1280 769 1304 tam
779 1273 938 1313 praesentibus
947 1282 1015 1311 quani
1026 1272 1115 1311 futuris,

401 1321 536 1360 regularem
554 1321 623 1350 vitain
639 1318 758 1359 professis,
780 1319 802 1348 in
821 1323 966 1357 perperaum.

412 1396 568 1438 Quotiens
595 1396 670 1430 illud
698 1408 714 1430 a
737 1395 830 1429 nobis
864 1395 998 1440 petitur,
1029 1394 1114 1440 quod

363 1446 474 1481 rationi
501 1454 532 1480 et
554 1445 709 1480 honestati
733 1444 902 1479 convenire
928 1444 1114 1484 dinoscitur,

363 1496 467 1530 animo
494 1508 553 1530 nos
579 1495 669 1530 decet
709 1494 816 1528 libenti
852 1493 1044 1533 concedere,
1085 1501 1114 1528 et

362 1545 536 1592 petentium
561 1544 727 1578 desideriis
755 1555 931 1589 congruum
960 1543 1113 1589 impertiri

361 1594 557 1640 suffragium.
580 1593 768 1640 Eapropter,
793 1592 900 1626 dilecti
924 1592 954 1625 in
973 1591 1114 1626 Domino

361 1644 429 1687 filii,
453 1644 562 1678 restris
588 1643 679 1677 iustis
701 1640 968 1690 postulationibus
998 1642 1113 1675 annui-

361 1705 443 1732 mns,
463 1701 493 1727 et
521 1692 694 1738 praefatum
722 1691 947 1726 monasterinm
970 1689 1004 1724 S.
1027 1689 1112 1725 Mar-

361 1743 417 1776 tini
452 1742 702 1787 Canigonensis.
737 1741 820 1788 quod
844 1741 955 1787 utique
982 1740 1061 1774 iuris
1083 1748 1113 1774 et

361 1791 562 1838 proprietatis
584 1791 664 1826 beati
695 1790 778 1825 Petri
800 1791 916 1829 existit,
939 1790 976 1824 ad
1004 1802 1113 1824 exem-

362 1841 429 1887 plar
451 1840 704 1886 praedecessoris
732 1840 829 1874 nostri
857 1839 956 1873 felicis
984 1851 1113 1873 memo-

363 1890 425 1924 riae
444 1889 546 1936 Sergii
573 1889 690 1937 Papae,
713 1890 772 1924 sub
795 1889 874 1923 beati
901 1888 985 1923 Petri
1009 1897 1038 1922 et
1055 1901 1112 1922 no-

362 1948 423 1974 stra
447 1940 641 1987 protectione
663 1939 868 1986 suscipimus,
890 1946 920 1972 et
940 1938 1113 1985 praesentis

361 1989 469 2036 scripti
494 1988 657 2035 privilegio
674 1988 926 2028 communimus,
950 1988 980 2021 in
1004 1988 1113 2034 primis

361 2038 516 2086 siqnidem
538 2046 728 2076 statuentes,
752 2046 784 2072 ut
807 2038 884 2072 ordo
909 2037 1112 2076 monasticus,

360 2089 414 2135 qui
453 2088 628 2123 secundum
671 2087 789 2127 Deum,
827 2094 857 2121 et
883 2086 920 2120 Β.
950 2086 1112 2121 Benedicti

194 1455 314 1478 Exordium.

174 1852 325 1874 atonasiertum

162 1891 199 1905 suu
215 1883 348 1910 protectione

161 1915 222 1935 Scitis
237 1913 349 1940 Apostoli-

162 1951 199 1967 ωε
215 1946 299 1972 recipit.

361 2137 500 2183 regulam
535 2138 566 2172 in
601 2136 713 2171 eodem
748 2136 939 2171 monasterio
973 2136 1118 2170 noscitur

360 2187 535 2227 institutus,
563 2187 676 2221 futuris
698 2185 896 2233 temporibus
923 2185 1112 2220 iuviolabili—

175 2240 231 2261 ΒΜ
277 2240 347 2283 emnia
361 2243 408 2271 ter
445 2236 640 2271 observetur.
687 2235 852 2270 Praeterea
894 2246 1111 2282 quascumque

162 2273 283 2297 coufirmat,
361 2283 599 2333 possessiones,
638 2297 856 2332 quaecumque
896 2284 979 2319 hona
1028 2284 1110 2318 idem

361 2336 586 2370 monasterinm
629 2335 923 2382 impraesentiarum
962 2334 1042 2368 iuste
1082 2341 1111 2367 et

361 2386 511 2420 canonice
546 2384 702 2432 possidet,
729 2391 784 2418 aut
810 2384 841 2418 in
870 2383 1008 2418 futurum
1031 2394 1112 2417 con-

360 2437 502 2470 cessione
522 2434 726 2475 Pontilicum,
749 2433 913 2479 largitione
934 2445 1043 2479 regum
1064 2431 1111 2466 vel

361 2486 554 2532 principum,
581 2483 739 2518 oblatione
774 2482 926 2522 fidelium,
953 2494 1010 2516 seu
1043 2481 1112 2516 aliis

360 2534 450 2568 iustis
474 2534 588 2575 modis,
610 2533 678 2568 Deo
695 2532 842 2580 propitio,
871 2532 985 2579 poterit
1006 2530 1111 2578 adipi-

397 2604 435 2638 (t)
454 2603 494 2630 Ex
509 2604 610 2630 archiv.
629 2607 740 2631 monast.
768 2602 848 2630 buius
871 2601 955 2630 edidit
978 2601 1110 2633 Baluzius‚

361 2642 409 2671 loc.
428 2644 485 2677 cit.‚
503 2652 575 2671 num.
594 2651 758 2672 ccccxxxrx.

955 251 1144 275 BFMARICM
1171 251 1333 274 ROMANUM

1166 305 1229 348 sci,
1253 305 1340 340 firma
1369 306 1457 340 vobis
1479 307 1653 355 vestrisque
1681 307 1919 343 successoribus

1166 362 1195 388 et
1218 355 1334 389 illibata
1369 365 1594 402 permaneant;
1631 357 1660 391 in
1689 357 1806 403 quibus
1839 357 1916 391 haec

1166 404 1301 451 propriis
1330 404 1481 440 duximus
1507 405 1712 452 exprimenda
1738 405 1915 440 vocabulis:

1165 453 1294 492 locuni,
1333 466 1428 500 quem
1468 453 1642 490 Guii'redus
1676 467 1782 489 comes
1818 455 1917 489 bonae

1165 502 1334 537 memoriae
1357 503 1445 538 robis
1469 503 1565 548 dedit,
1589 505 1619 538 in
1642 516 1705 550 quo
1725 505 1827 550 ipsum
1849 517 1917 538 mo-

1165 552 1334 586 nasterium
1362 553 1456 587 situm
1476 561 1535 593 est,
1562 565 1634 587 cum
1659 553 1791 587 decimis
1811 562 1841 587 et
1859 555 1919 600 pri-

1165 601 1260 635 mitiis
1286 601 1388 636 eidem
1405 603 1597 637 monasterio
1619 602 1790 640 concessis,
1813 603 1938 637 eccle--

1163 650 1241 685 siam
1276 650 1383 686 Sancti
1416 651 1580 686 Saturnini
1608 651 1647 686 de
1674 651 1811 685 Verneto
1844 664 1916 686 cnm

1163 699 1296 734 decimis
1318 709 1347 735 et
1367 701 1511 746 primitiis
1532 709 1562 736 et
1584 701 1669 736 omni
1692 701 1832 735 libertate
1847 713 1916 746 sua,

1164 748 1265 782 villam
1294 749 1332 784 de
1355 749 1492 785 Verneto
1515 763 1586 785 cum
1616 750 1758 785 terminis
1780 758 1809 784 et
1837 762 1917 797 per-

1162 798 1314 839 tinentiis,
1343 800 1444 834 rillam
1471 800 1511 834 dc
1545 799 1648 834 Odelo
1675 811 1747 833 cum
1772 800 1916 835 terminis

1162 855 1191 881 et
1220 848 1417 894 pertinentiis
1444 850 1526 891 suis,
1548 858 1577 884 et
1599 848 1750 896 quicquid
1779 847 1915 883 Guifre-

1162 896 1221 931 dus
1247 909 1365 937 comes,
1401 898 1447 932 vel
1471 899 1520 932 alii
1544 898 1763 933 christifideles
1786 899 1815 932 in
1841 898 1913 934 villa

1161 953 1191 980 ct
1230 948 1392 993 parrochia
1431 948 1470 982 de
1505 947 1731 982 Marchcxanes
1773 947 1912 994 praefato

1163 996 1354 1031 monasterio
1375 997 1590 1036 contulerunt,
1616 997 1779 1032 ecclesiam
1802 996 1910 1032 Sancti

1940 251 1989 278 An.
2008 251 2037 278 C.
2054 253 2119 280 1163

1944 364 2003 391 Quae
2025 369 2047 386 et
2064 371 2118 388 euna
2135 371 2145 383 a

1932 399 1999 416 metat
2027 394 2150 426 propriisaffi

1932 426 2048 448 vocabulis:
2138 431 2140 435 ’

2136 629 2159 720 'gud‘
2132 535 2160 614 vm
2124 436 2151 525 *ni-dun,

2137 951 2162 1037 ἕ

1937 1009 1986 1031 cnm
2005 1011 2052 1032 iure
2072 1012 2114 1033 de·

1924 1042 1989 1061 cimas
2003 1042 2110 1067 exigendi.
2143 1038 2162 1064 ,θ’

1161 1044 1318 1080 Vincentii
1351 1046 1390 1080 de
1411 1045 1466 1080 Etz
1488 1059 1560 1081 curn
1582 1046 1728 1090 decimis,
1753 1046 2027 1098 ρι’ῐηιίῑίἰς,Ιπίιιιίιίἷη
2042 1072 2112 1093 eioa-
2139 1071 2161 1099 ⁷3,

1159 1093 1272 1129 alodiis
1293 1103 1323 1129 et
1344 1095 1555 1130 oblationibus
1576 1096 1652 1140 suis,
1677 1095 1813 1141 praedia,
1830 1107 1910 1142 pos-
1923 1102 2015 1123 ¹⁸¹1⁰¹¹0⁸
2031 1103 2052 1124 ³¹²
2075 1109 2113 1124 π’
2143 1100 2162 1135 Ξεἶ’

1159 1145 1318 1178 sessiones
1340 1153 1369 1179 et
1403 1145 1504 1180 alodia
1533 1145 1562 1178 in
1592 1145 1753 1192 parrochia
1776 1145 1909 1180 Sanctae

1923 1133 2004 1158 etesiis.
2021 1139 2111 1161 posses-
2144 1142 2159 1167 ,ς

1923 1164 2035 1190 sionibus.
2064 1165 2111 1186 alo-
2145 1174 2163 1201 ξ

1158 1192 1275 1227 Mariae
1293 1194 1331 1228 de
1353 1194 1522 1238 Marcerol,
1542 1194 1679 1241 praedia,
1696 1195 1911 1240 possessiones
1924 1196 1973 1217 ‘¹³1⁵-

1158 1249 1187 1275 et
1214 1242 1316 1277 alodia
1352 1243 1381 1278 in
1411 1244 1571 1291 parrochia
1599 1243 1734 1278 Sanctae
1769 1243 1911 1278 Eulaliae

1158 1290 1197 1325 de
1211 1291 1376 1337 Arbosols,
1387 1294 1524 1340 praedia,
1534 1293 1750 1340 possessiones
1763 1301 1793 1327 et
1808 1292 1911 1328 alodia

1159 1340 1189 1374 in
1213 1342 1375 1387 parrochia
1411 1343 1545 1377 Sanctae
1567 1341 1743 1377 Columbae
1771 1342 1811 1376 de
1839 1342 1911 1376 Tri-

1158 1389 1252 1435 liano,
1275 1391 1412 1436 praedia,
1437 1392 1666 1439 possessiones,
1696 1400 1727 1426 et
1752 1391 1853 1426 alodia
1878 1392 1911 1426 in

1158 1440 1320 1485 parrochia
1360 1441 1467 1476 Sancti
1505 1441 1658 1488 Stephani
1699 1440 1739 1475 de
1775 1440 1908 1482 Saorra,

1157 1489 1294 1535 praedia,
1318 1491 1537 1537 possessiones
1571 1499 1600 1525 et
1623 1490 1721 1524 alodia
1746 1490 1776 1524 in
1801 1502 1910 1537 parro-

1156 1538 1223 1572 chia
1239 1538 1373 1575 Sanctae
1387 1540 1526 1575 Eulaliae
1548 1540 1587 1575 de
1604 1539 1747 1583 Foliano,
1771 1540 1908 1586 praedia,

1157 1589 1373 1632 possessiones
1395 1597 1423 1624 et
1440 1589 1542 1624 alodia
1560 1590 1590 1623 in
1614 1588 1777 1636 parrochia
1800 1588 1906 1623 Sancti

1154 1635 1279 1671 Martini
1307 1639 1346 1673 de
1372 1639 1502 1679 Ascaro,
1526 1639 1665 1685 praedia,
1694 1639 1909 1684 possessiones

2152 1277 2162 1300 i

1155 1694 1184 1719 et
1207 1687 1309 1721 alodia
1344 1689 1375 1722 in
1405 1688 1566 1735 parrochia
1601 1687 1708 1722 Sancti
1736 1687 1839 1722 lacobi
1867 1687 1908 1722 de
1942 1700 1946 1704 ·

1155 1735 1271 1782 Anyer,
1299 1738 1437 1784 praedia,
1466 1738 1680 1784 possessiones
1706 1744 1736 1772 et
1752 1736 1852 1771 alodia
1874 1737 1907 1772 in

1156 1787 1316 1832 parrochia
1345 1787 1382 1821 de
1406 1787 1544 1831 Belloco,
1566 1786 1705 1834 praedia,
1729 1786 1908 1832 possessio—

1155 1846 1210 1869 nes
1231 1842 1261 1869 et
1280 1836 1382 1870 alodia
1406 1836 1436 1870 in
1460 1837 1622 1883 parrochia
1643 1835 1752 1870 Sancti
1771 1835 1906 1870 Cosmae

1153 1884 1192 1918 de
1218 1883 1435 1931 sagdaniano,
1467 1886 1606 1932 praedia,
1631 1885 1850 1932 possessiones
1875 1892 1906 1918 et

1153 1933 1255 1969 alodia
1285 1936 1315 1969 in
1344 1935 1506 1980 parrochia
1539 1934 1647 1969 Sancti
1687 1932 1827 1968 Marc‘elli
1865 1933 1906 1968 de

1152 1983 1309 2025 Flucano‚
1336 1984 1437 2019 alodia
1465 1996 1545 2031 quae
1568 1983 1689 2018 habetis
1704 1983 1734 2017 in
1757 1982 1904 2024 Celrano,

1154 2033 1325 2068 Aureliano
1347 2042 1378 2068 et
1398 2033 1556 2069 Gnissano
1577 2045 1650 2068 cum
1673 2032 1822 2067 omnibus
1837 2044 1905 2079 per-

1153 2083 1296 2118 tinentiis
1328 2084 1410 2123 snis,
1447 2083 1571 2130 praedia
1605 2094 1686 2130 quae
1721 2081 1843 2116 habetis
1873 2082 1903 2115 in

1154 2132 1223 2167 villa
1246 2132 1284 2167 de
1311 2131 1406 2172 Esna,
1428 2140 1458 2166 et
1477 2133 1507 2167 in
1532 2131 1695 2180 parrochia
1717 2130 1823 2166 Sancti
1835 2129 1904 2165 Ste-

1155 2182 1247 2228 phani
1283 2181 1322 2215 de
1349 2182 1478 2228 Egued,
1513 2182 1544 2216 in
1572 2180 1736 2228 parrochia
1767 2179 1903 2215 Sanctae

1153 2231 1328 2266 Columbae
1361 2231 1400 2266 de
1430 2231 1583 2271 Avidano,
1611 2231 1642 2265 in
1670 2229 1832 2276 parrochia
1867 2228 1900 2263 S.

1152 2280 1314 2316 Saturnini
1349 2281 1388 2315 de
1422 2280 1641 2327 Targnesona,
1669 2279 1702 2313 in
1737 2278 1901 2327 parrochia

1153 2329 1258 2365 Sancti
1283 2330 1439 2364 vincentii
1467 2330 1506 2364 de
1532 2329 1612 2364 Villa
1643 2328 1727 2372 Atta,
1763 2328 1794 2362 in
1823 2339 1902 2375 par-

1154 2380 1259 2414 rochia
1281 2379 1320 2414 de
1354 2379 1503 2424 Edorres,
1538 2379 1570 2413 in
1606 2377 1767 2426 parrochia
1794 2376 1902 2412 Sancti
1938 2407 1942 2409 a

1152 2428 1303 2464 Gennesii
1325 2428 1364 2463 de
1390 2428 1497 2469 Ezerr,
1525 2428 1555 2462 in
1580 2427 1742 2474 parrochia
1767 2426 1902 2461 Sanctae

1152 2478 1328 2513 Leocadiae
1343 2479 1381 2513 de
1394 2476 1670 2521 Darna-Collecta,
1691 2477 1722 2511 in
1739 2475 1904 2524 parrochia
1922 2496 1928 2501 ·

1153 2528 1260 2563 Sancti
1288 2527 1400 2562 Iuliani
1428 2527 1468 2562 de
1491 2527 1634 2568 Estanar,
1657 2535 1688 2561 et
1713 2526 1746 2560 in
1773 2524 1843 2560 villa
1863 2525 1903 2560 de

1152 2577 1303 2618 Baianda‚
1326 2577 1357 2612 in
1385 2576 1548 2624 parrochia
1573 2575 1681 2611 Sancti
1707 2574 1831 2609 Martini
1863 2573 1903 2609 de

1129 2627 1134 2667 i
1152 2627 1198 2674 lx,
1225 2627 1257 2662 in
1280 2626 1444 2675 parrochia
1462 2625 1571 2662 Sancti
1591 2624 1752 2661 Vincentii
1766 2616 1805 2660 de
1817 2623 1904 2660 Exa-
