2180 3205
1958 250 2007 276 An.
2029 248 2056 276 C.
2071 249 2140 277 1119

965 267 1155 290 nULLARtt'M
1182 266 1346 289 ROMANUM

183 276 234 302 An.
254 274 282 301 C.
300 272 366 300 1119

434 263 505 295 298

182 330 368 380 gffffngfflgjffij
434 326 593 362 Prolatam
623 324 719 371 igitur
746 335 763 358 a
791 321 939 357 fratribus
967 334 1060 369 snpra
1084 334 1144 356 no-

424 377 430 383 ,
492 376 497 382 ,
584 375 590 381 ,
784 372 788 378 ¹
1073 371 1078 376 .
1187 324 1323 369 praemia
1345 329 1490 357 aeternae
1518 322 1602 369 pacis
1623 322 1796 357 inveniant.
1820 322 1934 367 Amen,

190 386 229 406 five
258 384 367 405 confirma·
387 387 516 412 minans
529 375 568 410 de
583 386 642 409 tam
658 371 841 420 saepedicta
853 371 930 406 cella
946 379 1144 412 sententiam,

1185 384 1288 411 amen,
1310 384 1412 406 amen.

236 752 367 777 Castor-mne

182 780 239 802 bona
256 779 283 800 ad
297 784 368 800 mona-

182 811 269 828 sterium
301 809 366 826 Aimu.

183 835 314 860 spectanctia
338 838 368 852 ei-

183 861 231 880 ‘tem
265 859 369 880 roboran-

214 1821 295 1841 Sotttae
312 1820 373 1841 clau-

187 1849 252 1868 nul-ae.

182 416 225 434 ω’
387 435 418 461 et
443 425 537 460 totius
559 436 689 459 assensu
713 421 839 456 concilii
855 420 1072 468 approbatam,
1088 432 1145 454 nos

386 483 515 510 auctore
534 474 602 509 Deo
621 471 805 508 assertionis
823 478 949 505 nostrae
969 470 1144 504 munimine

387 525 629 560 confirmamus:
664 530 695 557 et
736 519 912 555 Anianensi
953 519 1143 553 monasterio

388 586 484 621 super
505 585 540 608 ea
575 573 605 606 in
635 579 795 619 posterum
824 568 929 603 inferri
958 568 1143 612 calumnias,

388 623 572 658 auctoritate
595 621 687 657 Sedis
705 619 907 667 Apostolicac
931 617 1056 665 penitus
1078 629 1143 664 pro-

387 672 547 708 bibemus.

436 722 665 767 Quaecumque
688 726 847 766 praeterea
874 716 1057 750 Anianense
1080 727 1144 749 mo-

389 771 560 806 nasterium
585 782 640 818 per
663 768 840 802 authentica
864 765 1141 813 praedecessorum

389 830 570 857 nostrorum
606 818 767 857 Iohannis,
800 816 934 856 Nicotai,
961 813 1142 853 Alexandri,

389 870 522 910 Urbani,
537 867 695 904 Paschalis
708 865 898 900 Pontificum
912 864 1142 900 Romanorum,

391 919 552 967 privilegia
582 915 733 965 possidet,
750 915 803 949 tibi
832 914 957 959 tuisque
984 923 1145 946 successo-

389 969 476 1004 ribus
504 969 534 1003 in
572 973 758 1014 perpetuum
796 963 1032 997 confirmamus.
1056 960 1143 994 Idem

389 1020 475 1054 enim
519 1017 608 1052 locus
646 1013 823 1060 specialiter
860 1011 919 1046 sul)
947 1011 1025 1045 beati
1059 1009 1143 1044 Petri

390 1068 458 1103 iure
485 1079 520 1102 ac
550 1064 743 1113 protectione
770 1061 925 1096 consistit.

439 1116 636 1152 praedictam
660 1112 770 1148 cellam
798 1111 836 1145 de
858 1108 1044 1144 Gordanicis
1071 1107 1146 1141 Are-

389 1166 519 1201 latensis
550 1162 807 1209 archiepiscopus
841 1160 869 1194 in
904 1171 998 1193 manu
1027 1164 1143 1197 nostra,

391 1228 447 1263 per
470 1216 587 1262 virgam
617 1224 710 1260 quam
734 1209 885 1256 gestabat,
914 1209 945 1242 in
973 1214 1143 1253 conspectu

390 1265 489 1300 totius
506 1262 632 1299 concilii
656 1260 800 1295 refutavit
822 1261 874 1302 (1).
898 1257 963 1292 Nos
982 1268 1054 1290 vero
1077 1267 1144 1290 eam

391 1314 460 1354 tibi,
491 1313 532 1348 fili
560 1312 590 1346 in
626 1310 753 1345 Christo
792 1307 952 1342 carissime
982 1304 1088 1348 Ponti,
1116 1313 1143 1338 et

393 1376 450 1411 per
472 1371 501 1398 te
523 1359 698 1397 Anianensi
714 1357 916 1400 monasterio,
932 1367 987 1403 per
1001 1354 1144 1389 eamdem

392 1413 509 1458 virgam
539 1410 680 1458 protinus
707 1407 922 1445 restituentes,
944 1412 1006 1438 tam
1035 1403 1147 1437 Arela-

391 1462 471 1497 tensi
485 1460 660 1499 Ecclesiae,
681 1469 772 1504 quam
792 1464 822 1490 et
837 1453 1028 1490 monasterio
1047 1451 1145 1486 Casae

390 1511 462 1550 Dei,
487 1517 673 1558 perpetuum
701 1518 798 1553 super
819 1504 928 1539 eadem
951 1502 1028 1537 cella
1048 1501 1146 1535 silen-

392 1560 471 1594 tium
496 1559 555 1593 sub
585 1555 791 1592 anathematis
812 1553 1002 1599 obligatione
1026 1550 1146 1584 indixi-

392 1622 480 1650 mus,
513 1616 544 1642 et
563 1608 770 1642 instrumenta
794 1603 971 1638 chartarum
991 1600 1030 1635 ab
1049 1599 1148 1633 archi-

391 1659 544 1706 episcopo
583 1665 613 1691 et
650 1653 814 1689 monachis
835 1652 934 1687 Casae
961 1650 1018 1684 Dei
1058 1647 1146 1682 vobis

391 1707 480 1743 reddi
506 1705 736 1754 praecipimus:
760 1714 798 1737 ne
825 1701 949 1736 illorum
982 1698 1147 1733 occasione

393 1757 507 1804 aliquis
563 1755 667 1790 denuo
714 1750 932 1799 querimoniae
979 1747 1148 1794 scrupulus

394 1807 522 1841 oriatur.
551 1804 583 1839 Si
607 1815 667 1851 qua
696 1802 790 1848 igitur
817 1801 846 1834 in
875 1800 1014 1833 futurum
1044 1796 1148 1831 ecclc-

392 1856 513 1891 siastica
536 1851 746 1888 saecularisve
761 1861 905 1897 persona,
922 1849 1001 1882 hauc
1024 1854 1147 1880 nostrae

393 1902 628 1940 constitutionis
648 1901 791 1948 paginam
815 1899 930 1937 sciens,
950 1904 1060 1931 contra
1079 1906 1146 1928 cam

394 1963 512 1989 temere
528 1952 633 1986 venire
660 1948 838 1991 tentaverit,
853 1945 994 1981 secundo
1017 1944 1148 1978 tertiove

394 2003 597 2044 commonita,
619 2000 644 2034 si
669 2011 731 2033 non
759 1996 972 2032 satisfactione
1010 2004 1147 2038 congrua

394 2050 618 2089 emendaverit,
661 2047 823 2095 potestatis
863 2045 1056 2090 honorisque
1099 2042 1146 2075 sui

394 2101 547 2149 dignitate
569 2105 684 2142 careat,
708 2107 855 2142 reamque
878 2106 911 2129 se
938 2094 1044 2127 divino
1068 2090 1150 2124 iudi-

393 2151 442 2186 cio
478 2150 612 2185 existere
639 2147 678 2181 de
706 2153 880 2192 perpetrata
909 2142 1072 2189 iniquitate
1095 2152 1149 2174 co-

394 2207 537 2243 gnoscat,
574 2206 603 2232 et
645 2209 660 2230 a
701 2194 913 2229 sacratissimo
947 2192 1088 2237 Corpore
1120 2196 1149 2222 ct

394 2249 559 2295 Sanguine
595 2246 653 2280 Dci
690 2252 721 2279 ct
758 2243 886 2278 Domini
928 2238 1150 2286 Redemptoris

395 2299 493 2332 nostri
522 2297 592 2331 Iesu
632 2293 748 2328 Christi
772 2293 873 2326 aliena
901 2290 964 2330 siat,
1004 2297 1096 2334 atque
1119 2288 1148 2320 in

394 2355 537 2381 extremo
572 2343 716 2379 examine
744 2341 902 2376 districtae
933 2338 1045 2373 ultioni
1072 2336 1148 2371 suh·

395 2395 504 2430 iaceat.

446 2443 580 2478 Cunctis
604 2449 707 2476 autem
737 2439 838 2474 eidem
862 2438 931 2472 loco
954 2448 1007 2470 sua
1028 2447 1152 2469 servan-

397 2493 480 2528 tibus
504 2493 544 2527 sit
572 2504 630 2538 pax
658 2489 783 2524 Domini
809 2487 905 2522 nostri
932 2486 1002 2520 lesu
1022 2484 1150 2523 Christi,

397 2551 553 2589 qnatenus
580 2549 610 2575 et
645 2540 695 2574 hic
727 2538 861 2572 fructum
894 2536 994 2569 honae
1021 2532 1152 2567 actionis

400 2591 572 2639 percipiant
606 2597 636 2623 ct
677 2587 761 2634 apud
803 2587 978 2620 districtum
1014 2582 1150 2616 iudicem

1026 2653 1063 2688 (ιι-
1079 2651 1117 2687 τ.)

433 2661 472 2697 (¹)
489 2660 610 2687 Forsitan
626 2660 766 2685 recusus-ie.

1185 421 1256 455 1⁴:00
1269 420 1446 463 Cfflst,
1472 419 1641 455 catholicae
1656 420 1817 455 Ecclesiae
1834 420 1933 468 episc.

1184 470 1250 515 Ego
1277 469 1367 505 Cone
1394 469 1619 504 Praenestinus
1659 469 1835 516 episcopus.

1184 519 1303 565 Oldega
1311 520 1372 553 rius
1380 519 1626 553 Tarraconensis
1639 518 1798 553 Ecclesiae
1811 519 1937 565 dispen-

1232 578 1327 612 sator,
1350 568 1384 603 S.
1416 568 1584 603 Raimundi
1609 567 1842 602 Barbastrensis
1864 568 1936 615 epi-

1233 619 1319 665 scopi
1343 621 1396 661 (l).

1184 667 1256 722 Ego·
1276 667 1531 714 archiepiscopus
1561 665 1744 701 Bernardus
1773 665 1937 701 Auscien-

1233 729 1286 760 sis,
1302 729 1342 751 ss.

1184 766 1251 812 Ego
1276 766 1464 800 Lamhertus
1491 764 1650 799 Ostiensis
1683 765 1862 812 episcopus.

1185 815 1361 849 Richardns
1376 814 1590 849 Nathoncnsis
1620 815 1887 861 archiepiscopus.

1187 864 1252 911 Ego
1280 864 1391 898 Petrus
1413 864 1582 898 cardinalis
1593 863 1780 899 Sanctorum
1803 864 1939 898 cosmae

1234 922 1263 948 et
1285 913 1439 947 Damiani.

1187 962 1252 1008 Ego
1279 962 1373 1003 Boso,
1397 961 1622 997 tituliSanctae
1645 961 1830 997 Anastasiae
1852 972 1940 1008 pres-

1235 1011 1321 1059 hytcr
1348 1011 1526 1046 cardinalis.

1184 1060 1252 1106 Ego
1280 1062 1339 1095 Ato
1361 1060 1556 1095 Arelatensis
1578 1060 1759 1107 episcopus.

1186 1110 1251 1156 Ego
1274 1110 1447 1156 Gregorius
1473 1109 1625 1144 diaconus
1639 1109 1807 1144 cardinalis
1829 1107 1937 1143 Sancti

1233 1160 1357 1205 Angeli.

1187 1208 1253 1255 Ego
1271 1207 1475 1251 Deus-dedit,
1498 1207 1578 1242 tituli
1601 1207 1709 1242 Sancti
1722 1206 1883 1242 Laurentii
1903 1206 1934 1240 in

1236 1258 1370 1292 Damaso
1396 1257 1558 1305 presbyter
1590 1256 1768 1291 cardinalis.

1187 1308 1254 1353 Ego
1282 1307 1378 1342 Fulco
1408 1306 1860 1353 Aquensisarchiepiscopus,
1896 1316 1938 1338 ss.

1186 1357 1253 1402 Ego
1281 1355 1461 1391 Gnalterius
1494 1355 1727 1401 Magalonensis
1757 1354 1938 1401 episcopus.

1186 1406 1254 1452 Ego
1276 1405 1444 1449 Iohannes,
1474 1405 1636 1451 presbyter
1665 1403 1831 1439 cardinalis
1859 1401 1939 1436 tituli

1235 1456 1342 1490 Sancti
1354 1454 1562 1501 Chrysogoni,
1579 1453 1651 1488 huic
1667 1453 1783 1488 iudicio
1799 1451 1940 1492 interfui,

1236 1513 1266 1539 et
1287 1503 1472 1550 subscripsi.

1188 1554 1255 1601 Ego
1278 1553 1409 1588 Amicus
1436 1551 1532 1587 abbas
1554 1551 1661 1586 Sancti
1683 1550 1843 1586 Laurentii
1868 1549 1942 1584 soris

1238 1615 1355 1637 muros.

1189 1652 1254 1698 Ego
1282 1652 1445 1686 Arduinus
1467 1650 1562 1685 abbas
1585 1649 1691 1684 Sancti
1715 1648 1834 1683 Savini.

1237 1702 1351 1736 Datum
1379 1701 1510 1735 Tolosae
1538 1702 1582 1743 (2)
1608 1711 1663 1746 per
1685 1710 1812 1732 manum
1843 1696 1943 1744 Chry-

1189 1751 1297 1797 sogoni
1321 1751 1354 1785 S,
1377 1751 1416 1784 R.
1451 1750 1485 1783 E.
1514 1748 1682 1783 cardinalis
1708 1759 1743 1782 ac
1771 1746 1942 1781 bibliothe-

1190 1801 1275 1840 carii,
1287 1800 1391 1834 idihus
1408 1799 1486 1843 iulii,
1504 1798 1673 1832 indictione
1688 1809 1749 1840 xii,
1765 1795 1943 1830 dominicae

1190 1849 1413 1884 iucarnationis
1452 1859 1534 1881 anno
1575 1859 1700 1889 mcxix,
1743 1845 1943 1892 pontificatus

1189 1908 1292 1934 autem
1317 1897 1423 1932 donini
1439 1896 1552 1931 Calixti
1574 1896 1599 1929 tl
1621 1896 1724 1942 Papae
1747 1906 1830 1928 anno
1854 1905 1875 1926 1.

1265 1955 1326 1985 Dat.
1351 1955 1397 1984 dic
1418 1955 1454 1983 r15
1473 1954 1536 1983 iulii
1556 1962 1631 1982 auno
1650 1951 1765 1981 Domini
1786 1950 1871 1987 1119,

1446 1998 1549 2038 pontis.
1569 2007 1644 2027 anne
1669 2006 1687 2026 1.

1538 2108 1590 2143 IV.

1198 2185 1414 2217 Vimlocinense
1440 2182 1670 2217 monasterium,
1701 2180 1752 2213 cui
1781 2179 1944 2223 prt'tu'leqt'a

1240 2246 1355 2269 tannim,
1379 2240 1404 2264 et
1420 2232 1581 2275 praecipue
1604 2230 1694 2262 totale
1721 2230 1889 2261 (loniini'wn
1912 2228 1944 2258 rin

1243 2283 1374 2315 Ecclesia
1403 2282 1436 2313 S.
1468 2281 1591 2313 Priscae
1626 2279 1857 2323 confirmantur,
1887 2275 1946 2307 soli

1239 2331 1431 2375 Apostolicae
1445 2329 1691 2363 Sedisubieceum
1700 2327 1875 2360 declaratur
1885 2325 1943 2367 (5).

1462 2395 1676 2427 smutxtutut

1192 2457 1358 2487 Exordium.
1386 2472 1426 2478 —
1457 2453 1663 2484 Monastcrium
1686 2450 1902 2480 vindocinense
1930 2458 1945 2478 a

1232 2501 1360 2531 Goerido
1381 2499 1567 2536 Andcgaven.
1591 2495 1698 2526 comite
1730 2497 1946 2530 constructum,

1232 2544 1287 2574 suh
1305 2543 1489 2582 Apostolicae
1503 2541 1587 2570 Sedis
1605 2539 1777 2569 defensione
1790 2536 1946 2575 recipitur;

1229 2610 1266 2644 (t)
1284 2610 1350 2643 Lege
1372 2610 1513 2640 episcopus.
1553 2605 1592 2638 (Ξ)
1610 2605 1676 2637 Lege
1698 2604 1814 2629 Tolosae.
1852 2600 1891 2636 (11.
1907 2599 1947 2635 τ.)

1193 2651 1230 2684 (5)
1248 2649 1285 2675 Ex
1304 2648 1372 2675 notis
1388 2645 1519 2673 Strmondi
1539 2644 1571 2671 ad
1592 2642 1751 2670 Goffridum.

1987 678 2061 699 Calixti
2071 677 2111 698 PP.
2123 679 2144 698 et

1962 705 1984 726 S.
1998 706 2022 725 Η.
2033 705 2057 725 Ε.
2077 704 2144 724 cardi-

1961 732 2038 752 nattum
2054 731 2146 751 subscri-

1962 758 2053 784 ptiones.
2066 760 2086 778 et
2097 762 2146 778 cae-

1963 787 2054 805 terorum
2065 784 2146 810 episco-

1962 817 2035 837 porum
2048 813 2068 831 et
2079 810 2145 831 ahba-

1964 841 2013 860 tum.
2024 837 2059 863 qni
2075 836 2145 857 conui-

1964 866 1990 885 tm
2003 863 2148 885 interfuerunt.
