2180 3205
22 255 72 284 Αιι.
91 253 120 281 C.
138 253 206 282 1098

77 315 206 339 Bouavoro·
230 304 419 344 monasteria
455 305 577 352 aliquas
614 304 766 338 ecclesias
801 302 978 337 hahuerunt

22 345 205 418 ἓὲπῗέῆῗξέἓ-
230 359 261 393 in
290 357 437 404 parochia
465 364 563 389 vestra
595 362 667 388 ante
699 354 822 387 ‹lt-creta
851 364 979 386 venera-

21 427 103 445 men.
126 421 205 442 eisdem

22 447 136 472 mmai.

23 590 205 645 fflffiffloffi?

46 1949 164 1972 Exordium.

34 2438 51 2460 Β
59 2446 90 2461 ina
104 2441 132 2461 ad
145 2441 201 2462 hanc

21 2464 135 2496 [octauam
155 2474 204 2494 si:-

21 2495 97 2514 uamia
126 2500 144 2514 c·
154 2496 203 2515 titir—

22 2521 108 2540 uantur.

871 248 1015 271 t’ttnANt's
1042 249 1064 270 ll
1090 250 1137 273 ΙῬ.

229 407 301 443 bilis
328 418 422 441 mem.
465 403 608 450 Gregorii
631 402 686 437 Vll
711 402 813 449 Papae
837 410 979 436 anteces-

228 457 308 492 soris
336 455 446 496 nostri,
469 454 513 488 illi
537 453 682 488 habeant.
710 451 802 493 Quod
832 452 856 484 si
887 463 978 498 prac-

228 506 347 541 dictum
363 504 589 540 monasterium
606 511 636 537 et
659 501 777 548 reliqua
791 501 978 535 monasteria

226 555 349 603 aliquas
387 554 537 590 ecelesias
575 559 643 599 post
685 550 808 585 ‹lt-creta
851 550 976 596 praefati

226 604 332 652 Papae
367 604 398 639 in
436 612 536 638 vestra
574 601 742 649 parochia,
779 607 878 634 vestra
913 601 977 634 sive

225 654 449 693 concessione,
478 653 523 686 vel
549 650 829 698 praedecessorum
857 656 887 684 et
909 661 979 684 suc-

225 715 387 739 cessorum
407 711 593 743 vestrorum,
615 698 854 746 quomodolibet
869 699 977 745 acqui-

225 753 346 788 sierunt
368 751 414 787 vel
437 749 649 797 acquisierint,
671 749 833 783 Ecclesiae
859 756 976 783 restrae

225 801 294 837 illas
318 801 480 836 reddimus
501 807 530 834 ct
556 798 744 833 stabilimus.
780 798 916 832 Tantum
950 798 974 832 si

224 850 386 898 praedicto
419 849 626 883 monasterio.
666 856 718 882 aut
747 847 876 894 reliquis
906 860 977 881 mo-

225 900 371 935 nasteriis
390 898 561 946 quamlibet
586 897 770 932 iniustitiam
792 897 906 944 aliquis
928 896 977 932 se-

224 949 318 990 cer-it,
345 956 375 984 et
398 955 560 995 propterea
584 947 621 982 atl
637 948 786 981 auxilium
813 946 975 981 Romanae

223 998 386 1033 Ecclesiae
419 997 628 1043 confugerint,
655 1010 670 1031 a
704 996 837 1030 tuitione
870 1005 975 1030 nostra

223 1055 254 1082 et
275 1058 496 1082 successorum
521 1054 698 1081 nostrorum
723 1045 770 1080 illa
796 1058 857 1080 nou
879 1046 977 1093 repel-

222 1096 329 1132 limus.
358 1095 471 1130 Datum
488 1095 620 1136 Romae,
642 1107 725 1130 anuo
740 1095 916 1130 dominicae
933 1095 976 1129 in-

223 1145 416 1181 carnationis
431 1157 559 1179 uexvui
576 1157 675 1179 mens.
696 1145 782 1189 maii,
805 1144 912 1178 indict.
928 1157 972 1178 vi.

292 1201 355 1232 Dat.
374 1211 474 1232 mense
497 1202 565 1231 maii
584 1211 660 1231 aimo
683 1201 798 1231 Domini
824 1200 906 1237 1008,

524 1242 625 1280 pontif.
644 1250 681 1270 xz.

544 1367 656 1402 XLVI.

228 1440 428 1486 Confirmatio
453 1440 487 1474 S.
507 1441 686 1485 Urqelleusis
710 1441 872 1484 Ecclesiae,
887 1442 977 1475 bono.

274 1501 402 1535 rumque
422 1491 464 1523 ad
485 1502 550 1523 eam
571 1491 769 1534 spectantium
800 1494 861 1533 (l).

495 1559 710 1590 St'MMAltlt'M

223 1620 392 1651 Exordium.
414 1638 454 1643 —
471 1620 549 1651 Bona
568 1622 603 1651 ad
626 1622 700 1651 hanc
720 1622 881 1652 Ecclesiam
904 1632 974 1661 spe-

263 1665 369 1695 ctantia
388 1666 610 1695 confirmantur.
625 1683 666 1688 —
682 1665 826 1695 Statutum
847 1676 897 1706 pro
922 1667 978 1696 im-

265 1708 405 1738 munitate
421 1708 609 1738 clericorum.
627 1726 667 1732 —
682 1710 790 1739 Solitae
814 1711 976 1741 clausulae.

224 1778 330 1808 Urbanus
350 1780 471 1818 episcopus
491 1789 569 1809 serius
590 1789 707 1809 serrorum
728 1780 780 1817 Dei,
805 1781 890 1811 dilecto
913 1781 976 1811 fratri

262 1823 336 1853 Odoni
353 1823 485 1861 Urgellensi
507 1825 625 1863 episcopa,
642 1825 737 1863 eiusque
754 1826 925 1856 successorihus
940 1836 976 1856 ca·

262 1868 345 1897 nonice
366 1868 536 1906 promovendis,
560 1869 582 1898 in
605 1874 749 1908 perpetuum.

270 1928 366 1965 Iustis
377 1931 454 1965 votis
465 1943 629 1966 assensum
647 1933 807 1978 praehere,
824 1933 976 1981 iustisque

224 1979 430 2026 petitionibus
452 1992 544 2015 aures
562 1981 768 2016 accomodare
786 1994 843 2017 uos
865 1995 977 2018 conve-

223 2029 281 2071 nit,
302 2029 369 2075 qui,
391 2028 464 2063 licet
497 2029 630 2075 indigui,
662 2030 798 2065 iustitiae
827 2033 976 2067 custodes

222 2085 318 2123 atque
352 2090 523 2124 praecones
551 2079 579 2112 in
613 2079 736 2113 excelsa
760 2081 973 2126 apostolorum

223 2126 402 2173 principum
425 2126 510 2161 Petri
543 2135 574 2161 et
603 2127 692 2161 Pauli
728 2130 854 2174 specula
885 2131 974 2176 positi

222 2174 362 2209 Domino
375 2175 562 2221 disponente
579 2176 721 2210 videmur
739 2178 882 2212 existere.
899 2179 976 2213 Tuis

225 2224 329 2270 igitur,
352 2223 446 2258 frater
479 2225 508 2258 in
532 2224 660 2259 Christo
683 2226 843 2261 carissime
870 2227 975 2271 Odtlo,

224 2273 315 2307 iustis
353 2273 561 2319 petitionibus
599 2283 798 2319 annuentes,
836 2284 974 2311 sanctam

225 2321 442 2368 Urgellensem
465 2322 657 2363 Ecclesiam,
679 2324 730 2358 cui
754 2332 881 2359 auctore
908 2326 976 2360 Deo

225 2371 396 2417 praesides,
430 2371 632 2418 Apostolicae
666 2372 759 2407 Sedis
792 2375 976 2409 auctoritate

226 2420 396 2454 munimus.
425 2420 600 2455 Statuimus
628 2421 725 2459 euim,
753 2430 786 2456 ut
818 2423 975 2463 universa,

225 2481 305 2515 quac
335 2470 416 2504 iuste
450 2469 486 2504 atl
522 2470 665 2504 eamdem
700 2471 875 2506 Ecclesiam
911 2474 975 2507 sire

261 2542 302 2576 (l)
317 2542 356 2569 Ex
372 2543 538 2570 Chartulario
554 2544 685 2570 Ecclesiae
702 2544 781 2570 huius
800 2545 882 2571 edidit
898 2546 977 2572 Balu-

226 2581 282 2608 zius
297 2582 322 2607 in
343 2582 495 2616 Appentiice
519 2583 551 2609 ad
580 2583 694 2609 Marcam
720 2583 828 2619 Hispan.
854 2584 904 2611 loc.
930 2586 975 2612 cit.

226 2628 301 2647 num.
319 2629 414 2648 cccxx.

1656 242 1724 277 ⁴89

1024 304 1192 350 parochiali
1216 306 1280 340 sive
1303 306 1509 353 proprietario
1532 306 1600 342 iure
1616 308 1773 354 pertinere

1023 362 1208 396 noscuntur,
1222 355 1273 388 tihi
1291 358 1412 403 tuisque
1424 356 1663 392 successoribus
1678 357 1773 392 libera

1022 415 1147 449 semper
1169 412 1198 438 et
1223 404 1335 438 illibata
1352 413 1532 440 serventur:
1556 406 1677 441 scilicet
1699 406 1775 442 Cer-

1022 452 1181 486 ‹lauit-risis
1205 466 1315 499 pagus,
1332 454 1544 493 Liliianensis,
1566 455 1775 501 Bergitanen-

1021 502 1075 539 sis,
1098 501 1298 541 paliarensis,
1314 503 1567 543 Liliacurcensis,
1590 504 1774 540 Gestabien-

1020 550 1074 592 sis,
1101 549 1322 591 cardosensis,
1351 552 1557 596 Anabiensis,
1583 553 1773 600 Tirhiensis,

1020 607 1049 633 ct
1069 599 1170 633 locuni
1184 602 1228 643 (l)
1243 600 1377 635 Sanctae
1394 601 1551 636 Dcodatae
1567 615 1639 637 cum
1656 605 1771 639 linibus

1019 649 1096 689 suis,
1125 657 1262 684 castrum
1297 649 1337 684 de
1363 649 1481 684 Gisona
1517 663 1588 686 cum
1624 653 1773 689 omnibus

1020 698 1165 732 terminis
1197 699 1284 742 suis,
1319 707 1455 733 castrum
1492 700 1530 733 ‹le
1551 700 1673 736 Lanera
1695 715 1767 737 cum

1020 747 1135 782 linibus
1157 748 1234 787 suis,
1257 756 1394 782 castrum
1418 747 1565 793 Celsona,
1588 759 1617 784 et
1639 752 1770 787 ecclesia

1018 796 1132 831 Beatae
1154 797 1268 832 Mariae
1284 797 1439 832 Celsonae
1457 810 1529 832 cum
1550 799 1698 834 omuibus
1712 801 1770 835 sibi

1020 846 1261 892 pcrtinentibus,
1280 854 1416 881 castrum
1431 847 1540 893 Aguda
1561 848 1600 882 tle
1619 848 1770 884 Vallearia

1018 907 1088 929 cum
1126 896 1241 930 linibus
1273 896 1352 940 suis,
1385 905 1523 931 castrum
1555 897 1670 932 Clusae
1696 911 1768 933 cum

1019 944 1134 979 linibus
1149 946 1226 986 suis,
1246 953 1381 980 castrum
1396 945 1542 991 Figerola
1557 955 1588 980 et
1603 946 1767 982 Fontaned

1017 1006 1090 1028 cum
1114 995 1261 1029 omnihus
1278 1007 1387 1029 eorum
1404 995 1612 1041 pertinentiis,
1629 1004 1766 1032 castrum

1018 1043 1164 1086 Perarva,
1176 1052 1313 1078 castrum
1329 1043 1500 1088 Sallent,et
1514 1045 1583 1080 villa
1592 1045 1773 1081 Montanio-

1018 1092 1065 1126 cel
1092 1101 1121 1128 et
1143 1092 1182 1127 de
1204 1092 1334 1127 Cubilar
1347 1105 1418 1128 cnm
1441 1093 1557 1128 finibus
1578 1107 1700 1134 eorum,
1715 1108 1772 1130 ca-

1017 1150 1116 1176 strum
1159 1141 1349 1177 Corneliana
1389 1154 1462 1177 cum
1497 1144 1639 1178 terminis
1677 1145 1743 1179 suis
1761 1172 1768 1185 ,

1018 1199 1048 1225 et
1082 1191 1202 1226 Tosseu
1235 1204 1306 1226 cum
1342 1191 1457 1226 finibus
1489 1193 1573 1236 suis,
1607 1201 1770 1237 castrum,

1019 1241 1113 1274 turris
1136 1249 1165 1274 et
1188 1241 1257 1275 villa
1283 1240 1429 1279 Bicaran,
1459 1249 1490 1275 et
1515 1241 1586 1276 villa
1616 1242 1772 1277 Archevet

1018 1302 1090 1324 cum
1106 1301 1213 1325 earum
1231 1290 1438 1336 pertinentiiS,
1453 1297 1483 1324 et
1496 1290 1606 1325 vallem
1625 1291 1770 1326 Andorra

1018 1350 1089 1372 cnm
1120 1339 1268 1373 omnibus
1289 1338 1404 1373 finibus
1426 1338 1503 1382 suis,
1531 1349 1668 1374 castrum
1696 1340 1769 1375 Rivi

1018 1387 1151 1432 Mati-ici,
1168 1396 1303 1422 castrum
1327 1387 1503 1428 Colomers,
1525 1397 1663 1423 castrum
1686 1389 1770 1424 Sar-

1019 1437 1084 1477 rcd,
1118 1446 1253 1472 castrum
1290 1438 1425 1481 Arnall,
1457 1445 1594 1472 castrum
1624 1438 1771 1473 Archalis

1018 1499 1089 1520 cum
1109 1486 1258 1521 omnibus
1276 1498 1385 1520 eorum
1409 1487 1624 1533 pertinentiis,
1646 1496 1676 1522 et
1700 1488 1770 1522 villa

1018 1535 1121 1576 Saort,
1133 1544 1162 1570 et
1173 1536 1243 1570 villa
1252 1535 1431 1581 Loguanes,
1443 1536 1550 1570 etvilla
1560 1536 1771 1584 Aquatepida,

1019 1584 1246 1625 Calbiciniano,
1269 1593 1299 1619 et
1322 1584 1452 1625 Feners,
1476 1593 1506 1620 et
1526 1584 1718 1626 Submonte,
1741 1594 1773 1621 et

1019 1634 1121 1677 Alass,
1145 1634 1256 1677 Leton,
1282 1633 1470 1681 Clopedera,
1497 1633 1573 1678 Ges,
1602 1635 1768 1675 Sardinae,

1018 1683 1128 1717 amhae
1151 1683 1343 1727 Nocolouae,
1365 1683 1458 1718 ambo
1473 1682 1648 1724 Boxedera,
1669 1683 1771 1718 villam

1018 1733 1124 1767 Sancti
1148 1732 1313 1780 Stephani,
1348 1740 1379 1767 et
1413 1732 1516 1767 villam
1548 1733 1649 1780 ipsius
1676 1732 1770 1767 Sedis

1019 1782 1211 1828 Urgellensis
1244 1794 1316 1816 cum
1352 1781 1501 1816 omnibus
1535 1794 1642 1816 earum
1674 1783 1771 1829 perti-

1021 1831 1151 1865 nentiis:
1177 1831 1206 1865 in
1230 1831 1408 1865 Ausonensi
1433 1831 1609 1877 parrochia,
1632 1840 1769 1865 castrum

1019 1880 1057 1914 de
1079 1880 1271 1920 Turrizella,
1294 1879 1462 1914 Castelleto
1484 1880 1597 1914 subtus
1614 1880 1770 1921 Menresa,

1019 1929 1104 1964 salvo
1140 1929 1329 1976 parrochiali
1365 1929 1431 1963 iure
1468 1929 1667 1964 Ausonensis
1700 1930 1772 1976 epi-

1018 1979 1116 2025 scopi.
1153 1978 1387 2013 Coufirmamus
1424 1978 1516 2012 etiam
1552 1979 1606 2012 tibi
1641 1979 1769 2025 tuisque

1018 2028 1255 2062 successoribus
1281 2027 1403 2061 tertiam
1428 2035 1547 2073 partem
1573 2028 1686 2062 telonei
1705 2029 1771 2062 sire

1018 2077 1145 2110 mercati
1186 2077 1216 2111 in
1254 2075 1403 2110 omnibus
1443 2076 1520 2110 locis
1552 2077 1590 2111 ad
1631 2084 1769 2110 vestrum

1018 2126 1216 2172 episcopium
1241 2125 1483 2171 pertinentibus,
1507 2125 1661 2171 primitias
1682 2137 1770 2170 quo-

1017 2186 1078 2220 que
1101 2186 1136 2208 ac
1158 2174 1296 2208 decimas
1313 2174 1486 2208 secundum
1510 2175 1678 2208 canonicas
1696 2186 1770 2208 san-

1018 2223 1139 2257 ctiones
1157 2222 1400 2256 distribuendas.
1429 2222 1585 2268 Quicquid
1609 2230 1769 2269 praeterea

1019 2272 1049 2304 iu
1094 2272 1342 2317 praesentiarum
1377 2280 1475 2305 vestra
1515 2271 1655 2306 Ecclesia
1689 2272 1771 2306 inste

1019 2321 1182 2366 possidet,
1216 2321 1280 2354 sire
1317 2321 1345 2354 in
1382 2320 1523 2354 futurum
1558 2321 1639 2355 iuste
1674 2330 1769 2368 atque

1017 2370 1167 2403 canonice
1202 2370 1316 2415 poterit
1356 2369 1513 2416 adipisci,
1548 2369 1603 2403 tibi
1643 2370 1770 2417 tuisque

1017 2418 1256 2452 successorihus
1287 2418 1411 2451 firmum
1439 2430 1564 2464 semper
1591 2419 1770 2464 integrum-

1017 2479 1077 2514 que
1101 2475 1291 2514 permaneat.
1316 2467 1363 2500 Ad
1396 2468 1471 2501 haec
1498 2467 1683 2501 adiicientes
1704 2477 1770 2502 sta-

1018 2517 1148 2559 tuimus,
1172 2524 1201 2550 ut
1226 2516 1410 2562 parrochiae
1438 2525 1556 2550 t'vslt'flt·
1579 2517 1682 2549 cleriei
1703 2517 1769 2550 riul-

1055 2626 1094 2661 (ί)
1114 2626 1234 2652 Forsitan
1255 2628 1335 2652 locus.

1798 260 1849 287 Λι.
1868 259 1897 288 C.
1915 260 1984 288 ¹098

1797 2550 1801 2554 .
1845 2525 1928 2545 statum
1944 2532 1982 2551 cra

1796 2552 1927 2572 immunitate
1943 2554 1983 2573 clt—

1018 2566 1079 2599 lius
1113 2564 1282 2599 saecularis
1322 2566 1483 2611 potestatis
1517 2565 1769 2601 districtionibus
1796 2577 1893 2598 ric-mum.
