2180 3205
13 252 82 290 un.
96 254 126 282 c.
144 254 211 281 ¹¹72

225 307 297 343 tiam
313 317 405 355 agant
431 308 470 344 de
492 317 575 344 tanto
597 321 738 353 (¹,xcessu
751 310 915 345 occasione
936 317 967 344 ct

223 358 430 414 appellatione
452 367 604 400 cessante,
626 359 768 399 mittatis·
790 359 856 394 aliis
877 370 964 398 vei-,o

223 407 276 454 qui
315 409 415 454 magis
454 408 557 443 idonei
602 416 676 443 sunt
690 436 698 449 ,
745 409 963 454 poenitentiam

35 465 90 510 l„
111 462 211 508 :⁰⁸0¹'ff''
223 468 393 503 congruam
417 457 626 512 imponentis,
646 458 730 504 ipsos
746 458 864 492 tamdiu
880 458 965 492 sacia-

46 516 50 518 ’
83 522 123 539 one
137 518 210 539 missa·
224 506 263 541 tis
276 519 291 541 a
305 506 512 541 celebratione
528 507 692 541 missarum
713 519 847 550 cessfiire
861 519 967 554 quam-

54 559 61 567 ”
223 555 276 590 diu
303 557 563 591 exeommunicati
586 565 727 590 cantasse
750 565 931 591 noscuntur.

273 604 386 639 Datum
409 605 592 645 Tusculani,
620 618 637 639 x
661 605 719 640 kal.
739 606 884 640 octobris.

242 665 302 696 Dat.
321 666 367 696 die
382 666 419 696 ⁶2⁶2
439 666 614 706 septembris
633 676 709 696 anno
728 666 841 696 Domini
862 667 946 704 tit-2,

458 711 560 750 pontis.
578 720 654 739 anno
676 720 730 740 xiv.

16 309 29 331 Ι,

15 338 33 359 ’.

538 861 649 896 Lxul.

221 940 369 985 Definitio
382 940 602 973 controversiae
618 940 694 972 inter
709 940 868 973 canonicos
887 940 967 973 Pra-

271 990 359 1023 tensis
385 990 558 1028 Ecclesiae,
581 995 606 1021 el
629 989 797 1022 I’lebnnum
825 990 859 1023 S.
892 990 969 1022 lusti

269 1040 401 1072 eiusdem
423 1038 571 1072 territorii
590 1050 679 1083 super
709 1045 899 1072 mortuorum
927 1050 967 1071 se-

266 1089 397 1133 pultura
418 1089 476 1132 (i).

490 1161 703 1192 SUMMARIUM

221 1228 388 1260 Exordium.
409 1246 449 1251 —
474 1228 652 1259 Huiusmodi
675 1230 872 1259 controversia
895 1229 967 1259 alias

261 1283 275 1303 a
308 1272 439 1303 Summis
460 1271 653 1303 Pontificibus
686 1274 801 1312 cognita
828 1283 861 1303 ac
892 1274 966 1303 desi-

258 1318 337 1348 nita:
354 1335 394 1340 —
410 1317 549 1347 Rationes
569 1323 693 1358 utraque
713 1328 746 1348 ex
763 1323 843 1358 parte
862 1319 966 1348 iterum

259 1362 375 1393 allatae.
397 1379 436 1384 —
456 1361 606 1391 Sententia
628 1362 795 1399 Alexandri,
816 1372 855 1384 —'
875 1362 966 1398 Quam

259 1407 414 1437 confirmat
431 1405 562 1436 Pontifex
587 1423 627 1429 —
643 1406 677 1436 Et
695 1408 821 1446 proprio,
838 1417 870 1437 ac
888 1408 968 1437 card.

258 1450 290 1481 S.
307 1450 341 1481 R.
363 1450 443 1481 Eecl.
460 1451 581 1480 nomine
604 1450 731 1480 roborat.

219 1523 366 1553 Alexander
378 1522 518 1559 episcopus
535 1530 630 1552 servus
642 1530 781 1551 servorum
792 1523 847 1556 Dei,
861 1523 968 1552 dilectis

263 1572 338 1606 tiliis,
357 1572 456 1601 liberto
474 1571 626 1608 paeposito,
660 1573 690 1600 et
707 1572 840 1600 canonicis
859 1573 967 1601 Praten-

265 1622 350 1656 sibus,
367 1621 485 1650 salntem
503 1623 533 1650 et
551 1622 730 1658 apostolicam
747 1622 967 1651 benedictionem.

270 1689 547 1733 Quemadmodum
571 1690 736 1737 aequitatis
759 1690 844 1736 vigor
865 1703 968 1737 expo-

221 1741 315 1776 stulat
347 1750 407 1775 etc.
434 1739 518 1774 Sane
549 1752 620 1774 cum
648 1739 752 1774 dilecti
788 1740 844 1774 filii
872 1740 967 1775 nostri

221 1789 384 1826 Rotandus
404 1797 435 1824 et
460 1789 602 1824 Ubaldus
624 1789 827 1824 concanonici
863 1790 968 1834 vestri,

36 1836 209 1894 Ῐ·“““.“““61·ἴ“·
221 1849 253 1876 et
278 1839 317 1875 Ο.
347 1838 504 1874 Plebanus
522 1838 556 1874 S.
576 1838 651 1873 Iusti
669 1851 724 1886 pro
747 1840 967 1879 controversia,

27 1883 29 1887 ,
52 1878 137 1925 vizi„
149 1879 208 1925 1302}
221 1901 302 1937 quae
323 1889 405 1924 inter
431 1900 485 1923 vos
505 1897 536 1923 et
557 1888 703 1922 eumdem
731 1888 902 1922 Plebanum
919 1901 969 1923 su-

223 1951 278 1985 per
298 1938 416 1986 capella
443 1937 476 1973 S.
499 1937 632 1972 iacobi
626 1950 656 1972 ιιι
684 1938 839 1973 territorio
866 1947 967 1972 restro

221 1988 350 2024 fundata
371 1987 560 2028 vertebatur,
583 1988 614 2021 in
635 1996 739 2022 nostia
758 1995 862 2021 essent
876 1999 968 2034 prae-

220 2038 322 2073 sentia
359 2037 541 2081 constituti,
574 2036 725 2084 praedicti
764 2037 966 2072 concanonici

222 2088 329 2132 vestri,
351 2087 486 2135 qualiter
506 2086 644 2121 iudiciali
668 2087 821 2121 sententia
844 2099 887 2121 sa.
917 2099 968 2121 re-

222 2137 413 2172 cordationis
451 2136 701 2183 praedecessoris
735 2136 832 2171 nostri
872 2136 968 2170 Inno-

221 2186 316 2222 centii
337 2186 400 2221 PP.
423 2185 531 2220 eadem
559 2185 770 2220 controversia
801 2186 966 2220 terminata

221 2235 328 2271 fuerit:
351 2243 382 2270 et
399 2243 460 2270 tam
483 2234 523 2269 ab
545 2247 594 2279 eo,
616 2247 709 2282 quam
737 2247 752 2268 a
782 2235 849 2281 piae
871 2247 965 2268 mem.

221 2292 310 2333 patre
331 2285 571 2332 praedecessore
598 2293 704 2319 nostro
730 2284 875 2330 Eugenio
903 2284 964 2317 ΡΙ).

222 2334 384 2370 diffinitiva
411 2334 524 2369 exinde
555 2334 671 2381 prolata
692 2334 856 2377 sententia,
879 2342 967 2380 post-

221 2383 351 2419 modum
373 2383 553 2418 confirmata
581 2395 685 2418 coram
713 2382 816 2423 nobis,
843 2391 874 2416 et
905 2382 967 2416 fra-

222 2433 324 2468 tribus
344 2433 469 2473 nostris,
497 2440 559 2467 tam
589 2432 759 2479 prudenter
780 2444 873 2478 quam
896 2431 967 2466 lide-

222 2482 292 2518 liter
324 2482 521 2528 allegarunt,
553 2481 712 2516 Plebanus
749 2493 849 2521 vero,
884 2480 967 2527 quod

222 2532 332 2567 eadem
353 2531 471 2579 capella
493 2531 524 2565 in
543 2530 640 2565 fundo
662 2530 764 2577 plebis
789 2542 863 2565 suae
890 2542 969 2564 con-

259 2602 297 2638 (i)
314 2602 403 2630 Edidit
418 2601 530 2637 Ughell.,
547 2601 604 2628 ital.
625 2601 696 2634 Sao„
723 2600 766 2628 ubi
790 2600 824 2628 de
851 2600 969 2628 Pratensi

223 2642 350 2670 Ecclesia.

35 1731 38 1733 Β
56 1745 176 1769 Exordium.

818 254 1013 278 AtJ-:xaxnsstt
1040 254 1076 276 111
1105 254 1151 276 ΙΨ.

1630 243 1697 275 755
1763 252 1812 278 An.
1825 252 1854 278 c
1875 253 1942 279 1172

1005 316 1121 342 structa
1150 307 1253 351 luerit,
1288 314 1317 342 et
1351 306 1433 362 quod
1456 306 1494 342 ad
1517 306 1745 342 ordinationem
1763 312 1874 370 qllssme'f
1884 316 1943 369 1⁰2¹ss

1006 369 1094 391 suam
1122 357 1297 403 specialiter
1312 357 1491 404 pertineret,
1511 357 1690 404 praesertim
1710 370 1747 392 ex
1763 376 1836 396 „emm
1859 374 1899 394 ιιι
1902 376 1914 393 ι
1916 378 1942 394 0

1006 407 1158 440 sententia
1198 407 1270 441 bon.
1300 419 1392 441 mem.
1425 407 1556 441 Actonis
1587 406 1746 453 quondam

1007 456 1207 489 l‘istoiiensis
1240 456 1392 502 episcopi
1425 456 1502 490 satis
1531 455 1697 501 diligenter
1718 464 1749 491 et

1007 513 1185 539 constanter
1199 505 1405 540 asseverando
1418 505 1592 552 proposuit.
1607 505 1639 539 ln
1653 505 1748 540 fundo

1007 566 1081 588 sane
1102 554 1242 589 eiusdem
1278 555 1378 601 plebis
1407 567 1475 589 eam
1503 567 1570 589 csse
1597 564 1749 590 constru-

1007 612 1087 638 ctam
1111 603 1238 651 praesati
1255 604 1458 638 concanonici
1481 605 1572 639 vestri
1596 617 1749 651 recogno-

1009 661 1128 697 verunt,
1155 662 1328 688 asserentes
1351 661 1453 687 tamen
1481 654 1563 700 quod
1593 663 1674 689 esset
1696 667 1748 689 ea-

1007 702 1077 736 dem
1106 702 1223 749 capella
1251 703 1279 736 in
1309 703 1408 748 plebis
1442 712 1560 738 vestrae
1593 704 1749 739 territori0

1007 752 1075 786 sita.
1109 751 1185 790 Nos,
1223 752 1338 786 auditis
1373 751 1542 787 hincinde
1577 753 1748 788 rationibus

1007 801 1173 846 diligenter
1205 809 1235 835 et
1268 801 1419 846 cognitis,
1446 803 1630 837 sententiam
1660 815 1749 850 prae—

1008 851 1081 884 dicti
1122 850 1371 898 praedecessoris
1413 851 1509 885 nostri
1548 852 1723 886 lnnocentii
1739 880 1749 896 ,

1007 901 1087 934 sicut
1107 913 1122 934 a
1147 900 1219 933 bon.
1244 912 1336 934 meni.
1358 907 1443 947 patre
1457 908 1487 934 et
1511 902 1749 947 praedecessore

1009 958 1114 983 nostro
1150 949 1296 995 Eugenio
1335 949 1514 984 confirmata
1556 951 1676 993 suerat,
1711 951 1750 986 de

1008 999 1166 1033 communi
1189 999 1317 1034 fratrum
1342 1008 1519 1034 nostrorum
1541 1000 1749 1038 consiliman-

1007 1048 1749 1094 ctoritate‹luxiinusapostolicaconfirmandam,

1008 1105 1039 1132 et
1054 1106 1112 1132 tam
1132 1098 1234 1132 eidem
1252 1098 1390 1132 Plebano
1405 1110 1497 1145 quam
1513 1099 1750 1134 successoribus

1008 1148 1089 1191 suis,
1111 1155 1141 1182 et
1158 1147 1238 1194 plebi
1257 1148 1315 1182 sibi
1334 1147 1537 1189 commissae,
1562 1157 1749 1195 perpetuum

1008 1209 1104 1243 super
1131 1197 1189 1231 lioc
1208 1197 1367 1232 silentium
1386 1197 1596 1244 imponentes,
1619 1198 1679 1233 hoc
1693 1200 1750 1239 cis,

1008 1246 1182 1281 secundum
1216 1246 1299 1294 quod
1328 1259 1483 1282 canonum
1512 1255 1627 1282 statuta
1654 1260 1751 1295 prae-

1009 1296 1142 1343 cipiunt⁷
1154 1297 1390 1338 reservavimus,
1407 1306 1439 1331 nt
1453 1304 1578 1332 vacante
1594 1297 1750 1344 praedicta

1009 1346 1139 1392 capella,
1168 1346 1382 1393 presbyterum
1414 1346 1584 1385 inveniant,
1607 1355 1637 1382 ct
1663 1347 1751 1382 vobis

1011 1404 1259 1442 repraesentent:
1282 1396 1351 1442 qui,
1373 1396 1398 1430 si
1424 1396 1556 1431 idoneus
1577 1396 1680 1437 fuerit,
1703 1397 1752 1431 in-

1009 1446 1189 1480 vestituram
1216 1445 1366 1492 capellae,
1393 1453 1422 1480 et
1443 1457 1549 1480 curam
1577 1446 1751 1481 animarum

1010 1494 1049 1528 de
1077 1507 1168 1529 mann
1196 1504 1296 1530 vestra
1319 1495 1458 1541 recipiat,
1479 1505 1510 1530 et
1531 1495 1620 1530 vobis
1635 1495 1674 1530 de
1692 1496 1751 1541 spi-

1011 1544 1173 1579 ritualibus
1195 1544 1403 1579 obedientiam
1426 1552 1456 1579 et
1478 1545 1694 1589 reverentiam,
1716 1545 1752 1580 si-

1009 1601 1060 1628 cut
1082 1595 1194 1629 caeteri
1209 1594 1361 1641 capellani
1377 1594 1564 1641 capellarum
1581 1604 1752 1630 vestrarum

1010 1643 1139 1685 faciunt,
1168 1645 1338 1690 promittav,
1365 1652 1395 1679 et
1416 1645 1447 1678 in
1469 1644 1617 1679 omnibus
1643 1645 1753 1679 devote

1009 1692 1170 1734 exliibeat;
1194 1693 1254 1728 illis
1282 1705 1352 1728 vero
1378 1693 1416 1728 de
1438 1694 1662 1740 temporalibus
1689 1693 1752 1728 de-

1009 1742 1079 1777 beat
1113 1743 1180 1777 sine
1214 1743 1458 1778 contradictione
1485 1743 1589 1791 aliqua
1618 1756 1752 1790 respon-

1010 1792 1098 1832 deine
1132 1801 1163 1826 et.
1189 1792 1298 1827 eadem
1328 1792 1458 1839 capella,
1485 1793 1751 1840 quemadmodum

1009 1850 1159 1876 statutum
1198 1850 1268 1886 est,
1308 1842 1390 1889 plebi
1431 1851 1552 1877 ιε5ιιειθ
1591 1851 1751 1889 tamquam

1010 1891 1130 1926 matrici
1146 1891 1169 1924 Ε
1173 1891 1273 1925 cclesi
1269 1904 1303 1925 ie
1322 1893 1351 1926 in
1376 1893 1462 1926 omni
1489 1893 1554 1926 iure
1571 1891 1752 1939 parochiali,

1009 1941 1090 1975 sicut
1122 1941 1260 1987 reliquae
1287 1941 1425 1988 capellae
1453 1951 1583 1982 vestrae,
1613 1941 1752 1976 subiecta

1011 1999 1200 2036 permaneat.
1223 1990 1265 2025 Ut
1291 1956 1394 2026 aultem
1430 1991 1505 2026 baec
1532 1999 1656 2025 nostrae
1694 1991 1751 2025 de-
1780 2007 1845 2034 Quam
1871 2007 1951 2028 confir-

1011 2040 1160 2074 linitionis
1186 2041 1341 2075 sententia
1364 2041 1524 2088 perpetuis
1557 2040 1752 2088 temporibus
1767 2038 1924 2064 m³²p⁰¹¹¹³¹e¹³

1011 2089 1229 2124 inviolabiliter
1251 2089 1448 2130 observetur,
1475 2102 1542 2124 eam
1569 2091 1753 2125 anctoritate

1009 2143 1177 2190 apostolica
1193 2144 1428 2185 confirmamus,
1443 2152 1473 2179 et
1489 2145 1659 2191 praesentis
1674 2145 1754 2180 scri-

1011 2198 1052 2244 pti
1083 2198 1254 2244 patrocinio
1276 2198 1520 2232 communimus.
1544 2198 1753 2233 Decernimns

1010 2263 1094 2297 ergo,
1121 2259 1153 2286 nt
1179 2251 1256 2285 nulli
1284 2252 1413 2286 omnino
1434 2252 1596 2286 hominum
1624 2260 1683 2287 etc.

1058 2305 1130 2339 Eoo
1162 2305 1361 2340 ALexaonn
1394 2307 1564 2341 catholicae
1591 2305 1753 2342 Ecclesiae

1010 2360 1177 2406 episcopus
1198 2371 1240 2393 ss.

1058 2413 1126 2459 Ego
1149 2412 1288 2447 [baldus
1315 2412 1471 2447 Ostiensis
1497 2413 1666 2462 episcopus
1692 2427 1733 2449 ss.

1059 2467 1125 2513 Ego
1149 2467 1328 2502 Bernardus
1354 2467 1503 2503 Portueu.
1519 2477 1549 2503 et
1571 2468 1603 2503 S.
1620 2468 1754 2505 Rufinae

1010 2521 1178 2568 episcopus
1205 2533 1246 2555 ss.

1060 2575 1127 2621 Ego
1150 2575 1283 2610 loannes
1306 2576 1407 2622 presb.
1436 2576 1520 2611 card.
1548 2576 1598 2612 Ss.
1628 2575 1755 2613 Ioannis

1013 2638 1041 2665 ct
1069 2629 1156 2664 Pauli
1180 2630 1225 2664 tit.
1248 2629 1440 2665 Pammacliii
1467 2642 1509 2666 ss.

1776 763 1886 784 Sententia
1894 764 1946 784 Ate-

1764 795 1844 820 xandri,

1781 2321 1804 2342 Ei
1820 2323 1912 2349 proprio.
1927 2329 1950 2343 ac

1768 2354 1824 2373 card,
1840 2353 1860 2373 S.
1877 2352 1892 2373 li
1911 2353 1952 2373 Ec-

1769 2385 1848 2405 clesiae
1866 2385 1950 2404 nomine

1769 2414 1862 2435 roborat.
