2180 3205
143 232 326 261 »1110111111

151 542 268 563 coetesttut
277 541 315 563 PP.

165 574 300 600 subscriptio.

180 2037 300 2059 Exordium.

395 224 461 257 4711

343 289 411 324 loco
433 302 486 325 sua
510 289 576 324 iura
605 287 802 323 servantibus
822 288 861 322 sit
886 301 942 334 pax
966 288 1092 323 Domini

342 340 438 373 nostri
468 339 536 373 lesu
565 337 700 378 Cliristi3
724 346 881 385 quatenus
903 346 933 372 et
956 338 1005 372 hic
1024 338 1091 372 fru—

341 397 424 422 ctum
449 388 549 422 bonae
576 388 708 422 actionis
736 388 920 434 percipiant,
949 395 979 422 ct
1010 388 1091 435 apud

341 437 516 472 districtum
534 437 672 471 Iudicem
697 437 833 484 praemia
849 445 992 472 aeternae
1008 437 1093 485 pacis

341 487 510 521 inveniant.
540 487 652 520 Amen.

388 535 461 571 Eoo
488 536 707 570 Coamsrmt‘s
735 536 907 571 catholicae
935 536 1093 571 Ecclesiae

340 586 510 632 episcopus
533 598 574 620 ss.

389 634 503 669 Datum
531 635 597 670 Lat.
627 647 681 681 per
704 648 831 670 inanum
859 635 989 670 Gerardi
1019 648 1093 670 san-

340 693 406 719 ctae
431 684 590 719 Romanae
616 685 774 720 Ecclesiae
802 685 974 732 presbyteri
1007 685 1091 719 card.

340 742 370 768 et
393 734 630 777 bibliothecarii,
645 746 689 768 xit
704 733 762 768 kal.
781 735 894 778 martii,
910 735 1019 769 indict.
1038 747 1093 777 vlt,

341 783 491 818 incarnat.
517 783 602 817 dom.
626 796 708 818 anno
730 796 868 824 MizthV,
893 784 1093 830 pontificatus

341 845 413 866 vero
440 833 547 867 domni
571 833 741 868 Caelestini
770 833 797 867 lt
826 833 930 880 Papae
962 846 1046 868 anno
1073 844 1091 867 t.

350 888 410 919 Dat.
429 890 475 920 die
496 891 531 920 19
551 890 690 920 februarii
709 891 752 929 (t)
773 899 849 919 anno
868 889 982 920 Domini
1004 891 1085 924 1141,

598 935 699 974 pontis.
723 944 799 965 anno
824 944 840 964 1.

342 1106 543 1149 Priat'leqium
571 1107 813 1150 confirmationis
851 1107 1018 1142 bonorum,
1054 1107 1096 1139 ad

392 1156 426 1188 S.
456 1155 639 1188 Fesulanam
669 1156 831 1188 Ecclesium
857 1156 1092 1199 perimentium,

391 1212 416 1237 et
451 1206 567 1238 iuriwn
604 1206 764 1244 omm'um,
800 1205 931 1238 eiusdem
958 1205 1095 1249 episcopo

390 1255 588 1298 spectantiwn
617 1257 671 1297 (t).

616 1319 829 1349 StutMARtUM

341 1367 511 1398 Exordium.
533 1385 572 1390 —
592 1368 755 1398 Ecclesiam
780 1368 919 1399 chnlan.
947 1370 1002 1399 sub
1026 1379 1095 1409 pro-

385 1414 508 1443 tectione
521 1413 605 1443 Sedis
623 1414 807 1452 Apostolicae
830 1414 931 1453 recipit
952 1414 1096 1452 Pontifex3

383 1457 524 1497 —Eique
538 1457 613 1487 bona
634 1458 730 1487 omnia
748 1458 1095 1494 coristi-ni2113—llloruiti

384 1507 495 1540 partein
520 1507 681 1532 enunierat.
712 1519 751 1524 -—
784 1502 988 1539 Πρώμνη-11111,
1016 1503 1098 1533 obla-

385 1550 515 1583 tionum,
538 1552 565 1575 et
589 1551 828 1575 testamentorum
853 1556 919 1585 pars
943 1548 1018 1577 iuxta
1049 1557 1098 1576 ra-

385 1600 494 1620 nonum
518 1595 623 1620 statuta
656 1592 682 1620 ei
706 1591 855 1629 elargitur.
887 1609 926 1613 —
957 1591 1035 1621 Bona
1062 1594 1096 1622 ad

385 1635 460 1664 hanc
478 1634 640 1664 Ecclesiam
665 1636 839 1674 pertinentia
864 1636 962 1674 diripi,
985 1637 1097 1673 minui,

386 1679 429 1708 vel
452 1680 571 1708 retineri
600 1680 771 1718 prohibetur
794 1680 848 1709 sub
881 1681 945 1710 diro
977 1682 1098 1711 anatlie-

387 1728 473 1753 mate.
496 1742 531 1745 -
555 1723 710 1754 Coelestini
737 1724 787 1754 ΡΙ).
818 1730 845 1754 et
870 1725 896 1755 S.
921 1725 951 1754 R.
975 1725 1004 1754 Ε.
1030 1735 1097 1755 car-

387 1768 529 1797 dinalium
553 1768 798 1808 subscriptiones.

346 1830 511 1858 coelestinus
535 1830 675 1866 episcopus
695 1838 790 1860 servus
817 1839 955 1860 servorum
974 1832 1029 1865 Dei,
1055 1839 1098 1860 ve·

392 1880 508 1908 nerabitt
538 1879 624 1908 fratri
659 1881 771 1909 Ionathe
806 1882 933 1910 resutann
965 1883 1098 1918 episcopo.

392 1929 501 1965 eiusque
525 1930 723 1958 successoribus
748 1931 873 1959 canonice
890 1931 1098 1965 substituendis,

391 1978 420 2006 in
438 1980 609 2015 perpetuum.

398 2028 443 2063 Ex
466 2029 635 2063 commisso
658 2029 749 2065 nobis
776 2043 790 2064 a
819 2030 885 2065 Deo
908 2031 1100 2078 apostolatus

349 2078 464 2119 officio,
487 2078 634 2113 fratribus
659 2080 773 2114 nostris
797 2089 856 2114 tam
877 2081 987 2115 vicinis
1005 2093 1099 2128 quam

349 2128 443 2174 longe
471 2128 580 2174 positis
607 2137 734 2175 paterna
758 2142 815 2164 nos
837 2131 983 2165 convenit
1003 2131 1102 2177 prori-v

350 2178 439 2211 sione
470 2178 653 2218 consulere;
681 2187 710 2213 et
733 2179 897 2219 Ecclesiis,
932 2192 1012 2226 quae
1036 2179 1101 2214 Do-

352 2227 436 2261 mino
458 2227 590 2262 militare
618 2237 811 2273 noscuntur,
839 2241 926 2263 suam
951 2230 1098 2264 iustitiam

351 2288 548 2321 conservare,
568 2284 600 2311 ut
615 2278 896 2324 quemadmodum,
912 2279 1101 2325 disponente

352 2324 506 2366 Domino,
535 2334 638 2373 patres
668 2340 817 2362 vocamur
840 2329 870 2362 in
894 2329 1034 2367 nomine,
1061 2329 1100 2363 ita

354 2375 556 2410 nihilominus
573 2377 818 2423 comprobemus
832 2378 861 2412 in
878 2390 982 2424 opere.
1000 2377 1103 2413 Huius

355 2425 396 2457 rei
421 2425 530 2470 gratia,
553 2425 667 2460 dilecte
691 2427 719 2460 in
750 2427 885 2462 Domino
909 2427 1014 2468 frater,
1032 2440 1103 2474 pre-

924 233 1059 256 nL'LIARt
1067 233 1111 256 ΓΜ
1141 233 1231 256 ROMA
1237 233 1303 256 wat

1136 302 1187 323 ces
1215 299 1282 324 tuas
1311 289 1512 324 rationabiles
1541 289 1712 325 elementer
1738 288 1887 324 admitti-

1136 351 1217 379 mus,
1250 348 1280 374 et
1307 339 1494 374 chulanam
1527 338 1714 380 Ecclesiam,
1746 339 1795 374 cui
1820 338 1886 372 Deo

1135 396 1261 424 auctore
1298 400 1431 436 praeesse
1465 388 1678 434 dignosceris,
1712 388 1772 423 sub
1805 388 1884 422 beati

1136 437 1218 472 Petri
1242 446 1272 473 et
1295 446 1398 473 nostra
1424 438 1619 485 protectione
1635 438 1839 484 suscipimus,
1856 445 1885 471 et

1137 488 1310 534 praesentis
1326 487 1431 534 scripti
1456 487 1616 534 privilegio
1639 487 1884 530 communimus

1135 545 1326 574 statuentes,
1356 545 1387 571 ut
1415 549 1631 584 quascumque
1655 537 1884 583 possessiones,

1135 599 1353 634 quaecumque
1382 586 1462 620 bona
1489 586 1780 633 impraesentiarum
1806 587 1885 620 iuste

1135 644 1164 670 et
1186 637 1335 671 canonice
1360 636 1511 682 possides,
1539 644 1591 670 ant
1616 637 1644 670 in
1670 636 1807 670 suturam
1837 648 1886 669 ra-

1136 686 1339 720 tionabilibus
1363 686 1474 724 modis,
1501 686 1568 719 Deo
1592 685 1736 732 propitio,
1771 686 1886 731 poteris

1135 735 1281 782 adipisci,
1305 736 1391 769 lirma
1416 734 1468 769 tibi
1492 735 1616 781 tuisque
1639 735 1884 775 successoribus,

1135 793 1164 818 et
1188 797 1241 830 per
1264 798 1317 818 ros
1335 784 1510 819 Fesnlanae.
1526 783 1697 824 Ecclesiae,
1720 792 1748 818 et
1769 784 1884 818 illibata

1137 843 1354 879 perntaneant;
1384 835 1412 868 in
1441 833 1557 880 quibus
1581 834 1657 867 baec
1682 834 1815 880 propriis
1831 834 1886 867 dti-

1136 883 1240 917 ximus
1269 883 1473 930 exprimenda
1514 883 1687 917 too-alitilis:
1727 891 1882 917 monaste—

1137 932 1215 967 rium
1249 933 1354 968 Sancti
1382 932 1625 973 B;=i·itiotoimiei,
1653 933 1736 979 quod
1762 932 1886 966 Fesnlis

1136 982 1228 1016 situm
1250 991 1308 1025 est,
1337 984 1559 1016 monasterium
1584 982 1690 1016 Sancti
1715 982 1837 1016 Martini
1855 982 1884 1016 iu

1137 1031 1270 1074 Maiauo,
1294 1032 1520 1066 monasterium
1545 1031 1651 1065 Sancti
1668 1031 1835 1066 Gaudentii
1855 1032 1884 1065 in

1136 1080 1222 1115 Pede
1245 1081 1343 1120 Albis,
1373 1081 1494 1128 plebem
1520 1080 1625 1115 Sancti
1648 1080 1730 1115 Petri
1760 1081 1798 1115 de
1822 1081 1887 1115 Ro-

1137 1142 1245 1171 mena,
1285 1131 1405 1176 plebem
1437 1130 1520 1165 Beati
1559 1130 1640 1164 Petri
1672 1130 1711 1164 de
1742 1130 1885 1171 Cascina,

1138 1179 1260 1226 plebem
1284 1180 1390 1214 Sancti
1418 1179 1544 1214 Ioannis
1566 1179 1604 1213 de
1623 1179 1779 1226 Caprilia,
1814 1180 1887 1226 ple-

1138 1229 1206 1263 bem
1230 1229 1338 1264 Sancti
1361 1229 1494 1264 Lconini
1520 1229 1549 1263 in
1577 1229 1710 1263 Collina.
1740 1228 1888 1263 Caeteras

1138 1291 1209 1313 vero
1244 1286 1305 1313 tam
1336 1279 1442 1325 plebes
1475 1291 1567 1325 quam
1615 1278 1774 1318 ecclesias,
1808 1290 1888 1325 quae

1137 1327 1310 1363 Fesulanae
1337 1328 1497 1363 Ecclesiae
1517 1328 1592 1363 iuris
1614 1340 1682 1362 esse
1702 1335 1887 1369 noscuntur,

1138 1378 1262 1412 castella
1290 1390 1428 1425 quoque,
1464 1378 1561 1421 villas,
1588 1390 1624 1412 ac
1651 1378 1728 1412 alias
1761 1389 1888 1423 posses-

1138 1428 1253 1471 siones,
1280 1430 1363 1462 sicut
1397 1429 1425 1461 in
1455 1428 1616 1474 privilegio
1640 1427 1888 1473 praedecessoris

1140 1477 1235 1511 nostri
1270 1477 1368 1511 bonae
1392 1477 1561 1511 memoriae
1585 1476 1756 1510 lnuoccntii
1786 1475 1888 1522 Papae

1139 1526 1323 1560 nominatim
1349 1527 1435 1561 robis
1458 1527 1640 1561 conlirmata
1672 1534 1761 1559 sunt:
1801 1525 1889 1559 ordi-

1140 1576 1282 1610 nationes
1303 1576 1395 1610 etiam
1424 1576 1655 1623 praedit-torum
1681 1575 1889 1609 monasterio-

1141 1638 1207 1658 rum
1231 1633 1260 1659 et
1289 1625 1521 1671 baptismalium
1550 1625 1775 1665 Ecclesiarum,
1808 1636 1889 1670 quae

1138 1674 1313 1709 Fesulanae
1336 1674 1495 1709 Ecclesiae
1517 1674 1661 1708 subditae
1675 1682 1759 1714 sunt,
1774 1674 1890 1721 alisque

1141 1732 1243 1758 vestro
1270 1736 1398 1758 assensa
1429 1724 1487 1758 sibi
1515 1736 1665 1770 usurpare
1695 1731 1888 1770 praesumat:

1141 1774 1170 1807 in
1200 1773 1327 1820 capellis
1354 1782 1456 1807 antem
1488 1781 1657 1807 vestrarum
1687 1772 1823 1819 plebium
1851 1772 1890 1806 11-

1141 1822 1246 1857 beram
1270 1823 1512 1866 ordinationem,
1535 1830 1564 1857 et
1587 1822 1722 1856 debitam
1745 1822 1891 1857 obedien-

1141 1873 1213 1907 tiam
1236 1872 1355 1919 absque
1383 1873 1514 1907 alicuius
1542 1872 1790 1906 contradictione
1824 1870 1912 1918 pler

1141 1921 1212 1956 bani
1231 1921 1379 1962 babeant,
1401 1922 1479 1956 sicut
1500 1934 1554 1969 per
1572 1921 1769 1968 privilegium
1792 1921 1890 1955 felicis

1142 1971 1311 2006 memoriae
1335 1971 1493 2006 paschalis
1516 1971 1620 2017 Papae
1642 1971 1687 2005 eis
1702 1982 1889 2005 concessum

1142 2030 1208 2055 est:
1240 2021 1321 2055 salva
1360 2021 1476 2068 proprii
1513 2020 1652 2066 episcopi
1675 2020 1778 2054 debita
1802 2032 1892 2054 reve-

1142 2070 1251 2105 rentia.
1280 2070 1402 2105 Partem
1427 2082 1498 2105 vero
1520 2070 1731 2109 deeimarum,
1759 2069 1892 2104 oblatio-

1144 2132 1231 2161 num,
1254 2127 1524 2160 testamentorum,
1547 2127 1577 2153 et
1599 2127 1793 2154 caeterorum
1818 2118 1891 2153 red—

1143 2169 1264 2203 dituum
1284 2169 1580 2213 ecclesiastieorum,
1596 2181 1652 2216 per
1669 2177 1803 2203 vestrum
1823 2168 1892 2215 epi-

1143 2226 1305 2265 scopatum
1356 2218 1529 2253 secundum
1580 2226 1693 2253 statuta
1733 2229 1890 2253 canonum

1144 2268 1231 2302 vobis
1254 2268 1495 2309 conlirmamus3
1525 2275 1565 2307 et,
1590 2275 1621 2302 ut
1644 2267 1727 2302 nulla
1760 2267 1892 2302 ecclesia

1145 2318 1173 2352 iu
1197 2317 1309 2352 eodem
1333 2318 1515 2365 episcopatu
1540 2324 1750 2358 construatur,
1773 2325 1893 2351 etcou—

1144 2375 1258 2401 structa
1297 2367 1416 2414 absque
1461 2376 1560 2401 vestra
1603 2367 1724 2408 licentia
1767 2365 1894 2401 cuilibet

1144 2416 1342 2457 subiiciatnr,
1370 2416 1603 2451 interdicimus:
1632 2416 1712 2450 salva
1735 2423 1837 2450 tamen
1863 2415 1893 2448 iu

390 2481 427 2514 (t)
448 2482 541 2508 Annus
560 2483 625 2509 111111
645 2483 778 2511 bissextus
795 2484 884 2511 babuit
904 2484 972 2511 diem
995 2492 1034 2511 xit
1051 2484 1101 2511 kat.
1122 2465 1126 2511 l
1145 2466 1292 2500 Omnibus
1318 2465 1479 2500 Romanae
1512 2465 1604 2500 Sffdls
1631 2465 1747 2500 i¹¹Sll¹l3
1776 2473 1806 2499 el
1836 2476 1894 2498 au-

355 2517 451 2547 mai-tii,
470 2517 670 2551 respondentem
693 2521 721 2545 19
738 2520 871 2546 [ebra-arii
892 2521 972 2546 Error
989 2521 1103 2554 igituriu
1123 2514 1126 2527 ¹

354 2551 476 2585 Cocquel.
501 2553 564 2579 edit.
588 2558 627 2580 est
649 2555 836 2589 corrigendum
859 2556 891 2581 ibi
910 2557 978 2581 enim
998 2556 1104 2589 ponitur

354 2586 410 2613 dies
428 2588 456 2613 18
473 2588 522 2614 feb.
556 2589 592 2623 (n.
606 2590 644 2623 τ.)
683 2590 721 2624 (2)
740 2591 825 2616 Edidit
838 2591 948 2625 Ugbeth,
963 2592 1018 2618 Ital.
1032 2591 1090 2618 Suc.

355 2625 419 2648 tom.
432 2630 471 2655 nt,
484 2623 526 2649 ubi
539 2623 571 2650 dc
581 2625 712 2659 episcopis
726 2626 868 2653 Fesulanis.

1145 2517 1296 2550 ctoritate.
1321 2515 1530 2550 Decernimus
1556 2528 1649 2562 ergo,
1672 2524 1705 2549 ut
1728 2513 1804 2548 nulli
1824 2525 1894 2547 om-

1147 2566 1219 2599 niur,
1242 2565 1406 2599 lisaninum
1430 2565 1532 2609 liceat,
1554 2564 1695 2599 eamdem
1719 2563 1892 2598 Ecclesiam

1097 2606 1263 2667 ''temere
1286 2614 1478 2662 perturbare,
1506 2623 1557 2649 aut
1584 2614 1651 2649 eius
1678 2612 1894 2661 possessiones

1905 231 1953 258 An.
1972 231 2000 257 C,
2020 232 2081 258 ll'tlt

1915 341 2030 363 Ecclesiam
2043 341 2084 362 Fe-

1901 373 1968 393 sulan.
1985 373 2021 394 sub
2033 379 2084 400 pro-

1910 406 2003 425 tectione
2013 404 2075 425 Sedis

1901 435 2035 462 Apostolicac
2052 441 2085 456 re-

1901 468 1951 493 cipit
1971 466 2076 487 Pontifex.

1927 545 1991 572 Eique
2007 545 2062 566 bona

1914 578 1982 597 omnia
1998 577 2076 597 constr-

1967 611 2008 627 mat

1913 898 1998 919 ntorum
2020 905 2056 926 pur

1901 934 1942 951 tem
1965 935 2066 953 enumera
2177 936 2180 951 1

1926 2080 2064 2103 Decimi-um.

1907 2112 2043 2135 oblationum,
2067 2113 2086 2129 rt

1911 2146 2084 2164 testamentorum

1907 2180 1954 2201 pars
1974 2175 2030 2195 iuxta
2051 2180 2086 2193 rt*

1907 2211 1983 2226 nonum
2011 2207 2088 2224 sti-tuta

1907 2237 1926 2257 ei
1942 2235 2050 2261 elargitur.
