2180 3205
43 255 89 290 An.
107 261 219 289 c.tt715

51 612 220 635 nen-immim-

39 648 92 666 trum
114 650 151 672 pro
173 644 220 665 cle-

39 677 108 698 etione
117 676 219 702 magistri:

69 818 80 832 x

40 810 96 870 peior
127 843 219 863 caeteriÎ‡

40 878 130 901 praeesse
143 873 219 894 debeat

39 904 86 926 loco
99 905 201 930 magistri.

107 811 140 832 his
167 816 219 832 vero

52 1105 81 1128 De
94 1105 155 1126 modo
174 1112 220 1126 nia-

39 1137 98 1163 flistri
120 1136 220 1162 eligendi.

825 259 1018 283 AtAExAann
1046 260 1084 282 111
1112 258 1162 282 PP-

233 313 432 349 solemnitate
453 312 604 349 Omnium
620 313 808 349 Sanctorum
836 315 981 360 generale

233 363 406 410 capitulum
430 371 588 408 teneatur,
615 372 644 398 et
670 363 709 397 sit
732 363 772 397 ibi
795 363 980 397 clericorum

232 421 418 456 conventus,
441 421 472 447 et
496 413 590 460 prior,
612 412 665 460 qui
694 412 830 456 illorum,
853 420 883 446 et
904 412 982 447 alio-

233 474 302 496 rum
338 462 543 502 clericorum,
571 463 623 507 qui
659 461 698 496 de
732 461 845 496 ordine
879 470 981 496 vestro

233 511 361 555 fuerint,
383 523 488 545 curam
510 511 609 558 possit
630 510 760 545 habere:
784 522 820 545 ac
839 510 981 554 fratrum,

233 573 306 595 cnm
328 572 458 595 necesse
484 560 587 600 fucrit,
618 559 776 606 provideat
802 560 979 594 animabus.

234 609 305 644 Sint
331 618 433 644 antem
458 609 621 643 tresdecim
650 609 680 642 in
708 609 819 643 ordine
853 608 981 649 fratres,

234 659 287 706 qui
310 659 473 705 magistro,
499 670 571 693 curn
600 670 680 704 opus
708 658 818 701 fuerit,
845 659 874 692 in
903 671 983 693 con-

234 708 305 743 silio
327 716 356 742 et
390 707 600 754 dispositione
623 707 736 742 domus
762 708 924 751 assistant,
952 715 982 742 et

233 756 370 804 eligendi
400 757 536 803 magistri
560 768 666 791 curam
696 756 829 791 babeant
855 769 982 803 compe-

234 814 363 842 tentem.
386 805 477 840 Prior
503 805 659 852 siquidem
683 805 882 849 clericorum,
909 818 981 840 cum

235 856 382 903 magister
404 856 584 901 migraverit
605 855 644 889 de
672 855 730 889 bac
752 854 834 893 lnce.
862 855 901 889 dc
922 855 983 889 do-

235 917 286 940 mo
315 913 347 939 et
380 905 491 939 ordine
524 904 758 939 solicitudinem
791 913 897 950 gerat3
930 904 980 938 cui

233 955 315 990 sicut
336 955 484 1000 magistro
498 954 618 988 ordinis
640 953 824 988 obedientes
838 954 982 998 existant,

233 1004 335 1039 donec
357 1016 411 1050 per
438 1003 665 1050 providentiam
699 1003 865 1038 tresdecim
894 1015 983 1050 prae-

233 1053 389 1088 dictorum
417 1052 544 1087 fratrum
574 1053 713 1097 magistri
749 1052 860 1086 electio
893 1052 984 1087 cele-

235 1102 351 1137 bretur.
385 1102 425 1141 Is,
452 1115 523 1136 enin
552 1103 700 1135 transitus
727 1102 867 1147 magistri
892 1101 983 1136 fuerit

235 1151 360 1187 auditus
386 1159 415 1186 et
441 1152 597 1197 cognitus,
630 1150 797 1185 tresdecim
825 1151 894 1185 illos
921 1151 984 1186 fra-

235 1210 299 1236 tres
324 1201 393 1235 sine
420 1200 568 1235 dilatione
589 1200 693 1246 aliqua
719 1200 926 1245 convocabit,
954 1208 984 1235 et

234 1250 261 1285 si
288 1250 453 1297 quisquam
487 1262 597 1284 eorum
633 1249 811 1284 infirmitate
844 1250 891 1284 vel
926 1250 983 1284 alia

235 1311 328 1334 causa
355 1299 433 1334 infra
455 1299 680 1346 quinquaginta
709 1298 776 1333 dies
798 1298 908 1334 adesse
928 1311 984 1333 ne-

234 1348 381 1396 quiverit,
408 1360 479 1383 eum
503 1349 634 1383 aliorum
662 1348 803 1389 consilio,
825 1349 879 1394 qui
901 1361 986 1396 prae-

182 1430 185 1433 ,
235 1405 341 1433 sentes
371 1397 502 1438 fuerint,
530 1398 624 1432 alium
650 1397 789 1432 absentis
816 1397 884 1432 loco
906 1410 985 1433 con-

50 1500 170 1523 Trosdocim
182 1499 223 1521 fra-

38 1533 104 1555 tribus
113 1537 160 1552 cum
167 1531 224 1558 prio-

39 1569 69 1590 re,
79 1563 113 1591 qui
120 1563 221 1588 magistro

39 1599 122 1621 temper
144 1594 221 1614 adesso

40 1625 136 1650 debeant,
159 1627 223 1651 pote-

39 1659 82 1677 stas
98 1655 223 1677 conceditur

39 1693 85 1708 eum
93 1686 221 1714 deponendi,

39 1718 106 1745 dequo
121 1717 167 1738 eius
176 1722 224 1737 mo-

40 1748 96 1770 ribus
111 1748 223 1774 inquiren-

41 1780 68 1806 dt,
78 1781 100 1800 et
109 1779 178 1800 causis
189 1784 225 1799 co-

41 1810 163 1837 noscendi.

235 1447 354 1489 stituet,
385 1454 418 1481 ut
440 1447 577 1492 magistri
601 1446 713 1481 electio
735 1459 772 1481 ex
806 1447 984 1494 aliquorum

235 1496 375 1531 absentia
399 1496 528 1530 minime
550 1496 720 1530 differatur.
745 1495 790 1530 llli
815 1509 886 1532 vero
897 1504 985 1532 tres-

236 1545 337 1581 decim
360 1545 481 1591 fratres,
508 1545 533 1579 si
561 1546 719 1591 magister,
743 1546 795 1592 qni
821 1559 876 1593 pro
899 1554 985 1581 tem-

238 1607 312 1642 pore
334 1594 445 1635 fuerit,
483 1595 679 1642 perniciosus
707 1603 757 1629 ant
783 1596 902 1630 inutilis
928 1608 986 1642 ap-

238 1645 386 1691 paruerit,
421 1644 554 1679 consilio
578 1644 690 1691 prioris
715 1644 921 1689 clericorum,
956 1653 986 1680 et

236 1694 370 1729 sanioris
393 1694 489 1740 partis
507 1693 646 1739 capituli,
669 1693 843 1728 maioribus
861 1694 985 1737 domus,

237 1743 415 1789 corrigendi
437 1751 491 1777 aut
511 1744 605 1777 etiam
628 1743 794 1777 amovendi
822 1755 907 1788 euin,
930 1744 986 1777 ha-

237 1792 331 1827 beant
354 1800 549 1840 potestatem.
579 1792 644 1826 Etsi
673 1792 754 1826 inter
779 1804 851 1826 enm
878 1801 908 1827 et
933 1805 986 1827 ca-

239 1841 372 1889 pitulum
400 1842 586 1876 emerserint
607 1842 822 1888 quaestiones,
845 1842 985 1876 debitum

236 1891 283 1925 eis
298 1891 391 1935 [inem
415 1891 591 1938 imponant,
613 1903 652 1925 nc
672 1902 727 1938 per
748 1890 848 1925 aliena
872 1891 986 1926 indivia

236 1940 284 1975 vel
310 1940 466 1975 dilabatur
483 1939 588 1983 Ordo,
618 1939 665 1974 vel
701 1940 884 1986 temporalis
910 1941 988 1975 snb-

237 1989 349 2025 stantia
364 1989 544 2036 dissipetur.
568 1989 602 2024 In
618 1988 736 2024 nullam
751 1997 854 2024 autem
878 2002 914 2024 ex
928 1990 988 2024 boc

239 2038 348 2074 fratres
370 2038 414 2073 illi
442 2038 623 2086 snperbiam
645 2038 825 2080 eleventur3
852 2039 906 2073 sed
927 2051 989 2073 ma-

237 2088 336 2133 gistro
362 2100 419 2123 suo
445 2088 549 2123 devoti
572 2096 602 2123 et
634 2087 817 2122 obedientes
839 2088 985 2123 existant.

238 2137 279 2171 Et
299 2137 325 2171 si
354 2138 426 2185 quis
452 2149 561 2172 eorum
584 2149 621 2172 ex
644 2137 702 2172 bac
723 2138 783 2171 vita
811 2137 987 2178 transierit,

238 2186 287 2221 vel
314 2199 371 2233 pro
397 2187 500 2233 culpa,
523 2199 578 2221 seu
601 2187 658 2221 alia
677 2198 878 2233 quacumque
897 2186 988 2222 fuerit

239 2237 404 2271 occasione
437 2236 619 2277 mutandus,
642 2236 791 2282 magister
812 2248 884 2270 cum
912 2248 988 2270 con-

239 2285 309 2320 silio
344 2285 538 2332 reliquorum
578 2285 706 2320 maioris
743 2286 851 2332 partis,
891 2284 987 2320 alium

240 2333 310 2369 loco
331 2346 397 2369 eius
427 2334 605 2369 substituat.
633 2334 667 2368 In
695 2334 832 2381 capitulo
864 2342 988 2376 autem,

241 2383 325 2430 quod
341 2382 478 2418 diximus
492 2383 584 2418 annis
600 2383 733 2429 singulis
751 2383 989 2428 celebrandum,

242 2431 408 2467 tresdecim
437 2433 485 2467 isti
516 2432 625 2467 fratres
659 2441 689 2467 et
717 2432 990 2467 commendatores

242 2481 420 2525 domorum,
448 2481 506 2516 nisi
534 2481 662 2516 evidens
684 2489 714 2516 et
737 2494 847 2528 magna
869 2493 923 2516 eos
940 2494 992 2516 ne-

242 2531 371 2565 cessitas
402 2530 587 2571 detinuerit,
625 2531 663 2565 ad
701 2538 852 2565 statutum
888 2531 989 2565 locum

244 2580 463 2615 incunctanter
492 2587 678 2620 accurrant,
719 2589 749 2615 et
781 2581 992 2614 communiter

244 2636 390 2674 tractent,
411 2641 491 2677 quac
511 2629 550 2664 ad
567 2629 740 2677 profectum
763 2628 905 2674 Ordinis,
924 2629 991 2664 ani-

1659 242 1729 277 783

1022 325 1207 361 martinique
1241 313 1397 357 salntem,
1435 319 1466 346 et
1489 311 1772 345 substentationem

1021 375 1188 409 corporum
1213 362 1328 396 fuerint
1358 361 1532 396 statuenda.
1564 359 1620 394 Ubi
1646 360 1975 413 praeci-&ulmal-12:Â¹52..-

1024 424 1085 458 pue
1106 412 1143 446 ad
1166 412 1381 446 defensionem
1410 410 1651 445 cliriStianortnn
1674 409 1774 443 inten-
1789 401 1975 445 ulliÂ»..-..lisinii-lis

1023 461 1096 495 dere
1119 469 1319 496 moneantur:
1343 468 1373 495 et
1390 460 1530 495 districte
1554 459 1772 505 praecipiatur,
1789 457 1847 476 â°â¸Â¹â¶Î‡

1023 517 1055 544 ut
1091 511 1121 544 in
1145 510 1337 554 Saracenos,
1373 521 1435 544 non
1465 508 1643 543 mundanae
1672 507 1773 542 laudis

1022 571 1139 599 amore,
1156 572 1218 594 non
1235 559 1391 594 desiderio
1404 558 1566 604 sanguinis
1579 556 1772 601 effundendi,

1023 620 1084 642 non
1108 617 1302 643 terrenarum
1327 620 1430 642 reruni
1447 607 1630 654 cupiditate,
1655 606 1770 640 bellum

1023 665 1172 699 tractent3
1195 658 1247 692 sed
1273 658 1301 691 id
1326 666 1443 691 tantuin
1468 657 1496 690 in
1527 668 1629 703 pugna
1653 668 1707 689 sna
1725 656 1773 689 in-

1024 706 1164 747 tendant,
1189 716 1221 741 nt
1244 707 1289 741 vel
1312 706 1498 741 christianos
1521 706 1559 739 ab
1580 717 1688 740 eornm
1703 713 1773 739 tuc-

1021 764 1113 790 antur
1132 756 1271 797 incursu,
1294 756 1340 790 vel
1360 756 1444 802 ipsos
1462 754 1500 790 ad
1528 754 1684 789 culturam
1699 767 1773 801 pos-

1022 805 1083 839 sint
1109 805 1295 840 christianae
1323 804 1394 839 fidci
1424 815 1604 852 provocare.

1072 853 1236 900 Eligantur
1268 863 1298 889 et
1333 863 1408 889 tunc
1439 854 1615 888 visitatores
1649 852 1772 896 idonei,
1800 866 1829 887 ne
1852 867 1973 887 visitatori-

1022 903 1074 949 qui
1109 904 1221 938 domos
1248 903 1377 938 fratrum
1414 915 1469 950 per
1506 903 1579 937 anni
1619 901 1771 936 circulum
1787 898 1972 949 ssssffgiuffâ°fflÂ¹Â¹Â¹â´Â¹Â¹Â¹e

1023 952 1156 987 fideliter
1183 953 1323 987 visitent:
1352 961 1381 987 et
1406 964 1487 999 quac
1509 952 1550 986 ibi
1578 951 1673 997 digna
1700 963 1774 986 cor-

1024 1002 1160 1037 rectione
1196 1002 1382 1042 invenerint,
1409 1011 1461 1036 aut
1497 1001 1554 1048 ipsi
1589 1000 1773 1045 corrigant,

1022 1051 1134 1085 autad
1163 1052 1308 1096 generale
1335 1051 1508 1099 capitulum
1538 1051 1597 1098 ipsi
1632 1050 1774 1085 deferant

1023 1101 1218 1146 corrigenda.

1072 1149 1185 1185 Clerici
1203 1158 1360 1197 praeterea
1375 1149 1468 1184 vestri
1484 1149 1602 1184 ordinis
1615 1161 1670 1196 per
1685 1149 1773 1184 villas

1023 1206 1054 1233 et
1079 1199 1194 1246 oppida
1216 1199 1310 1234 simul
1340 1206 1496 1240 maneant,
1531 1207 1561 1234 et
1585 1198 1695 1246 priori,
1718 1199 1770 1246 qui

1024 1260 1122 1294 super
1149 1261 1203 1283 eos
1237 1249 1329 1283 fuerit
1363 1248 1549 1288 ordinatus,
1588 1248 1773 1283 obedientes

1023 1298 1168 1332 existant.
1196 1298 1236 1332 Et
1258 1298 1339 1333 filios
1360 1298 1501 1339 fratrum,
1528 1297 1580 1345 qui
1603 1298 1650 1333 eis
1671 1310 1687 1333 a
1707 1310 1774 1333 ma-

1023 1347 1121 1392 gistro
1135 1347 1251 1382 fuerint
1270 1347 1442 1391 commissi,
1465 1347 1620 1381 instruant
1641 1348 1774 1382 scientia

1025 1396 1204 1438 literarum3
1237 1396 1384 1432 fratribus
1411 1397 1504 1431 etiam
1534 1397 1564 1431 in
1597 1397 1656 1432 vita
1678 1410 1773 1445 quam

1026 1446 1056 1480 in
1101 1453 1200 1480 morte
1235 1445 1410 1493 spiritualia
1444 1446 1682 1481 submnistrent.
1720 1447 1774 1481 In-

1025 1495 1162 1530 duentur
1182 1503 1285 1530 autem
1311 1495 1551 1542 superpelliciis,
1585 1504 1615 1530 et
1635 1508 1775 1530 conven-

1026 1552 1091 1579 tum
1115 1553 1145 1579 et
1171 1544 1343 1579 claustrum
1372 1544 1432 1578 sub
1464 1545 1566 1591 priore
1586 1539 1657 1579 â€˜suo
1687 1553 1775 1580 tene-

1026 1594 1115 1637 bunt,
1142 1601 1172 1628 et
1200 1594 1360 1628 humiliter
1387 1594 1511 1633 facient,
1534 1594 1618 1641 quod
1646 1594 1686 1628 ab
1709 1597 1775 1640 ipso

1027 1644 1085 1677 illis
1111 1643 1287 1677 secumlum
1322 1643 1423 1677 Deum
1452 1643 1544 1677 fuerit
1573 1644 1772 1690 imperatum.

1027 1692 1087 1727 Ubi
1111 1693 1220 1727 fratres
1254 1705 1392 1740 qnoque,
1419 1693 1457 1727 de
1485 1692 1602 1738 quibus
1625 1693 1774 1739 magistro

1028 1743 1126 1776 visum
1155 1742 1258 1786 fuerit,
1286 1749 1528 1786 conversentur,
1555 1751 1585 1776 et
1619 1755 1680 1776 non
1712 1743 1775 1777 sint

1026 1791 1129 1832 otiosiâ·
1158 1791 1212 1826 sed
1241 1799 1350 1826 vacent
1376 1791 1509 1826 orationi
1544 1799 1574 1826 ct
1600 1791 1669 1825 aliis
1691 1803 1776 1838 ope-

1028 1840 1115 1875 ribus
1138 1841 1272 1887 pietatis.
1300 1841 1433 1875 Clericis
1460 1853 1533 1875 vero
1555 1841 1593 1875 â€¹le
1616 1840 1777 1875 laboribus

1026 1899 1056 1924 et
1083 1890 1151 1924 aliis
1175 1889 1276 1930 bonis,
1301 1902 1318 1924 a
1346 1889 1412 1924 Deo
1436 1890 1609 1936 praestitis,
1637 1890 1776 1924 decimae

1029 1939 1198 1973 reddantur
1224 1951 1240 1973 a
1263 1939 1420 1978 fratribus,
1445 1939 1526 1974 unde
1549 1939 1644 1973 libros
1658 1947 1778 1974 etcon-

1027 2001 1104 2034 grua
1132 1988 1245 2023 faciant
1279 1988 1490 2023 Ecclesiarum
1519 1996 1720 2033 ornamenta,
1747 1995 1778 2023 et

1028 2038 1059 2071 in
1082 2037 1323 2072 necessitatibus
1358 2049 1527 2085 corporum
1555 2038 1779 2073 convenienter

1027 2091 1086 2126 sibi
1117 2091 1318 2139 provideautÍ¾
1353 2092 1410 2126 etsi
1433 2091 1550 2138 aliquid
1574 2091 1776 2139 superfuerit,

1028 2145 1202 2180 seeundum
1227 2144 1455 2191 providentiam
1479 2146 1617 2192 magistri
1641 2146 1671 2179 in
1702 2158 1779 2180 usus

1029 2211 1200 2246 pauperum
1228 2207 1384 2245 erogetur.

1077 2253 1119 2288 Ut
1145 2261 1248 2286 autem
1285 2253 1455 2288 concordia
1490 2253 1665 2300 caritasque
1697 2253 1779 2288 inter
1798 2271 1977 2298 mmmm,

1030 2319 1083 2341 vos
1110 2315 1262 2350 servetur,
1300 2314 1331 2341 et
1356 2319 1373 2341 a
1413 2314 1540 2353 peccato
1574 2303 1977 2360 detractionisffffissJ'JJ'Jss

1029 2368 1060 2395 et
1087 2360 1344 2395 murmurationis
1380 2361 1485 2395 cuncti
1520 2360 1656 2395 debeant
1681 2361 1976 2417 absit-Â§isgmrqmvffie

1030 2426 1123 2456 nereÍ¾
1151 2414 1204 2461 qui
1226 2413 1465 2449 commendator
1487 2414 1517 2448 in
1540 2414 1682 2461 quolibet
1709 2402 1815 2450 locosu
1831 2401 1941 2417 mmmm
1957 2401 1977 2417 Q

1031 2468 1122 2502 fuerit
1148 2468 1355 2512 constitutus,
1392 2480 1448 2515 pro
1484 2467 1630 2503 facultate
1663 2468 1779 2504 domus

1031 2522 1061 2556 in
1084 2522 1216 2556 sanitate
1243 2529 1274 2556 et
1306 2521 1518 2569 aegritudine,
1553 2522 1781 2570 quodcumque

1031 2587 1111 2622 opus
1138 2574 1241 2620 fuerit,
1267 2587 1339 2610 curn
1361 2587 1396 2611 ea
1418 2576 1618 2611 solicitudine
1631 2589 1668 2611 ac
1683 2577 1783 2612 bene-

1034 2628 1166 2663 volentia
1193 2628 1428 2675 subministret,
1456 2637 1490 2665 ut
1523 2642 1624 2679 neque
1647 2631 1678 2665 in
1702 2631 1783 2667 sub-

1793 255 1886 281 Aine.
1909 253 1975 280 Â¹Â¹75

1800 1162 1829 1182 De
1871 1161 1971 1188 clericis,

1787 1198 1902 1220 eorumque
1912 1194 1973 1213 insti-

1787 1225 1845 1245 tutis.
