2180 3205
161 289 208 316 An.
227 288 254 316 C.
280 290 345 316 1123

188 630 317 650 Exordium.

182 1140 252 1161 Series
263 1140 313 1161 tacti
323 1140 344 1161 ln

159 1167 253 1188 concilio
285 1168 344 1188 Late-

159 1194 248 1214 r-anvnsi
278 1199 344 1220 expo-

159 1221 209 1245 sitm

182 1328 346 1354 Cognitumqne

159 1361 202 1381 qua
213 1357 298 1376 ratione
308 1356 344 1376 Ur-

159 1383 228 1402 banus
238 1382 252 1402 ll
261 1383 345 1402 Pisanis

160 1410 258 1434 archiep.
275 1408 345 1429 Corsi·

159 1441 267 1455 οων-111111
300 1436 344 1460 epi—

160 1468 278 1488 sc==porum
294 1467 345 1482 con·

160 1490 251 1509 cesserit
267 1494 345 1509 conse-

159 1519 297 1539 crationem:
321 1521 346 1536 ac

160 1544 302 1568 postmodum
319 1543 345 1562 ad

160 1574 184 1589 se
202 1570 345 1590 revocaverit.

209 1883 257 1908 Quo
273 1887 346 1904 motus

159 1911 262 1935 exempto
308 1911 345 1930 Pa-

160 1936 238 1957 senatis
268 1937 345 1958 Pontis.

160 1964 249 1984 eosdem
260 1965 346 1989 episco-

161 1995 200 2014 pos
215 1991 260 2011 suis
277 1992 342 2012 mani-

161 2017 205 2047 bus·
230 2023 346 2039 consecra-

162 2047 230 2064 verit:

187 2267 286 2287 Gelasius
295 2272 346 2287 vcro

161 2293 237 2313 datum
244 2294 298 2314 Pisis
306 2295 347 2318 pri-

163 2320 268 2344 vilegium
276 2336 282 2344 ,
305 2321 347 2340 Ro-

162 2351 210 2367 rnae
219 2350 347 2370 cassaveritz

421 262 489 294 551

419 323 536 354 Pisanis
564 322 713 352 silentium
743 321 925 360 impositum.
952 338 992 343 —
1019 321 1127 352 Solitae

415 368 566 397 clausulae
595 366 843 395 confirmator-iae.
870 381 911 387 —
939 364 1042 402 Calixti
1072 366 1126 395 PP.

416 417 443 441 et
467 411 494 441 S.
511 411 544 440 R.
562 410 592 440 E.
611 411 806 446 cardinalium
827 410 1070 449 subscriptiones.
1089 428 1128 433 —

370 472 474 502 Catixtus
491 473 610 511 episcopus
624 481 701 502 servus
710 481 826 502 servornm
839 471 891 508 Dei,
905 471 996 502 dilectis
1007 471 1125 510 fratribus,

409 522 431 546 et
453 518 593 556 coepiscopis
610 526 650 555 pct·
660 517 758 546 insulani
768 517 873 548 Corsicae
885 519 1023 557 constitum,
1036 526 1126 547 eornm<

409 571 452 600 que
474 560 652 599 successoribus,
672 561 694 590 in
716 566 866 601 perpetuum.

418 620 504 662 Quot
528 620 729 659 mutationes,
754 629 830 667 quot
854 621 968 668 scripta
991 621 1071 655 inter
1092 632 1125 654 se

370 669 492 704 diversa
515 669 554 703 de
577 669 688 704 vestris
715 669 794 704 facta
822 671 885 704 sint
911 669 1125 705 consecratio-

371 719 479 763 nibus,
514 727 578 753 tota
607 719 666 753 iarn
695 731 775 765 pene
807 720 954 765 cognovit
982 719 1122 766 Europa:

371 768 473 809 unde,
500 769 637 814 peccatis
659 768 872 814 exigentibus,
907 769 1004 803 multa
1031 780 1124 803 scan-

369 818 456 857 dala,
485 819 601 852 multae
635 818 745 852 caedes
787 826 817 852 et
851 819 990 865 rapinae,
1028 819 1122 852 multa

369 868 462 902 etiam
486 867 655 901 homicidia
694 875 786 913 atque
810 867 944 914 periuria
970 879 1123 914 provene-

370 925 453 951 ruut.
479 914 699 958 Quamobrem
733 916 877 951 Romana
900 916 1040 950 Ecclesia
1076 917 1123 950 le-

370 966 472 1000 vitatis
507 974 537 1000 et
559 966 785 999 inconstantiae
809 977 824 999 a
843 965 1062 1012 compluribus
1078 977 1123 998 ar-

369 1015 534 1062 guebatur,
569 1027 606 1049 eo
628 1014 713 1061 quod
737 1014 802 1060 ipsa
831 1014 1007 1048 discordiae
1031 1015 1122 1048 liuius

369 1065 573 1100 seminarium
620 1072 650 1098 et
684 1065 807 1098 occasio
843 1063 1018 1098 videbatur.
1057 1062 1122 1097 Nos

371 1115 474 1161 itaque
510 1114 538 1147 in
574 1113 761 1160 praeterito,
796 1113 880 1160 qnod
910 1126 1011 1159 nuper
1038 1115 1122 1147 cele.-

370 1163 530 1198 bravimus
547 1162 702 1206 Laterani,
724 1164 859 1197 concilio
882 1163 976 1197 totins
1005 1163 1120 1208 negotii

371 1213 464 1247 buius
491 1213 604 1247 seriem
636 1224 740 1246 coram
777 1212 930 1246 universis
961 1212 1120 1255 fratribus,

369 1263 422 1309 qui
451 1262 618 1296 nobiscum
653 1261 793 1301 aderant,
821 1262 1046 1308 exposuimus,
1077 1262 1122 1294 vi-

370 1312 484 1346 delicet
504 1311 653 1358 quoniam
678 1310 776 1345 felicis
804 1312 973 1345 memoriae
996 1310 1123 1356 praede-

371 1373 477 1396 cessor
506 1369 611 1395 noster
632 1359 716 1407 Papa
740 1359 901 1403 Urbanus,
935 1361 1121 1394 necessitate

369 1411 506 1457 quadam
538 1409 738 1456 compulsus,
772 1409 1016 1444 Corsicanorum
1050 1410 1121 1456 epi-

370 1472 540 1507 scoporum
562 1460 829 1493 consecrationem
850 1472 903 1505 per
924 1459 1118 1505 privilegium

370 1522 463 1544 sunm
494 1509 623 1543 antistiti
648 1508 761 1543 Pisano
788 1510 959 1548 concessit,
992 1508 1045 1554 qui
1076 1517 1120 1542 tu-

372 1571 442 1593 men
467 1557 681 1605 postmodum,
715 1566 744 1592 et
770 1557 933 1591 Romanae
960 1557 1120 1591 Ecclesiae

370 1607 552 1643 scandalum
577 1607 815 1653 pertimescens,
838 1615 868 1640 et
890 1619 1015 1653 gravem
1040 1606 1120 1641 inter

370 1657 506 1691 Pisanos
527 1666 557 1691 et
578 1656 748 1690 Ianuenses
775 1656 849 1690 oriri
872 1655 1060 1690 discordiam
1081 1657 1120 1689 vi-

371 1707 467 1746 dens,
501 1706 738 1740 concessionem
773 1706 872 1752 ipsam
912 1706 1056 1743 mutavit,
1091 1714 1121 1739 ct

370 1765 588 1790 antecessores
610 1763 746 1795 vestros,
779 1756 861 1788 sicut
883 1755 979 1789 moris
1001 1754 1118 1793 suerat,

371 1806 437 1839 suis
464 1805 610 1839 manibus
632 1805 837 1838 consecravit.

418 1854 494 1889 Post
510 1854 610 1893 bunc,
635 1855 703 1900 piae
726 1853 951 1888 recordationis
972 1852 1121 1887 dominus

369 1903 454 1950 Papa
484 1903 653 1942 Pascbalis,
680 1915 871 1949 quamquam
895 1903 924 1935 in
954 1903 1066 1944 multas
1091 1910 1120 1935 ct

371 1953 569 1999 gravissimas
592 1952 770 1986 devenisset
787 1953 1002 1989 necessitates,
1025 1951 1120 1986 nullis

370 2011 474 2036 tamen
515 2001 662 2048 precibus
699 2008 751 2035 aut
789 2001 1052 2048 promissionibus
1083 2001 1118 2034 ad

371 2051 431 2086 hoc
459 2051 564 2085 induci
589 2051 706 2097 potuit,
743 2057 775 2084 ut
798 2050 972 2097 praedictas
999 2050 1120 2084 Pisanis

372 2101 509 2135 firmaret
535 2101 777 2140 concessiones3
812 2099 867 2133 sed
898 2100 1121 2145 praedecesso-

374 2163 441 2184 rum
471 2157 642 2184 vestrorum
679 2145 931 2184 consecrationes
958 2149 1119 2183 Romanae

373 2199 533 2234 Ecclesiae
551 2199 757 2233 conservavit.

421 2248 522 2283 Cuius
543 2260 707 2283 successor
723 2247 806 2293 Papa
825 2247 983 2291 Gelasius,
1012 2247 1120 2281 maiori

372 2298 542 2344 etgraviori
560 2299 744 2332 necessitate
761 2297 859 2331 Roma
883 2298 967 2332 exire
983 2307 1120 2335 coactns,

373 2355 625 2382 transmontanas
662 2355 764 2394 partes
796 2347 919 2393 navigio
955 2346 1120 2385 adeundo,

376 2396 574 2442 privilegium
603 2396 698 2439 idem,
725 2396 848 2443 quoda
880 2395 1010 2430 domino
1038 2395 1120 2441 Papa

375 2444 503 2479 Urbano
535 2446 573 2480 de
607 2446 841 2479 consecratione
873 2453 970 2479 vestra
1000 2444 1122 2479 Pisanis

375 2494 522 2528 collatum
545 2494 656 2537 fuerat,
683 2507 753 2529 cum
781 2494 870 2528 Pisas
898 2495 1043 2538 venisset,
1072 2505 1123 2527 rc-

376 2544 516 2577 novavit:
545 2544 628 2590 quod
657 2552 760 2577 tamen
786 2544 1006 2590 postmodum,
1034 2555 1123 2578 cam-

375 2591 446 2625 dem
469 2591 656 2626 Pisanorum
683 2602 711 2626 et
738 2592 939 2626 lanuensium
963 2594 1124 2640 perturba-

375 2641 491 2675 tionem
515 2641 722 2688 prospiciens,
743 2642 926 2676 annullavit.

977 268 1162 291 numanum
1191 268 1356 291 nomast„

1219 322 1283 357 Nos
1304 323 1409 366 etiam,
1431 323 1484 369 qui
1508 335 1617 359 eorum
1639 325 1719 366 loco,
1745 325 1808 360 imo
1832 325 1915 361 beati

1936 283 1986 311 An.
2006 282 2120 311 &1123

1961 336 2025 363 Quod
2046 340 2120 363 ροειει

1936 363 2022 384 tactum
2042 364 2070 384 ab
2083 369 2120 384 eo-

1168 371 1265 416 Petri,
1294 372 1365 406 licet
1391 372 1523 418 indigni,
1551 376 1772 418 successimus,
1799 375 1838 409 de
1862 375 1918 409 ut-
1935 391 1985 411 uem
1998 390 2090 415 canza„

1170 422 1374 456 tramontauis
1407 421 1548 468 partibus
1580 423 1618 457 ad
1654 423 1762 458 urbem
1792 424 1917 459 accele-

1168 479 1282 510 rantes,
1305 470 1393 504 Pisas
1420 470 1617 515 devenimus,
1651 472 1704 506 ubi
1732 473 1916 508 eorumdem

1169 520 1446 566 praedecessorum
1469 529 1647 555 nostrorum
1670 520 1788 556 Urbani
1804 530 1834 556 et
1847 521 1913 557 Ge-

1168 570 1233 604 lasii
1267 571 1394 615 vestigia
1424 569 1596 614 subsecuti,
1635 570 1777 605 eiusdem
1809 571 1916 618 populi

1168 618 1314 664 precibus
1346 631 1381 653 ac
1417 619 1583 654 devotione
1604 619 1738 660 devicti,
1773 621 1915 656 eamdem

1167 668 1384 702 innovavimus
1406 669 1655 703 concessionem.
1683 668 1765 704 Cum
1789 682 1860 704 vero
1877 670 1916 705 ad

1167 719 1273 752 urbem
1299 730 1353 764 per
1381 718 1436 752 Dei
1463 719 1593 764 gratiam
1629 720 1844 763 venissemus,
1878 719 1917 754 de

1167 766 1245 801 facto
1282 779 1404 801 nou.....
1428 767 1503 801 cleri
1549 775 1577 802 et
1617 768 1724 814 populi
1764 779 1914 803 commo-

1166 816 1282 850 tionem
1306 816 1492 856 invenimus,
1512 826 1542 850 et
1564 817 1648 864 quod
1664 818 1693 851 in
1710 818 1915 853 concessione

1166 865 1236 909 illa,
1267 878 1347 912 qnae
1369 874 1454 900 extra
1483 867 1610 907 urbem,
1646 874 1676 901 et
1709 878 1780 901 cum
1805 867 1913 913 paucis

1166 914 1242 949 facta
1265 914 1375 953 fuerat,
1397 914 1540 949 Romana
1562 915 1701 950 Ecclesia
1724 915 1915 951 diminutio-

1166 976 1235 998 nem
1265 964 1449 1010 patiebatur,
1477 972 1507 998 et
1541 965 1635 999 totins
1655 965 1842 1009 discordiae,
1878 973 1912 1000 ut

1164 1012 1284 1046 dictum
1306 1020 1364 1052 est,
1388 1013 1562 1047 ministrare
1579 1013 1718 1048 fomitem
1737 1014 1911 1049 vid-ebatur.

1163 1061 1228 1096 Nos
1261 1063 1364 1108 itaque
1409 1070 1478 1108 post
1516 1063 1645 1097 multam
1685 1071 1716 1098 ct
1757 1063 1912 1099 diutinam

1164 1111 1432 1150 deliberationem,
1448 1113 1681 1146 communicato
1693 1113 1823 1147 consilio
1838 1126 1912 1148 cum

1164 1161 1310 1195 fratribus
1332 1160 1446 1194 nostris
1465 1162 1622 1208 episcopis
1639 1170 1669 1196 et
1688 1162 1913 1207 cardinalibus,

1163 1218 1256 1256 atque
1296 1209 1453 1244 nobilibus
1486 1209 1724 1251 Rotnan02um,
1764 1223 1821 1246 ncc
1848 1224 1912 1246 non

1164 1262 1259 1294 multa
1286 1259 1360 1293 cleri
1388 1267 1419 1293 et
1447 1259 1552 1305 populi
1588 1260 1803 1305 multitudine,
1839 1273 1909 1295 eas-

1163 1308 1232 1343 dem
1257 1309 1476 1343 evacuavimus
1498 1310 1735 1347 concessiones;
1757 1310 1788 1344 et
1822 1310 1910 1345 vobis

1162 1370 1198 1392 ac
1218 1358 1456 1392 successoribus
1479 1360 1589 1393 vestris
1606 1359 1804 1406 ,apostolicae
1817 1359 1911 1394 Sedis

1163 1408 1322 1453 privilegio
1337 1408 1499 1452 antiquam
1517 1409 1708 1442 restituimus
1725 1408 1912 1450 libertatem,

1162 1465 1190 1490 et
1212 1456 1337 1491 fratrem
1369 1465 1509 1490 nostrum
1537 1458 1697 1501 Sagonem
1725 1458 1910 1505 episcopum

1163 1507 1275 1540 nostris
1293 1515 1450 1553 tamqnam
1469 1506 1549 1540 beati
1573 1506 1656 1540 Petri
1673 1507 1821 1541 manibus
1837 1519 1910 1541 con-

1162 1557 1365 1596 secravimus,
1388 1567 1468 1601 quae
1492 1556 1614 1589 tandem
1638 1557 1753 1603 scripta
1775 1556 1814 1590 ab
1828 1558 1911 1603 Apo-

1161 1605 1268 1639 stolica
1291 1605 1373 1639 Sede
1397 1605 1519 1650 utrique
1536 1605 1614 1651 parti
1637 1604 1746 1639 collata
1770 1605 1801 1640 in
1823 1618 1912 1653 prae-

1161 1655 1259 1688 seutia
1294 1654 1482 1688 pisanorum
1517 1663 1546 1688 et
1572 1654 1794 1698 Ianuensium,
1829 1667 1911 1702 quos

1163 1716 1217 1750 pro
1245 1704 1386 1737 eiusdem
1425 1705 1541 1748 negotii
1577 1703 1764 1738 diffinitione
1794 1717 1829 1739 ac
1865 1707 1910 1747 (1)

1162 1753 1332 1787 concilium
1354 1764 1594 1790 vocaveramus,
1626 1765 1731 1787 coram
1755 1753 1910 1788 universis

1161 1803 1421 1849 archiepiscopis,
1454 1801 1627 1848 episcopis,
1654 1802 1839 1843 abbatibus,
1874 1815 1910 1837 ac

1163 1851 1278 1897 reliqua
1311 1852 1383 1885 cleri
1412 1858 1442 1885 et
1466 1852 1573 1898 populi
1602 1851 1804 1886 multitudine
1834 1851 1912 1887 seci-

1162 1913 1232 1934 mus
1256 1901 1395 1939 recitare,
1417 1908 1447 1934 et
1475 1900 1589 1934 factum
1612 1909 1767 1944 nostrum,
1789 1901 1829 1935 de
1846 1912 1909 1947 quo

1163 1949 1237 1983 nulli
1263 1949 1438 1984 mortalium
1463 1949 1600 1984 indicare
1634 1962 1818 1984 concessum
1850 1957 1909 1990 cst,

1162 1998 1290 2033 fratrum
1334 2006 1511 2033 nostrornm
1560 1999 1690 2033 consilio
1725 2008 1755 2033 et
1793 1999 1910 2034 iudicio

1161 2048 1378 2082 commisimus
1401 2048 1589 2082 finiendum:
1614 2059 1651 2082 ex
1677 2048 1791 2096 quibus
1817 2048 1909 2083 electi

1162 2106 1234 2131 suut
1258 2097 1390 2135 iudices,
1413 2097 1468 2144 qui
1489 2097 1575 2131 omni
1593 2097 1779 2132 videbantur
1805 2097 1909 2144 suspi-

1162 2147 1252 2181 cione
1274 2159 1395 2181 carere:
1423 2159 1557 2193 quorum
1582 2147 1710 2181 nomina
1731 2155 1804 2181 sunt
1819 2147 1906 2181 baec:

2004 699 2027 720 ln
2041 699 2121 720 eodem

1937 726 2010 749 itaque
2027 725 2122 747 conc-itio

1935 757 2019 773 cassata
2033 755 2085 773 suut
2099 758 2124 781 11·

1938 785 1996 800 inuia
2011 780 2064 800 haec
2079 783 2123 805 pri·

1937 806 2025 832 vilegia.

1164 2196 1314 2242 patriarca
1335 2196 1517 2238 Veneticus,
1545 2195 1751 2235 Viennensis,
1784 2196 1910 2230 Raveu-
1944 2239 1954 2247 .

1164 2244 1429 2292 nat.,Capnauus,
1444 2245 1670 2283 Salernitanus,
1686 2245 1909 2285 Narbonensis,

1163 2295 1369 2342 Sypontinus,
1387 2295 1637 2332 Panormitanus,
1655 2294 1815 2334 Birensis,
1829 2293 1909 2328 Nea-

1165 2345 1337 2388 politanus,
1388 2344 1652 2386 Tarraconensis,
1697 2342 1909 2383 Semnensis,

1163 2393 1426 2439 Burdegalensis,
1468 2392 1711 2439 archiepiscopi:
1751 2391 1909 2438 episcopi,

1164 2441 1365 2482 Vivariensis,
1374 2442 1541 2481 Troianus,
1550 2440 1789 2487 Magolanensis.
1801 2441 1913 2474 Asten-

1163 2492 1217 2530 sis,
1249 2499 1279 2525 et
1301 2491 1350 2525 alii
1373 2491 1551 2537 complures
1572 2491 1624 2537 qui
1648 2490 1678 2523 in
1703 2497 1819 2536 partem
1848 2489 1910 2523 La-

1164 2540 1338 2574 terauensis
1366 2540 1468 2586 palatii
1497 2540 1691 2579 secedenteS,
1727 2546 1756 2573 et
1782 2550 1909 2573 causam

1166 2598 1259 2623 totam
1288 2589 1412 2636 utrique
1439 2591 1483 2632 (Ξ)
1509 2588 1690 2633 diligentius
1716 2587 1911 2634 indagantes.

1200 2655 1238 2689 (l)
1256 2655 1334 2682 Forte
1358 2657 1428 2680 ante.
1468 2652 1508 2688 (21
1535 2653 1613 2680 Forte
1630 2655 1767 2686 utrinque.
1798 2653 1836 2688 (n.
1856 2652 1895 2688 τ.)
