2180 3205
137 270 185 297 An.
203 269 230 297 C.
255 269 322 297 1102

157 360 180 380 ln
188 359 271 380 villulis,
280 365 323 380 mu-

136 385 222 411 nieipits
240 388 261 405 et
275 391 324 411 par-

137 412 168 432 vis
199 412 323 432 civitatibus

144 444 184 459 uon
213 438 323 459 ordinandi

138 465 240 491 episcopi.

164 570 200 590 Sic
228 573 322 590 statuen-

138 596 187 617 dum
203 597 228 617 de
245 597 322 622 oppido

145 623 258 643 Laveltano
287 623 321 649 qui

137 649 262 674 Melphiensi
279 656 322 675 epi-

137 681 202 700 scopo
238 677 322 696 omnino

137 702 260 723 subtieuur:

165 1110 201 1131 Cui
212 1113 323 1137 praeterea

138 1138 288 1159 confirmantur
301 1143 324 1157 a·

137 1165 166 1186 tia
175 1164 233 1185 bona
241 1163 324 1184 adnisi·

138 1191 249 1217 phiensem
283 1190 324 1211 Ee-

137 1218 223 1238 elesiam
259 1217 323 1243 perti-

137 1245 216 1268 nentia,
225 1249 250 1264 ac
263 1249 324 1269 prae-

137 1271 200 1296 cipue
236 1270 298 1290 dona!
303 1276 323 1290 ιο

137 1297 225 1323 Rogerii
255 1296 322 1317 ducis.

169 1939 220 1960 Cum
234 1940 328 1964 decreto,

141 1969 165 1987 ut
192 1967 288 1992 episcopi
316 1973 328 1987 a

142 1992 203 2014 Rom.
226 1992 328 2014 Ponufiee

143 2022 300 2040 consecrentur.

170 2186 251 2208 Sotitae
273 2187 330 2208 clau-

143 2214 209 2235 sutae.

403 242 472 274 220

353 313 479 360 ceptum
508 303 700 351 accepimus,
724 315 762 337 ne
789 302 820 337 in
848 301 929 336 villis
950 309 1002 336 aut
1030 314 1103 336 mu-

355 355 494 401 nit-ipius,
530 354 574 387 iot
613 354 642 387 iu
672 352 803 386 modicis
833 351 1010 386 civitatibus
1049 363 1104 386 or-

352 404 500 437 dinentur
538 402 702 449 episcopi;
744 413 893 446 magnum
934 401 1016 435 enim
1056 409 1102 435 est

352 452 447 486 Eccli
451 451 513 485 siae
529 451 772 487 detrimentum
795 462 866 484 cum
881 450 1102 497 episcoporum

352 513 443 534 noni<
449 513 466 534 ιι
492 511 527 534 -ιο
559 500 613 545 dig
605 500 696 534 nitas
730 499 900 546 frequentia
934 499 1103 553 inopiaque

353 550 481 583 iiltscit
518 528 622 583 Hunis
656 560 713 583 nos
748 548 959 595 proiidentiae
987 548 1102 582 iustitia

351 598 546 642 commoniti,
569 597 741 644 praesentis
769 597 885 632 decreti
918 597 1102 631 authoritate

352 647 434 681 iuxta
463 647 516 682 Ss.
548 647 674 682 Patrum
700 654 815 681 statuta
848 646 1026 686 sancimus,
1062 657 1101 680 ne

352 697 382 731 in
405 696 574 731 Laiellano
596 695 727 743 oppido,
749 695 833 743 qnod
858 695 1013 742 Melphiae
1034 707 1103 749 pro-

352 746 470 780 ximum
498 753 560 786 est,
596 746 661 780 ullo
689 745 839 791 deinceps
862 753 1003 790 tempore
1030 756 1102 790 epi-

351 794 487 840 scopalis
513 794 661 829 cathedra
696 801 865 833 statuatur-3
894 794 997 839 ipsum
1030 805 1101 827 xero

351 843 503 889 oppidum
531 856 601 877 cum
627 843 824 890 pertiuentiis
851 850 880 876 et
907 842 1022 876 tinibus
1036 842 1101 876 suis

352 893 419 935 tibi7
452 892 639 927 venerabilis
662 892 755 926 frater
781 891 938 926 Gulielme
964 891 1102 937 Melphi-

351 942 436 976 ensis
463 942 626 988 episcope,
655 941 778 987 tuisque
805 940 953 985 legitimis
974 951 1101 974 succes-

351 991 477 1025 soribus
511 999 661 1037 perpetuo
695 988 867 1035 regendum
909 997 939 1022 et
976 989 1102 1035 episco-

353 1039 414 1086 pali
461 1040 526 1073 iure
574 1038 767 1077 tenendum,
804 1037 1101 1084 disponendumque

352 1089 526 1123 firmamus,
549 1088 712 1122 Praeterea
727 1086 829 1120 villam
848 1086 1002 1126 Salsulae,
1021 1086 1101 1120 Gau·

351 1137 492 1177 dianum,
514 1136 732 1184 possessiones
764 1135 798 1170 S.
820 1135 946 1170 loannis
978 1135 1016 1169 de
1047 1135 1101 1169 Ili-

353 1194 421 1220 ceto
449 1186 488 1220 ita
522 1197 648 1233 semper
675 1186 706 1219 in
737 1185 862 1231 propria
897 1184 1101 1230 Melphieusis

351 1235 513 1269 Ecclesiae
545 1234 744 1282 possessione
779 1245 962 1280 permanere
990 1245 1102 1268 cense-

353 1297 440 1327 mus,
467 1284 549 1318 sicut
575 1296 590 1318 a
621 1283 684 1317 filio
712 1291 819 1317 nostro
854 1283 933 1317 duce
964 1283 1102 1328 Rogerio

352 1334 416 1367 suis
444 1332 638 1379 temporibus
658 1332 808 1371 traditae,
840 1339 870 1366 et
893 1331 1102 1378 chirographo

352 1382 555 1417 confirmatae
581 1389 672 1422 sunt;
706 1381 765 1415 hoc
787 1381 889 1427 ipsum
914 1380 1099 1414 Iudaeorum

353 1443 462 1474 censu,
491 1431 672 1465 balnearum
704 1429 824 1474 reditu⁷
852 1430 1102 1475 villanorumque

353 1480 578 1525 vectigalibus,
614 1479 822 1522 molendinis,
856 1478 965 1518 vineis,
1000 1479 1101 1524 agris,

353 1530 523 1562 caeterisve
552 1528 655 1568 rebus,
678 1540 755 1574 quas
783 1528 861 1561 iutra
889 1527 936 1561 vel
959 1535 1044 1561 extra
1063 1528 1103 1561 ci-

353 1578 478 1618 vitatem
506 1577 661 1623 Melphiae
685 1577 765 1611 idem
782 1577 843 1610 dux
867 1576 1027 1610 Ecclesiae
1050 1588 1102 1611 ve-

353 1636 435 1660 strae
457 1626 589 1660 contulit
618 1625 790 1672 praesentis
814 1625 965 1672 privilegii
991 1626 1101 1670 pagiua

353 1675 591 1710 constituimus:
618 1676 654 1709 ad
679 1675 749 1717 hoc,
784 1674 933 1721 quicquid
957 1674 1003 1708 vel
1030 1686 1102 1720 pro-

355 1725 514 1769 prietario,
537 1725 581 1758 vel
598 1724 737 1757 baronali
754 1723 819 1757 iure
838 1723 979 1757 Ecclesia
1005 1731 1101 1757 sestra

355 1774 385 1807 in
409 1774 655 1820 praesentiarum
679 1772 812 1813 obtinet,
831 1772 896 1806 sive
913 1772 943 1806 in
962 1772 1102 1806 futurum

355 1822 505 1867 largiente
526 1821 664 1856 Domino
691 1822 770 1855 iuste
801 1822 915 1868 poterit
942 1829 1035 1867 atque
1056 1833 1104 1855 ca-

355 1871 468 1905 nonice
499 1870 650 1917 adipisci,
677 1871 765 1904 firma
797 1870 851 1903 tibi
882 1871 1005 1916 tuisque
1031 1882 1105 1904 suc-

355 1919 534 1954 cessoribus
555 1927 585 1953 et
611 1918 727 1953 illibata
757 1928 971 1973 permaneant.
1004 1919 1103 1953 Porro

355 1968 386 2002 in
410 1968 659 2014 legationem...
684 1976 716 2002 ut
738 1968 930 2014 quicumque
955 1967 1104 2014 deinceps

356 2017 495 2064 episcopi
517 1995 687 2063 Melphien
712 2017 742 2050 in
768 2016 923 2058 Ecclesia,
947 2016 1014 2050 Deo
1041 2029 1103 2050 au-

356 2066 456 2105 thore,
482 2066 704 2109 successerint,
731 2065 769 2099 ah
791 2044 993 2111 Apostolicae
1011 2065 1105 2099 Sedis

357 2124 481 2149 nostrae
511 2115 664 2148 Pontifice
699 2114 947 2148 consecrationis
975 2115 1103 2159 gratiam

358 2164 540 2198 sortiantur.
579 2163 612 2197 Si
647 2175 706 2210 qua
741 2164 836 2208 igitur
869 2163 899 2197 in
935 2163 1104 2197 crastinum

357 2213 567 2247 eccleasiistica
600 2212 807 2246 saecularisie
842 2224 991 2257 persona,
1026 2213 1105 2246 hanc

359 2270 483 2296 nostiae
523 2261 755 2295 constitutionis
797 2262 940 2307 paginam
982 2261 1105 2300 sciens,

359 2318 469 2344 contra
490 2322 557 2343 eam
581 2318 698 2344 temere
725 2309 829 2343 vtniie
857 2310 1032 2352 tentaterit,
1055 2323 1107 2344 se-

360 2360 464 2393 cundo
494 2359 623 2393 tertiove
656 2359 865 2402 commonita,
900 2359 958 2392 nisi
988 2367 1105 2392 reatum

360 2420 451 2442 suum
491 2408 584 2452 digna
625 2407 836 2442 satisfactione
872 2408 1106 2446 emendaverit,

361 2456 524 2501 potestatis
542 2456 735 2503 honorisque
753 2457 801 2490 sui
821 2456 970 2502 dignitate
993 2464 1106 2495 careat,

362 2516 511 2551 reamque
543 2517 576 2539 se
610 2505 714 2539 (livino
753 2505 867 2539 iudicio
901 2505 1035 2539 existere
1069 2504 1108 2539 de

362 2561 535 2600 perpetrata
558 2553 720 2600 iniquitate
747 2561 928 2599 cognoscat,
950 2562 978 2587 et
1001 2566 1016 2587 a
1040 2566 1110 2587 san-

363 2602 504 2636 ctissimo
537 2602 678 2649 Corpore
705 2611 734 2636 et
769 2602 932 2648 Sanguine
973 2601 1000 2635 D
1045 2602 1110 2637 Re-

1158 219 1174 240 ἱ

950 248 987 270 Bt
991 247 1108 270 LLAntt
1111 247 1135 269 Μ
1163 246 1326 269 ROMANPM

1144 301 1316 348 demptoris
1343 300 1441 335 nostri
1465 298 1534 335 lesu
1557 299 1675 335 Christi
1696 299 1796 336 aliena
1825 300 1894 342 fiat,

1144 359 1236 397 atque
1259 349 1289 383 in
1318 357 1459 383 extremo
1487 349 1631 384 examine
1658 349 1817 384 districtae
1843 349 1893 384 ul-

1145 400 1219 436 tioni
1237 398 1405 433 subiaceat.
1431 397 1564 432 Cunctis
1576 406 1680 433 autem
1703 399 1805 434 eidem
1823 399 1893 434 loco

1144 449 1223 483 iusta
1259 447 1472 487 servantibus,
1500 447 1539 482 sit
1574 459 1633 494 pax
1663 447 1699 482 D.
1727 448 1765 482 N.
1794 448 1817 482 Ι.
1853 447 1892 484 C.

1143 506 1298 545 quatenus
1324 505 1353 531 et
1390 496 1442 531 hic
1468 496 1604 531 fructum
1634 496 1734 531 bonae
1760 497 1894 532 actionis

1145 547 1339 594 percipiant,
1371 553 1403 580 et
1429 545 1513 592 apud
1541 545 1715 580 districtum
1750 545 1890 581 Iudicem

1144 596 1279 643 praemia
1307 602 1451 629 aeternae
1468 595 1555 642 pacis
1577 594 1748 629 inveniant.
1775 594 1892 636 Amen,

1143 657 1246 685 amen,
1269 656 1370 678 amen.

1191 694 1215 728 Γ
1218 706 1261 729 co
1294 693 1479 728 Pisaurus
1519 692 1692 727 catholicae
1731 692 1894 729 Ecclesiae

1143 744 1241 791 episc.

1193 793 1305 827 Datum
1334 790 1505 826 Benexenti
1539 802 1594 837 per
1621 802 1735 825 manus
1778 790 1895 825 lohan-

1144 841 1241 876 nisS.
1265 840 1304 875 R.
1340 840 1378 874 E
1416 839 1541 874 diaconi
1577 852 1615 874 ιιι
1650 839 1709 874 kal.
1742 840 1892 880 octobris,

1143 890 1315 925 indictione
1356 902 1388 929 x,
1424 889 1542 923 incarn.
1572 888 1657 923 dom.
1692 901 1774 924 anuo
1803 901 1889 931 tucn,

1144 939 1345 986 pontificatus
1379 946 1483 973 autem
1516 937 1554 971 D.
1576 937 1738 973 Paschalis
1768 938 1796 973 ll
1830 938 1893 973 Pa-

1144 1000 1213 1035 pae,
1241 1000 1284 1022 iv.

1161 1044 1222 1074 Dat.
1242 1045 1287 1074 die
1306 1044 1343 1074 ⁵29
1362 1042 1538 1082 septembris
1560 1052 1636 1073 anno
1655 1043 1769 1074 Domini
1786 1044 1872 1082 1102,

1395 1082 1496 1122 pontif.
1515 1092 1591 1112 anno
1609 1091 1646 1112 tv.

1474 1196 1561 1231 XIV.

1145 1265 1343 1307 Prii-ileqv‘um
1374 1265 1558 1297 monasterio
1592 1265 1626 1298 S.
1651 1264 1787 1308 Sophiae
1808 1264 1894 1298 intra

1193 1315 1393 1347 Beneventum
1429 1315 1508 1351 silo,
1548 1314 1632 1347 cuius
1669 1315 1750 1347 bona
1786 1313 1893 1347 omnia

1190 1364 1413 1408 confirmantur
1437 1364 1504 1406 (1).

1423 1427 1637 1458 SUMMARIUM

1142 1476 1308 1506 Exordium.
1329 1492 1368 1498 —
1393 1475 1528 1505 Madetmi
1551 1475 1666 1505 abbatis
1688 1475 1826 1514 precibus
1850 1475 1894 1505 in-

1182 1516 1348 1552 dulgendo,
1384 1515 1533 1544 paschalis
1570 1514 1645 1552 Papa
1679 1515 1891 1544 monasterium

1181 1555 1209 1584 S.
1229 1554 1355 1592 Sophiae
1373 1555 1428 1583 sub
1451 1554 1571 1584 tutelam
1596 1554 1680 1584 Se'dis
1705 1554 1891 1592 Apostolicae

1182 1595 1296 1632 recipit.
1321 1611 1360 1616 —
1381 1593 1625 1632 confirmatisque
1645 1594 1806 1632 privilegiis
1825 1603 1891 1623 om-

1182 1634 1269 1663 nibus
1286 1644 1300 1663 a
1321 1633 1598 1672 praedecessoribus
1613 1632 1806 1663 Pontificibus
1821 1643 1893 1663 con-

1182 1674 1286 1709 cessis,
1299 1678 1326 1702 et
1341 1673 1427 1702 bonis
1438 1673 1474 1702 ad
1493 1673 1704 1702 monasterium
1721 1673 1892 1703 huiusmodi

1183 1712 1400 1752 pertinentibus
1423 1721 1498 1751 quae
1516 1716 1683 1749 enumeratx,
1703 1728 1743 1734 —
1759 1712 1894 1743 Decernit

1184 1753 1257 1781 nihil
1273 1752 1308 1781 ab
1325 1753 1426 1781 eodem
1446 1751 1565 1786 auferri,
1583 1751 1706 1781 alienari
1721 1756 1776 1781 etc.
1795 1761 1892 1790 posse;

1181 1792 1288 1821 -Sed
1301 1792 1396 1821 omnia
1411 1791 1620 1820 monachorum
1633 1791 1738 1820 usibus
1749 1791 1893 1821 inservire

1183 1831 1238 1860 sub
1257 1831 1399 1869 regimine
1417 1830 1548 1867 abbatis;
1565 1847 1605 1852 —
1621 1830 1676 1866 Qui
1692 1831 1728 1860 de
1749 1830 1813 1869 ipso
1830 1839 1894 1860 rno-

1183 1871 1312 1900 nasterio
1330 1880 1345 1899 a
1369 1871 1520 1899 monachis
1538 1870 1677 1907 eligatur.
1700 1879 1766 1899 cum
1785 1870 1895 1909 depen-

1183 1911 1279 1939 dentia
1303 1910 1338 1939 ab
1367 1910 1505 1948 episcopo
1527 1910 1676 1939 ordinarIo
1695 1910 1724 1939 in
1748 1909 1794 1944 iis,
1816 1918 1893 1948 quae

1185 1950 1219 1979 ad
1252 1948 1500 1978 sacramentorum
1538 1953 1671 1987 spectant
1699 1948 1893 1978 administra-¹

1185 1990 1304 2018 tionem.
1325 2005 1365 2010 —
1386 1988 1542 2018 Roboratio
1566 1988 1709 2027 privilegii
1732 1988 1831 2017 huius.
1855 2004 1896 2011 --

1185 2028 1238 2057 I’I‘.
1262 2028 1450 2066 subscriptio.

1146 2080 1262 2110 Pasehalis
1274 2081 1393 2119 episcopus
1402 2090 1479 2111 servus
1489 2089 1606 2110 servorum
1616 2080 1669 2119 Dei,
1677 2080 1763 2110 dilecto
1773 2081 1797 2110 in
1808 2080 1895 2110 Christo

1187 2124 1236 2153 tilio
1258 2124 1373 2154 Madeliuo
1389 2124 1466 2154 abbati
1488 2125 1622 2154 monasterii
1641 2123 1782 2154 venerabilis
1798 2125 1895 2154 Sanctae

1185 2168 1282 2207 Sophiae
1306 2169 1364 2197 iutra
1382 2168 1541 2197 Beneventum
1555 2168 1603 2205 siti,
1616 2169 1711 2206 eiusque
1728 2167 1899 2198 suecessoribus

1186 2213 1325 2251 regulariter
1346 2212 1523 2251 promovendis,
1543 2212 1565 2241 in
1583 2216 1729 2250 perpetuum.

1196 2261 1271 2295 Piae
1289 2261 1456 2307 postulatio
1477 2261 1644 2294 voluntatis
1662 2260 1774 2294 effectu
1802 2259 1896 2294 debet

1149 2311 1348 2356 prosequenti
1380 2309 1551 2356 compleri.
1585 2318 1740 2356 quatenus
1773 2317 1804 2342 et
1837 2308 1896 2343 de·

1150 2360 1282 2393 votionis
1303 2359 1465 2392 sinceritas
1496 2358 1691 2392 landabiliter
1723 2358 1895 2396 enitescat,

1148 2417 1177 2441 et
1215 2408 1330 2442 utilitas
1374 2408 1527 2453 postulata
1568 2409 1647 2442 vires
1681 2406 1896 2440 indubitanter

1148 2465 1296 2491 assumat.
1319 2456 1412 2492 Unde
1434 2468 1492 2490 nos
1514 2456 1586 2498 tuis,
1609 2456 1651 2489 fili
1668 2455 1897 2490 humanissime

1150 2505 1314 2548 Madelnie,
1338 2505 1396 2551 piis
1418 2504 1681 2551 postulationibus
1705 2512 1895 2542 annuentes,

1148 2554 1283 2589 Sanctae
1305 2554 1445 2601 Sophiae
1467 2553 1667 2596 coenotium,
1690 2552 1740 2587 cui
1759 2551 1898 2588 Domino

1185 2615 1225 2651 (t)
1240 2615 1280 2641 Ex
1297 2618 1360 2641 tom.
1379 2622 1408 2641 tx
1424 2614 1482 2641 Ital.
1503 2614 1552 2641 Sac
1579 2613 1681 2648 Ughell.

1914 256 1964 284 Λιι.
1983 256 2013 285 C.
2030 257 2098 285 1102

1942 726 1983 747 PF.

1916 753 1968 780 ptio.

2008 726 2101 747 subscri·

1957 2282 2078 2306 Exordium.

1956 2472 2055 2494 Madelmi
2069 2471 2108 2492 ab·

1921 2499 1977 2520 hatis
2007 2498 2107 2525 precibus

1922 2525 2057 2552 indulgendo,
