2180 3205
136 252 183 278 Aa.
206 254 235 277 tl.
253 250 316 277 liti?

153 1166 221 1186 Causa
234 1166 321 1186 ‹tet-reti.

177 2116 271 2141 Grogcrii
292 2116 331 2136 FP.

148 2143 175 2162 al
198 2143 333 2166 Augustulum

150 2169 250 2193 ppt-„telae
280 2172 333 2194 trag-

150 2202 161 2215 n
171 2200 182 2216 e
193 2198 248 2215 itum.

397 217 441 247 ,to

929 219 1113 242 nrt.1..⁸.ntt·.u
1136 219 1299 242 nonsxt'fu

345 278 520 313 dominicae
543 288 614 312 roro
637 274 860 310 incarnationis
890 285 1016 315 mxxii,
1045 273 1096 308 in-
1141 288 1155 306 1>
1181 273 1211 307 in
1239 273 1356 319 quibus
1380 271 1487 307 nullus
1519 283 1628 306 eorum
1660 282 1696 306 ex
1720 270 1780 315 iis,
1802 283 1883 318 quae

345 328 489 363 dictione
511 339 541 360 x.

403 383 464 413 Dat.
483 383 530 413 die
553 382 586 411 12
605 381 704 410 martii
724 389 800 409 anuo
818 378 934 409 Domini
955 378 1039 417 1072,

502 421 605 462 pontis.
625 420 783 450 Alexandri
804 428 880 449 anno
896 428 935 449 xt.

347 591 392 623 De
418 588 575 622 monachis
590 599 630 622 ex
646 587 863 621 Cantuart‘ensi
883 586 1023 620 Ecclesia
1036 598 1097 619 non

395 638 579 682 mpellendis
597 639 658 680 (1).
676 637 794 679 (Simile
809 637 932 669 omnino
949 637 1098 669 decretum

392 688 447 731 leq.
475 687 615 731 superius
639 687 716 719 inter
741 686 847 719 Leonis
871 686 920 719 IX
938 687 1047 727 const.)

613 746 829 777 scrutatum

344 800 435 830 Causa
459 799 579 829 decreti.
601 816 640 822 —
658 799 790 837 Gregorii
818 800 872 829 PP.
902 800 937 829 ad
957 799 1099 837 Augusti-

384 849 454 869 nmn
474 839 615 878 epistolae
634 839 840 877 fragmentum.
856 856 894 861 —
907 839 938 869 Et
961 839 1040 869 aliud
1065 848 1098 868 ex

386 879 510 918 epistola
538 878 680 908 Bonisacii
707 878 761 908 Pr.
790 880 824 908 ad
857 879 978 917 Angtiae
1001 887 1099 917 regem

387 924 414 948 et
437 919 471 948 ad
495 918 683 948 Laurentium
706 918 972 958 archiepiscopum.

350 975 500 1004 Alexander
519 975 660 1011 episcopus
680 982 774 1004 servus
796 981 936 1003 servorum
951 974 1005 1007 Dei,
1026 982 1100 1003 reve·

395 1020 556 1048 rendissimo
574 1019 659 1048 fratri
678 1020 707 1048 in
725 1020 833 1048 Christo
851 1019 1010 1051 Lanfranco.
1022 1026 1100 1047 vene-

392 1065 475 1093 rabili
491 1064 699 1093 cantuariorum
712 1064 924 1100 archiepiscopo,
942 1064 1058 1092 satutem
1075 1065 1102 1092 et

390 1109 569 1145 apostolicam
592 1109 814 1137 benedictionem.

395 1162 587 1210 Accepimus
614 1174 630 1197 a
667 1162 871 1209 quibusdam,
900 1163 1100 1197 venientibus

348 1211 387 1246 de
409 1212 520 1246 vestris
548 1211 691 1258 partibus
720 1211 757 1246 ad
786 1211 894 1245 limina
922 1220 1102 1246 sanctorum

348 1260 562 1306 apostolorum
588 1260 673 1295 Petri
693 1268 723 1295 ct
746 1259 847 1301 Pauli,
870 1260 953 1307 quod
974 1260 1100 1307 qnidam

349 1310 478 1351 clerici,
505 1309 660 1345 associato
683 1309 741 1344 sibi
767 1318 908 1344 terrenae
930 1311 1101 1356 potcstatis,

350 1359 500 1394 laicorum
524 1358 669 1393 videlicet
691 1359 818 1399 auxilio,
847 1359 1003 1394 diabolico
1034 1359 1102 1406 spi-

351 1408 412 1442 ritu
432 1408 557 1455 repleti,
586 1409 759 1443 moliuntur
781 1407 820 1442 de
843 1409 974 1443 ccclesia
994 1408 1102 1443 Sancti

352 1457 525 1492 Salvatoris
547 1457 578 1490 in
600 1456 817 1501 Dorobernia,
845 1469 924 1504 quae
959 1466 1006 1492 cst
1033 1470 1102 1492 me-

351 1507 485 1553 tropolis
506 1506 602 1541 totius
628 1507 832 1549 Britanniae,
853 1507 1026 1541 monachos
1048 1519 1102 1541 cx-

352 1555 489 1602 pellere,
525 1564 555 1590 ct
582 1556 714 1590 clericos
751 1555 825 1589 inibi
853 1564 1001 1590 statuere.
1043 1555 1101 1590 Cui

355 1605 475 1639 nel'ario
497 1605 584 1651 operi
607 1605 779 1639 molitionis
800 1616 874 1639 suae
893 1606 950 1639 hoc
968 1605 1104 1639 adiicere

356 1662 521 1694 conantur,
545 1654 623 1688 utin
647 1654 731 1688 omni
747 1654 821 1688 sede
843 1653 1011 1700 episcopali
1026 1655 1103 1689 ordo

357 1702 584 1737 monachorum
608 1703 800 1750 extirpetur,
823 1703 910 1750 quasi
930 1704 1022 1737 ineis
1042 1716 1103 1738 non

355 1752 454 1797 vigeat
488 1752 661 1786 authoritas
688 1752 859 1798 religionis.
898 1752 968 1794 Qua
1001 1752 1040 1787 de
1073 1764 1104 1787 rc

356 1804 423 1835 zelo
450 1800 507 1835 Dei
542 1801 697 1848 compulsi
725 1801 912 1836 scrutinium
940 1802 978 1836 de
1005 1802 1105 1848 privi-

354 1849 443 1895 legiis
474 1849 687 1885 Ecclesiarum
719 1850 784 1885 fieri
809 1851 1041 1897 praecepimus,
1075 1859 1105 1885 et

354 1899 441 1933 venit
461 1898 501 1933 ad
524 1911 651 1934 manum
674 1907 826 1934 statutum
855 1900 1106 1946 praedecessoris

355 1948 468 1988 nostri,
491 1947 598 1982 beatae
629 1949 798 1983 memoriae
825 1948 969 1995 Gregorii
1004 1948 1105 1983 Maio-

357 1996 411 2041 ris,
439 1996 477 2031 de
503 1997 657 2032 Ecclesiis
679 1997 829 2044 Angliae3
854 1997 1015 2044 quomodo
1043 1998 1105 2032 sci-

356 2045 428 2080 licet
454 2047 611 2092 praecepit
644 2047 824 2092 Augustino
850 2047 952 2093 gentis
986 2055 1106 2082 vestrae

357 2095 515 2141 apostolo:
535 2110 550 2127 «
569 2094 610 2130 Ut
629 2096 769 2130 eiusdem
793 2096 922 2131 Ordinis
939 2096 1033 2136 viros,
1055 2108 1107 2131 cu-

362 2157 377 2175 »
402 2144 450 2178 ins
471 2153 502 2178 et
528 2144 596 2192 ipse
629 2145 771 2179 noscitur
797 2157 888 2185 esse,
923 2153 1054 2192 poneret
1076 2146 1106 2180 in

362 2207 378 2224 »
404 2193 538 2240 praefata
585 2193 660 2228 sede
711 2194 962 2240 metropolitana.
1007 2193 1108 2229 Cuius

362 2255 378 2273 »
403 2242 634 2288 praeceptionis
668 2243 749 2277 inter
775 2242 833 2277 alia
860 2243 938 2278 haec
965 2243 1107 2278 subnexa

363 2304 379 2322 »
403 2299 486 2325 sunt.
509 2291 591 2333 Quia
608 2299 674 2335 tua,
696 2291 809 2338 inquit,
833 2292 1020 2333 fraternitas,
1044 2305 1109 2327 mo-

364 2354 379 2371 »
404 2341 530 2374 nasterii
563 2340 679 2386 regulis
714 2340 859 2381 erudita,
896 2341 926 2375 in
967 2341 1108 2376 Ecclesia

366 2402 381 2419 1>
406 2388 595 2435 Anglorum,
617 2401 696 2436 quae
719 2401 821 2436 nuper
838 2398 965 2424 auctore
984 2389 1051 2424 Deo
1069 2389 1108 2424 ad

365 2450 381 2469 »
407 2437 501 2471 fidem
529 2438 678 2484 perducta
706 2445 763 2479 est,
791 2438 873 2473 lianc
902 2438 996 2473 debet
1030 2450 1108 2473 con-

367 2500 382 2517 »
407 2486 611 2521 versationem
634 2487 809 2527 instituere,
833 2499 913 2534 quae
939 2487 1029 2522 initio
1053 2500 1109 2522 na—

367 2549 383 2567 »
407 2535 522 2569 scentis
543 2535 703 2570 Ecclesiae
729 2536 786 2570 fuit
814 2536 960 2571 Patribus
983 2537 1108 2578 nostris,

399 2591 438 2627 (l)
454 2591 492 2618 Ex
510 2591 611 2619 All'ord.
630 2592 679 2619 loc.
691 2592 735 2619 cit.
753 2592 785 2619 ad
796 2600 894 2620 annum
914 2594 988 2626 1072,
1007 2602 1032 2620 n.
1048 2601 1107 2620 xix.

1141 337 1156 355 »
1182 322 1371 369 possidebat,
1394 321 1511 368 aliquid
1538 333 1629 355 suum
1656 333 1724 355 esse
1746 321 1881 359 dicebat:

1908 239 1955 264 An.
1976 239 2002 265 tl,
2024 239 2088 266 11*ῖὲ

1141 387 1156 404 »
1181 371 1234 406 sed
1257 379 1345 406 erant
1367 371 1428 406 illis
1450 370 1555 405 omnia
1577 370 1768 415 communia,
1786 382 1881 416 quam
1906 398 1910 403 ,

1141 421 1416 456 »communionis
1453 419 1593 466 regulam
1631 419 1736 454 ordini
1770 431 1883 454 mona-

1143 485 1156 502 »
1181 469 1312 505 chorum
1350 469 1542 517 permaxime
1568 476 1770 514 congruere,
1790 480 1883 503 nemo

1142 534 1157 551 »
1182 519 1234 566 qui
1262 519 1395 554 dubitat.
1423 533 1436 551 s
1476 518 1558 552 Hinc
1592 517 1724 552 hahetur
1749 517 1882 564 epistola

1138 568 1311 608 Bonifacii,
1339 569 1393 616 qui
1420 575 1550 614 quartus
1574 579 1590 601 a
1617 566 1708 601 beato
1729 565 1883 613 Gregorio

1138 617 1279 652 Eclesiae
1300 618 1474 659 Romanae,
1501 616 1553 651 cui
1574 616 1705 650 authore
1718 615 1786 650 Deo
1802 628 1884 662 prae-

1139 666 1292 711 sidemus,
1321 667 1471 714 praefuit3
1498 678 1592 713 quam
1614 664 1801 699 Athelberto
1820 665 1883 710 regi

1139 715 1335 762 Anglorum,
1374 724 1404 751 et
1443 715 1611 750 Laurentio
1646 713 1886 761 archiepiscopo

1140 765 1372 812 praedecessori
1403 773 1506 800 vestro
1528 764 1627 805 misit,
1655 764 1688 798 in
1721 775 1784 810 qua
1814 763 1886 810 qui-

1141 814 1273 849 busdam
1308 815 1508 862 praemissis,
1547 812 1729 848 huiusmodi
1756 824 1886 847 censura

1141 863 1348 899 anathematis
1371 877 1446 899 usus
1473 871 1539 898 est:

1194 927 1207 944 ι(
1234 912 1390 952 Gloriose,
1419 913 1530 960 inquit,
1553 912 1606 952 fili,
1633 912 1718 959 quod
1740 911 1778 946 ab
1800 910 1888 958 Apo-

1146 977 1159 993 »
1185 962 1292 996 stolica
1318 962 1400 997 Sede
1423 974 1478 1009 per
1499 962 1721 1009 coepiscopum
1744 968 1887 995 nostrum

1146 1026 1161 1042 »
1186 1010 1338 1045 Mellitum
1360 1011 1553 1058 postulastis,
1576 1011 1684 1046 libenti
1699 1011 1805 1045 animo
1816 1021 1889 1044 con-

1147 1074 1161 1091 »
1186 1059 1344 1101 cedimus;
1369 1060 1398 1095 id
1421 1069 1479 1101 est,
1503 1069 1536 1094 ut
1552 1068 1652 1095 vestra
1667 1059 1842 1107 benignitas
1856 1058 1888 1093 in

1147 1123 1161 1140 »
1186 1109 1376 1144 monasterio
1416 1108 1447 1144 in
1488 1109 1722 1144 Doroberuensi
1764 1108 1888 1143 civitate

1147 1173 1162 1189 »
1187 1158 1368 1198 constituto,
1396 1157 1480 1205 qnod
1506 1166 1634 1193 sanctus
1655 1158 1766 1193 doctor
1785 1165 1890 1191 noster

1147 1222 1162 1238 »
1188 1206 1398 1252 Augustinus,
1421 1207 1528 1242 beatae
1551 1207 1721 1242 memoriae
1744 1205 1890 1252 Gregorii

1147 1271 1162 1287 »
1188 1256 1376 1303 discipulus,
1403 1256 1437 1291 S.
1461 1256 1633 1291 Salvatoris
1665 1255 1785 1291 nomini
1806 1267 1891 1290 con-

1148 1320 1161 1337 »
1188 1305 1319 1340 secravit
1341 1306 1402 1349 (cui
1423 1306 1461 1340 ad
1479 1318 1628 1353 praesens
1648 1316 1780 1352 praeesse
1801 1304 1890 1338 dino-

1187 1354 1286 1389 scitur
1311 1354 1533 1390 dilectissimus
1553 1355 1647 1390 frater
1674 1363 1779 1389 noster
1804 1353 1891 1388 Lau-

1187 1403 1328 1447 rentius),
1356 1403 1486 1439 licenter
1508 1416 1562 1451 per
1588 1404 1694 1439 omnia
1715 1402 1892 1438 monacho-

1148 1467 1162 1485 »
1189 1465 1257 1487 rum
1297 1453 1480 1499 regulariter
1518 1453 1687 1488 viventium
1725 1452 1892 1487 habitatio-

1148 1520 1163 1538 »
1189 1517 1260 1540 nem
1283 1513 1412 1547 statuam
1435 1507 1606 1554 apostolica
1633 1507 1818 1542 auctoritate
1837 1505 1893 1540 de-

1189 1569 1370 1602 cernentes,
1393 1570 1427 1595 ut
1452 1562 1518 1609 ipse
1538 1570 1657 1596 restrae
1678 1561 1788 1596 salutis
1809 1570 1893 1607 prae-

1189 1614 1344 1650 dicatores
1378 1616 1542 1656 monachi,
1570 1615 1795 1650 monachorum
1823 1625 1894 1661 gre-

1150 1682 1163 1699 »
1188 1680 1258 1714 gem
1295 1669 1354 1703 sibi
1387 1670 1563 1710 associent,
1598 1678 1628 1704 et
1655 1681 1763 1704 eorum
1799 1669 1893 1704 vitam

1149 1736 1156 1753 ›
1189 1722 1388 1756 sanctitatum
1423 1722 1565 1758 moribus
1605 1730 1767 1758 exornent.
1804 1723 1894 1765 Quae

1190 1783 1294 1810 nostra
1317 1775 1440 1811 decreta
1466 1777 1490 1811 si
1513 1772 1583 1824 quis
1601 1789 1821 1812 successorum
1840 1789 1895 1812 no-

1147 1370 1155 1386 >

1155 1370 1162 1386 μ

1148 1419 1154 1435 )

1154 1419 1162 1435 s..

1148 1576 1155 1593 )

1155 1577 1163 1593 s-

1148 1630 1155 1646 )

1156 1630 1163 1646 v

1156 1736 1164 1753 v

1149 1790 1157 1807 )

1157 1792 1164 1806 s-

1150 1843 1164 1861 »
1189 1837 1350 1874 strorum,
1389 1842 1520 1877 regum,
1557 1831 1621 1866 sive
1648 1830 1894 1877 episcoporum,

1150 1898 1165 1915 »
1190 1883 1388 1927 clericorum,
1409 1884 1474 1918 sive
1497 1885 1660 1923 laicorum,
1682 1884 1768 1919 irrita
1791 1884 1892 1919 facere

1191 1936 1365 1977 tentaverit,
1392 1949 1408 1971 a
1428 1937 1569 1984 principe
1595 1932 1809 1984 apostolorum
1832 1937 1897 1971 Pe-

1190 1998 1257 2029 tro,
1296 1998 1325 2024 et
1358 2002 1373 2024 a
1400 1991 1522 2026 eunctis
1559 1991 1799 2026 successoribus
1830 1991 1896 2026 suis

1151 2059 1165 2075 ›
1195 2044 1403 2079 anathematis
1431 2045 1555 2080 vinculo
1577 2045 1749 2085 subiaceat,
1782 2044 1897 2092 quoad-

1152 2113 1165 2129 »
1193 2110 1312 2144 usque,
1339 2098 1423 2144 quod
1459 2099 1624 2134 temerario
1651 2111 1730 2133 ausu
1759 2098 1895 2145 peregit,

1151 2167 1167 2184 »
1194 2151 1260 2186 Deo
1284 2151 1395 2199 placita
1423 2153 1635 2188 satisfactione
1660 2152 1837 2199 poeniteat,
1867 2159 1897 2186 et

1153 2222 1167 2238 »
1192 2205 1286 2240 huius
1321 2205 1550 2253 inquietudinis
1586 2215 1708 2240 vestrae
1747 2205 1897 2240 emenda-

1152 2275 1166 2291 »
1193 2259 1308 2294 tionem
1327 2260 1487 2306 promittat
1512 2276 1541 2294 ».
1564 2259 1658 2295 Unde
1674 2260 1746 2307 quia
1765 2259 1896 2298 ratione,

1149 2312 1297 2352 dictante,
1336 2314 1433 2360 quieti
1467 2313 1682 2348 Ecclesiarum
1719 2312 1794 2346 utile
1827 2323 1897 2346 esse

1151 2367 1364 2413 perpeximus,
1387 2379 1535 2413 praesens
1566 2366 1726 2401 decretum
1749 2376 1898 2412 suprano-

1150 2420 1340 2454 minatorum
1362 2420 1492 2455 Patrum
1514 2420 1750 2464 confirmamus,
1776 2428 1806 2454 et
1831 2418 1897 2453 vice

1149 2473 1364 2520 apostolorum
1397 2474 1456 2508 snb
1483 2474 1593 2508 eodem
1622 2473 1816 2506 anathemate
1843 2484 1897 2506 eos

1150 2527 1408 2574 constringimus,
1440 2527 1633 2574 quicumque
1667 2524 1741 2559 huic
1767 2524 1896 2560 obviare

1150 2580 1380 2616 contenderint.

1151 1952 1158 1968 )

1157 1953 1165 1969 υ

1151 2006 1157 2021 )

1158 2006 1165 2021 υ

1940 943 1964 964 E’
1974 944 2031 964 attint
2043 950 2066 965 cx
2078 951 2098 964 a·

1915 971 2099 996 pistutassoniracii

1915 997 1955 1018 FP.
1970 997 1997 1017 ad
2013 998 2100 1023 Angtiao

1916 1029 1988 1049 regern
2019 1026 2040 1045 et
2072 1025 2100 1045 ad

1916 1050 2054 1071 Laurentium
2068 1056 2101 1071 ar-

1917 1077 2082 1104 chiepiscopum.
