2180 3205
15 309 55 339 An
83 308 113 336 C.
131 306 197 335 ¹¹23

130 365 196 386 tlt-na

14 393 110 417 utut·
119 392 160 413 ιοἸ
170 394 196 412 Λ-

14 420 132 470 mat-elge
147 418 196 440 Sed!

33 750 83 774 nuta
95 750 118 772 1η
132 749 196 771 honis

15 778 162 801 mam-tur.

15 1387 195 1446 *wigii

15 1441 78 1468 Ὰαε
99 1441 195 1463 facienda

15 1469 146 1491 mitur.

83 1633 142 1654 itatis
154 1633 195 1660 pri-

17 1660 97 1683 wuoul
117 1663 140 1681 et
157 1665 196 1681 ex-

16 1687 196 1709 ”manicatio-

16 1712 39 1739 ᾖ
81 1713 197 1735 subiicitur

35 1740 171 1768 utcumque

25 1770 31 1771 '
127 1769 196 1795 dipto-

17 1798 52 1818 Β
64 1795 183 1817 νὶοΙινει-ῐι.

840 282 995 306 muxrrs
1024 283 1045 304 ΙΙ
1075 284 1123 305 ΙΨ.

223 339 414 376 authoritate
451 338 622 372 munimus.
661 337 836 372 Statuiinus
868 337 971 375 enini,

223 398 255 424 ut
278 390 386 423 vadem
410 387 553 422 Ecclesia
577 387 652 422 nulli
675 387 725 421 alii
746 394 866 433 praeter
884 386 972 432 Apo-

220 439 361 473 stolicam
385 437 500 472 Sedem
532 436 737 471 subiectionis
765 435 969 470 reverentiam

220 487 352 527 debeat,
389 487 471 521 sicut
502 498 557 533 per
583 486 775 533 apostolicae
802 485 971 519 memoriae.

222 535 499 584 praedecessorum
516 544 694 570 nostrorum
711 536 737 577 (l
749 540 756 571 )
767 532 929 568 Urbanum
945 532 970 567 ll

222 587 252 620 in
275 585 497 620 Beneventana
515 583 636 632 synodo
658 583 836 626 definitum,
858 590 887 616 et
907 582 971 628 pri-

222 634 325 681 vilegii
347 634 526 669 testimonio
548 633 781 673 confirmatum,
805 643 925 666 necnon
941 639 971 666 et

221 697 238 720 a
260 697 304 719 sa.
330 683 555 718 recordationis
589 681 732 716 Pascliali
759 681 843 727 Papa
870 680 971 727 privi-

221 733 291 780 legii
320 732 496 767 munimine
520 731 699 766 roboratum
722 738 780 765 est.
802 730 847 764 Te
876 729 972 776 igitur

221 791 356 830 tuosque
370 793 581 820 successores,
600 779 696 814 buius
711 779 861 813 libertatis
873 780 970 825 gratia

221 831 429 880 perfruentes,
451 830 510 865 sub
537 829 635 864 solius
661 828 860 875 Apostolicae
879 827 972 863 Sedis

221 881 400 916 obedientia
428 880 457 914 in
487 886 672 926 perpetuum
700 889 828 913 manere
860 877 972 912 ‹lecer-

221 931 344 970 nimus;
371 937 554 969 statuentes,
579 936 624 977 'ut
657 939 875 974 quaecumque
903 927 972 962 Mo-

223 979 403 1026 nopolitana
434 977 573 1013 Ecclesia
600 977 753 1014 hactenus
779 977 859 1011 iuste
896 989 969 1024 pos--

221 1029 314 1070 sedit,
336 1036 389 1063 aut
410 1027 504 1062 ltodie
521 1026 673 1074 possidet:
697 1028 762 1061 sive
781 1026 811 1060 in
832 1025 970 1060 futurum

223 1079 304 1114 iuste
329 1085 361 1113 et
387 1077 538 1112 canonice.
565 1076 679 1124 poterit
706 1075 839 1123 adipisci
865 1075 894 1109 in
919 1087 972 1110 ca-

221 1127 333 1172 stellis,
355 1126 454 1171 villis,
475 1125 586 1173 sylvis,
615 1126 644 1160 in
672 1125 824 1165 ecclesiis,
848 1125 879 1158 in
903 1137 972 1159 mo-

222 1176 378 1217 nasteriis,
401 1175 596 1221 caeterisque
624 1174 890 1222 possessionibuS,
918 1173 970 1208 tibi

222 1226 348 1273 tuisque
369 1224 605 1260 successoribus
632 1223 799 1270 episcopali
831 1224 897 1257 iure
921 1235 972 1258 re-

221 1276 324 1322 genda
346 1286 488 1321 semper,
510 1285 545 1308 ac
567 1273 763 1320 disponenda
791 1280 970 1307 serventur:

221 1325 305 1360 salva
326 1323 522 1371 in-omnibus
537 1322 700 1357 Romanae
720 1331 749 1357 et
771 1321 972 1369 Apostolieae

221 1373 382 1410 Ecclesiae
405 1372 588 1407 reverentia.
611 1371 759 1406 Obeunte
777 1380 815 1412 te,
841 1372 886 1405 vel
901 1379 972 1406 tuo—

223 1436 291 1458 rum
301 1422 440 1470 quolibet
451 1433 682 1462 successorum,
696 1421 779 1456 clero
792 1420 972 1468 populoque

222 1472 461 1519 Monopolitano
493 1470 623 1506 facultas
648 1471 706 1512 sit,
739 1478 857 1506 semota
885 1471 970 1504 omni

223 1522 387 1570 pravitate,
421 1521 607 1568 episcopum
636 1520 786 1555 canonice
817 1519 971 1566 eligendi,

222 1571 344 1607 electus
365 1578 481 1609 autem,
510 1582 526 1604 a
553 1569 697 1604 Romano
719 1568 870 1604 I‘ontifice
888 1581 972 1603 con-

223 1620 409 1656 secrabitur.
451 1619 533 1654 Sane
569 1619 593 1653 si
627 1619 699 1665 quis
731 1619 760 1652 in
801 1619 971 1652 crastinum

221 1669 493 1717 archiepiscopus,
521 1668 701 1715 episcopus,
725 1668 894 1714 imperator
922 1676 972 1701 aut

223 1731 288 1760 rex,
316 1719 464 1766 princeps
498 1726 550 1752 aut
590 1717 667 1756 dux,
692 1729 810 1760 comeS,
845 1717 974 1751 viceco-

226 1779 305 1812 meS‚
331 1767 438 1808 iudex,
465 1775 517 1802 aut
539 1766 748 1801 ecclesiastica
766 1767 973 1801 saecularisve

223 1828 356 1865 persona
390 1816 472 1851 hanc
507 1825 630 1851 nostrae
664 1815 898 1850 constitutionis
920 1827 974 1861 pa-

222 1878 330 1913 ginam
353 1877 470 1907 scienS,
497 1873 604 1900 contra
633 1876 700 1899 eam
728 1873 844 1899 temere
868 1876 973 1900 venire

223 1915 435 1964 temptaverit,
458 1914 597 1949 secundo
620 1915 750 1948 tertiove
771 1914 973 1955 commonita,

223 1965 248 2000 si
271 1976 334 1999 non
358 1964 570 1999 satisfactione
591 1975 730 2009 congrua
749 1962 973 2003 emendaverit,

224 2014 389 2062 potestatis
410 2013 602 2060 honorisque
617 2013 665 2047 sui
687 2012 839 2059 dignitate
860 2021 973 2053 careat,

225 2074 374 2111 reamque
396 2074 430 2098 se
445 2062 551 2097 divino
573 2061 689 2097 iudicio
707 2061 840 2096 existere
855 2061 894 2096 de
910 2074 976 2108 per-

225 2120 346 2160 petrata
367 2112 531 2159 iniquitate
558 2119 746 2157 cognoscat,
775 2119 804 2145 et
830 2123 846 2145 a
869 2123 975 2145 sacra-

225 2161 345 2196 tissimo
372 2160 514 2209 Corpore
541 2173 577 2195 ac
596 2160 756 2206 Sanguine.
778 2159 835 2193 Dei
858 2167 889 2193 et
911 2159 976 2194 Do·

224 2210 303 2245 mini
343 2209 567 2257 Redemptor-is
607 2209 704 2244 nostri
745 2209 816 2243 lesu
857 2207 974 2243 Christi

223 2259 326 2295 aliena
364 2258 436 2300 fiat,
467 2268 560 2306 atque
593 2258 624 2293 in
659 2267 798 2293 extremo
831 2258 976 2292 examine

225 2308 387 2344 districtae
405 2308 516 2342 ultioni
531 2307 699 2342 subiaceat.
722 2306 855 2341 Cunctis
873 2314 974 2342 autem

226 2357 332 2403 eidem
354 2357 426 2392 loco
448 2358 527 2392 iusta
555 2355 754 2391 servantibus
780 2356 819 2391 sit
841 2368 901 2403 pax
916 2356 977 2391 Do-

226 2407 305 2442 mini
329 2407 427 2441 nostri
448 2406 519 2441 Iesu
541 2405 676 2446 Cltristi;
699 2413 854 2453 quatenus
875 2413 905 2439 et
926 2405 978 2440 hic

225 2455 366 2491 fructum
406 2455 506 2490 bonae
547 2455 680 2490 actionis
715 2454 910 2502 percipiant,
948 2463 978 2489 et

225 2504 310 2552 apud
334 2504 512 2539 districtum
527 2504 666 2538 Iudicem
681 2504 818 2551 praemia
833 2511 978 2539 aeternae

228 2553 317 2602 pacis
339 2554 510 2588 inveniant.
537 2555 652 2593 Arnen,
674 2565 778 2593 amen,
800 2565 903 2587 amen.

262 2614 302 2650 (1)
313 2615 463 2650 Legendum
475 2618 600 2650 putamus
610 2617 835 2648 praedecessorem
846 2618 977 2641 nostrum.

867 2654 905 2689 (n.
922 2654 962 2689 τ.)

1643 275 1706 307 531

1063 335 1133 371 Eoo
1173 335 1353 381 CAth't‘t'S,
1395 336 1565 372 catholicae
1605 337 1763 373 Ecclesiae

1013 386 1192 433 episcopus.

1062 434 1174 469 Datum
1207 433 1350 469 Laterani
1385 447 1440 480 per
1469 447 1596 471 manum
1620 436 1763 484 Hugonis

1012 492 1139 518 sanctae
1174 483 1337 518 Romanae
1372 484 1531 519 Ecclesiae
1554 486 1762 527 subdiaconi,

1013 545 1044 567 xi
1073 532 1132 567 kal.
1161 531 1280 579 aprilis,
1308 533 1481 568 indictione
1510 535 1625 581 prima,
1658 537 1764 571 int-ar-

1013 582 1148 616 nationis
1173 582 1351 617 dominicae
1377 594 1459 618 anno
1482 595 1623 628 mcxxnr,
1651 586 1763 630 ponti-

1014 631 1122 666 ficatus
1137 639 1240 665 autern
1257 631 1365 665 domni
1383 630 1495 666 Calixti
1509 634 1640 668 secundi
1656 634 1717 669 [³1³.
1733 648 1761 669 v.

1071 687 1132 718 Dat.
1151 688 1198 718 die
1215 687 1253 717 2⁶2
1273 688 1369 718 martii
1388 698 1464 718 anno
1483 689 1598 721 Domini
1618 692 1703 728 1123,

1269 732 1369 771 pontif.
1388 742 1464 763 anno
1481 743 1504 763 v.

1315 856 1461 891 xxvttt.

1013 923 1237 956 Monasoerium
1267 925 1302 957 S.
1332 924 1489 958 Macharii
1515 928 1699 959 monasterio
1727 928 1763 961 S.

1064 972 1168 1005 Crucis
1192 973 1395 1017 Burdiyalen.
1424 975 1588 1008 subiectum
1617 977 1765 1009 declara-

1063 1028 1112 1054 tur
1133 1023 1188 1055 (ll.

1282 1087 1497 1119 smutatttt'at

1012 1142 1214 1174 Controversia
1227 1145 1302 1174 inter
1315 1146 1474 1175 monachos
1487 1146 1641 1186 utriusque
1659 1156 1764 1177 mona-

1052 1188 1133 1216 sterii
1171 1197 1261 1226 snper
1289 1188 1472 1229 subiectione
1511 1190 1693 1221 alterutrius.
1727 1209 1767 1214 —

1052 1233 1183 1263 Monaelii
1198 1232 1224 1262 S.
1236 1232 1374 1262 Mat-barii
1387 1243 1400 1263 a
1415 1233 1620 1272 burdigalensi
1632 1236 1762 1275 archiep.

1052 1277 1177 1313 evocati,
1196 1282 1222 1306 et
1242 1276 1445 1307 inobedientes
1462 1280 1765 1309 excommunicati.—

1052 1323 1074 1351 A
1108 1321 1204 1359 legato
1238 1321 1321 1351 Sedis
1355 1322 1542 1361 Apostolicae
1576 1323 1766 1362 subreptione

1050 1366 1161 1404 virgam
1184 1366 1361 1405 pastoralem
1381 1366 1524 1396 obtinent.
1544 1366 1667 1396 —lline
1684 1368 1765 1398 citati

1052 1411 1086 1439 ad
1106 1410 1280 1443 Concilium,
1302 1427 1341 1432 —
1362 1410 1515 1449 Causaque
1549 1412 1674 1449 cognita,
1697 1422 1764 1442 mo-

1052 1454 1180 1483 nasterio
1203 1452 1232 1483 S.
1255 1452 1354 1483 Crucis
1385 1454 1601 1491 subiiciuntur3
1631 1473 1670 1477 —
1691 1455 1764 1486 Cum

1053 1500 1168 1528 decreto
1192 1498 1385 1528 restitutionis
1407 1500 1522 1537 virgae,
1545 1504 1573 1529 et
1592 1509 1701 1538 poenae
1717 1510 1767 1530 ex-

1053 1541 1339 1575 communicationis,
1356 1542 1448 1571 donec
1468 1542 1503 1571 ad
1519 1542 1634 1572 abbatis
1650 1542 1678 1572 S.
1693 1543 1767 1572 Cru-

1053 1586 1095 1615 cis
1114 1585 1310 1615 obedientiam
1329 1591 1519 1616 revertantur.
1532 1604 1571 1609 -
1590 1586 1691 1616 Calixti
1711 1587 1764 1616 Pr.

1053 1629 1243 1669 subscriptio.

1014 1687 1115 1716 Calixtus
1138 1687 1258 1726 episeopus
1285 1697 1362 1717 sertus
1377 1697 1492 1717 serior-nni
1514 1687 1565 1725 Dei,
1595 1688 1686 1718 dilectis
1713 1689 1766 1718 [iliis

1054 1730 1165 1765 Androni,
1183 1735 1204 1760 et
1215 1730 1332 1760 monachis
1342 1731 1364 1760 S.
1376 1730 1462 1769 Crucis,
1474 1732 1571 1761 salntem
1583 1736 1604 1761 et
1616 1733 1766 1771 apostolicali!

1054 1774 1251 1804 benedictionem.

1063 1831 1147 1866 Inter
1166 1843 1220 1866 vos
1241 1841 1271 1866 et
1300 1832 1473 1867 monachos
1490 1832 1596 1867 Sancti
1616 1832 1766 1867 Macharii

1015 1880 1053 1914 de
1079 1880 1275 1916 subiectione
1299 1889 1330 1916 et
1363 1881 1540 1916 obedientia
1566 1883 1765 1928 querimonia

1014 1939 1060 1964 est
1082 1930 1205 1975 agitata,
1220 1929 1259 1964 Et
1279 1930 1408 1977 quidem
1431 1944 1496 1971 vos,
1521 1930 1631 1965 fratres
1647 1932 1716 1965 illos
1735 1932 1764 1965 in

1016 1979 1167 2024 religione
1183 2006 1191 2018 ,
1219 1980 1376 2026 vestrique
1402 1980 1599 2014 subiectione
1622 1980 1765 2015 coenobii

1017 2029 1173 2074 pertinere
1208 2028 1292 2063 iuxta
1329 2037 1461 2064 vestram
1501 2028 1766 2064 consuetudinem

1017 2076 1176 2111 volebatis.
1204 2076 1268 2123 Ipsi
1295 2086 1419 2118 autem,
1460 2077 1592 2112 rebelles
1626 2078 1715 2113 vobis
1737 2086 1767 2112 et

1017 2125 1236 2160 inobedientes
1262 2126 1381 2166 effecti,
1409 2139 1424 2161 a
1460 2135 1560 2161 vestra
1594 2139 1627 2161 se
1657 2127 1766 2162 subie-

1016 2175 1119 2209 ctione
1153 2175 1337 2210 subtraliere
1365 2175 1562 2216 nitebantur;
1591 2176 1723 2222 proinde
1751 2188 1766 2211 a

1016 2223 1244 2269 Burdegalensi
1283 2224 1522 2271 archiepiscopo
1559 2226 1696 2269 evocati,
1729 2225 1768 2260 ad

1018 2273 1224 2319 praesentiam
1248 2273 1317 2307 eius
1341 2282 1502 2308 venerunt.
1523 2273 1585 2308 Sed
1601 2275 1711 2321 ipsius,
1738 2282 1769 2309 et

1019 2322 1238 2368 religiosorum
1267 2322 1414 2357 abbatum
1452 2335 1487 2357 ac
1514 2323 1766 2363 monachorum,

1017 2372 1070 2417 qui
1093 2371 1234 2411 aderant,
1262 2371 1391 2406 obedire
1420 2371 1534 2406 iudicio
1565 2380 1769 2419 contempse-

1019 2427 1108 2460 runt,
1135 2432 1196 2466 qua
1223 2420 1262 2454 de
1286 2432 1318 2455 re
1344 2420 1383 2455 ab
1411 2420 1479 2467 ipso
1507 2422 1769 2457 excommunicati

1018 2477 1101 2503 sunt.
1124 2469 1216 2504 Tunc
1240 2469 1284 2503 illi
1308 2470 1408 2516 magis
1433 2482 1467 2504 sc
1493 2479 1602 2504 contra
1624 2483 1679 2505 vos
1700 2471 1770 2505 eri-

1018 2526 1142 2564 gente&
1182 2518 1220 2553 ad
1252 2518 1390 2563 legatum
1424 2527 1565 2553 nostrum
1599 2519 1769 2554 Gir-ardum

1055 2584 1093 2618 (l)
1124 2584 1194 2610 inter
1227 2584 1404 2610 Instrumenta
1441 2584 1571 2611 Ecclesiae
1601 2585 1768 2617 Burdmaven,

1019 2627 1092 2679 pum.
1104 2620 1141 2680 251
1161 2619 1243 2647 edidit
1259 2619 1404 2654 Dionysius
1420 2620 1579 2646 Sainmarth.
1592 2620 1658 2647 Gall.
1671 2620 1769 2647 Christ..

1031 2662 1085 2681 om.
1103 2656 1111 2667 ⁶
1122 2673 1129 2680 .

1790 300 1839 325 An.
1852 298 1879 324 C.
1905 297 1971 324 1123

1789 362 1865 382 Catiui
1877 362 1907 382 ΓΡ
1921 362 1970 382 sub-

1788 390 1885 416 svripllo.

1818 1842 1970 1862 Controverm

1787 1870 1844 1889 inter
1854 1868 1972 1889 monachos

1788 1897 1903 1920 uniusque
1927 1899 1971 1914 rno-

1789 1927 1866 1941 itnslrrt
1905 1926 1971 1945 Super

1788 1950 1925 1968 subtervoue
1939 1949 1969 1967 ³¹·-

1789 1980 1815 1996 tei
1823 1976 1899 1995 utrius.

1788 2100 1885 2121 Monzclii
1897 2100 1916 2119 S.
1929 2100 1971 2119 Ma>

1787 2128 1839 2148 carn·
1849 2132 1860 2146 a
1870 2127 1972 2150 Burdiga·

1788 2155 1842 2174 lensi
1877 2154 1971 2178 archiep,

1787 2181 1881 2202 evocati:
1897 2182 1917 2198 el
1935 2180 1972 2199 in-

1787 2208 1820 2227 ob¹
1830 2207 1915 2227 dientes
1934 2212 1972 2226 ex-

1788 2234 1956 2254 communicati:

1828 2509 1842 2528 A
1855 2509 1925 2532 legato
1937 2507 1971 2527 Se-

1789 2535 1822 2555 dis
1836 2534 1971 2560 apostoticae
