2180 3205
853 298 952 328 taum
976 297 1182 327 tutamentum

340 374 465 403 mentm
502 367 687 400 sanctorum
736 359 960 396 Confessorum
985 364 1012 400 ‚'

340 429 414 454 cum
446 415 646 453 institutione
683 424 760 449 suae
791 413 992 453 festivitatis,

341 470 415 507 684.

252 525 334 562 XVI.
362 523 555 560 Monasterio
574 522 605 557 S.
626 521 735 556 Crucis
756 519 879 554 ordinis
892 519 921 553 S.
940 519 997 553 Be-

341 575 683 619 nedictiBurdigalen.
713 572 880 613 dioecesis,
911 571 996 616 quod

342 631 402 666 sub
422 629 623 676 protectione
643 627 777 672 suscipit
796 625 887 660 Sedis
907 627 994 669 Apo·
1014 652 1016 654 ,

343 683 485 723 stolicae,
500 683 585 716 bona
598 681 706 717 omnia
721 679 902 719 confirmat,
919 689 999 712 non-

344 738 498 783 nullaque
521 735 676 778 elargitur
695 733 874 778 privilegia,
898 731 973 765 685.

254 792 348 828 xvll.
371 790 579 834 Privilegium
610 786 866 822 confirmationis
895 786 999 819 bono·

345 855 430 886 rum,
458 850 489 878 et
519 841 736 878 concessionis
757 839 1000 874 immunitatum

345 897 541 935 monasterio
576 896 606 930 S.
652 894 755 939 Satyri
792 891 1018 929 Bituricensis'

347 951 515 992 dioecesis,
538 948 614 983 686.

257 1005 370 1044 XVIII.
393 1003 602 1041 Confirmatio
617 1000 802 1036 monasterii
823 998 1002 1036 Boni-Fon-

346 1059 386 1094 tis
411 1058 552 1094 Aduren.
584 1054 752 1095 dioecesis,
775 1053 1003 1095 bonorumque

348 1112 494 1147 omnium
515 1111 554 1145 ad
575 1109 655 1144 illud
672 1106 898 1154 spectantium,
921 1115 1003 1150 quae

349 1165 497 1206 diminui,
530 1170 583 1200 aut
600 1162 746 1210 quolibet
778 1161 875 1198 modo
901 1159 1003 1194 mole-

349 1220 432 1257 stari.
447 1218 658 1257 interdicitur,
682 1214 756 1250 690.

261 1273 345 1310 XIX.
370 1271 597 1308 Monasterium
607 1270 637 1306 S.
662 1268 768 1308 lllidii‚
780 1267 914 1312 eiusque
925 1275 1001 1310 pos-

350 1327 508 1364 sessiones
532 1334 645 1359 omnes
656 1323 892 1357 claromonten.
910 1319 1003 1354 dioe-

351 1379 432 1415 cesis
461 1379 520 1412 sub
555 1376 655 1411 tutela
684 1374 773 1409 Sedis
804 1372 1006 1419 Apostolicae

351 1430 583 1475 suscipiuntur,
607 1426 682 1461 091.

263 1484 333 1523 XX.
357 1483 469 1518 Simile
492 1481 697 1529 privilegium
722 1488 781 1524 pro
811 1476 1008 1511 monasterio

352 1534 562 1572 Mauriacensi
583 1534 726 1567 eiusdem
740 1530 907 1570 dioecesis,
930 1529 1005 1564 692.

264 1591 350 1631 XXI.
374 1588 582 1626 Confirmatio
603 1588 764 1621 bonorum
776 1584 922 1618 omnium
937 1593 1027 1628 per-¹

355 1644 525 1679 tinentium
544 1642 584 1676 ad
604 1639 840 1674 monasterium
858 1637 888 1673 S.
903 1637 1009 1672 Savini

354 1698 503 1735 Tarbien.
528 1694 695 1734 dioecesis,
719 1691 793 1726 694.

266 1752 365 1790 XXII.
388 1749 597 1786 Confirmatio
618 1747 775 1793 primatus
796 1744 1008 1780 cantuarien-

356 1805 399 1840 sis
417 1804 589 1843 Ecclesiae,
613 1801 687 1835 695.

267 1859 382 1895 XXIII.
397 1856 607 1906 Confirmatio
628 1856 791 1889 bonorum
802 1852 962 1892 omnium,
977 1862 1013 1885 ae
1030 1867 1031 1900 ζ

356 1910 601 1959 privilegiorum
621 1936 628 1949 ‚
661 1919 678 1941 a
709 1904 1031 1951 praedecessoribus

357 1964 498 2000 Summis
545 1960 756 1996 Pontificibus
803 1956 1014 2002 Rivipullensi
1032 1968 1033 1989 1

358 2016 554 2052 monasterio
575 2023 819 2053 concessorum,
843 2010 920 2045 697.

269 2071 384 2109 XXIV.
418 2071 466 2106 Ad
497 2069 685 2114 episcopum
717 2065 952 2103 Placentinum,
981 2069 1017 2097 ut

359 2116 499 2150 ablatam
520 2113 684 2148 canonicis
707 2111 738 2146 S.
755 2109 910 2145 Antonini
925 2108 1012 2142 eius-

360 2161 433 2195 dem
447 2158 582 2193 civitatis
608 2164 725 2191 terram
744 2156 783 2189 de
795 2155 937 2188 Burneto
949 2153 1013 2186 eis-

362 2205 435 2239 dem
455 2203 613 2242 restituat,
637 2200 712 2235 697.

273 2259 370 2296 XXV.
393 2257 622 2294 Monasteriurn
643 2254 834 2290 monialium
854 2253 885 2286 S.
910 2251 1016 2285 Victo-

361 2303 424 2337 rini
445 2303 477 2336 in
494 2301 620 2335 civitate
631 2300 856 2334 Beneventana
875 2298 1014 2340 Aposto-

361 2347 443 2382 licae
463 2346 537 2381 Sedi
559 2343 745 2379 immediate
758 2341 938 2376 subiectum
957 2340 1015 2374 de-

363 2392 516 2431 claratur,
539 2389 769 2432 nonnullisque
790 2391 927 2429 augetur
946 2383 1016 2429 pri-

362 2435 498 2478 vilegiis,
525 2433 600 2468 (398.
965 2461 969 2463 .
1036 2465 1037 2481 ἢ

275 2489 389 2525 XXVI.
413 2488 622 2523 Confirmatio
654 2487 817 2520 bonorum
844 2484 884 2517 ad
906 2492 1019 2516 mona-

365 2533 498 2568 sterium
519 2532 565 2567 Ss.
586 2531 698 2565 Felicis
719 2535 751 2563 et
773 2527 940 2563 Fortunati
963 2527 1017 2559 t'i-
1037 2529 1039 2566 j

366 2577 515 2612 centinae
554 2575 710 2612 civitatis.
745 2584 782 2606 ac
809 2571 1039 2605 donationum÷

368 2620 514 2656 omnium
540 2620 645 2654 eidem
663 2630 680 2652 a
702 2616 878 2651 Vicentinis
898 2615 1039 2660 episco-'

368 2665 418 2710 pis
439 2666 608 2704 saetarum,
632 2661 709 2696 700.

280 2718 406 2754 XXVII.
430 2717 635 2761 Privilegium
657 2713 853 2750 monasterio
867 2713 896 2748 S.
914 2712 1020 2756 Repa-
1039 2730 1042 2749 2

1679 277 1744 317 907

1117 374 1206 402 ratae
1233 367 1273 400 de
1311 364 1470 401 Marradio
1508 362 1632 398 ordinis
1658 360 1771 395 Vallis-

1118 421 1295 458 L'mbrosae
1319 417 1512 453 Faventinae
1524 415 1670 455 diocesis,
1694 413 1768 448 701.

1031 474 1172 511 xxvtlt.
1207 474 1404 518 Cuicumque
1429 481 1598 517 personae,
1631 468 1773 514 Rivipul-

1120 529 1215 563 lensis
1237 525 1423 561 monasterii
1450 524 1638 563 monachos,
1655 531 1774 566 eosque

1120 581 1322 626 praesertim,
1351 580 1404 624 qui
1426 590 1462 612 ex
1480 578 1637 612 Montanis
1652 576 1773 610 victua-

1121 636 1163 669 lia
1175 635 1214 668 ad
1233 633 1464 667 monasterium
1486 631 1645 670 deserunt,
1668 629 1771 663 mole·

1121 695 1205 722 stare
1227 687 1285 721 sub
1307 684 1650 720 excommunicationis
1671 692 1774 728 poena

1123 741 1334 781 interdicitur,
1359 739 1431 773 702.

1035 795 1147 831 xxlx.
1172 794 1377 837 Privilegium
1400 791 1656 827 confirmationis
1674 790 1776 824 bono-

1125 858 1196 882 rum
1222 847 1366 881 omnium
1392 857 1429 880 ac
1449 845 1691 890 privilegiorum
1722 842 1777 877 Ca-

1124 901 1228 935 vensis
1248 899 1445 939 monasterii,
1469 898 1518 932 cui
1540 897 1696 931 nonnulla
1716 895 1778 930 alia

1125 955 1165 989 de
1184 965 1267 988 novo
1289 952 1522 990 conceduntur,
1551 949 1624 984 703.

1036 1009 1135 1044 XXX.
1159 1007 1355 1052 Episcopalis
1382 1006 1473 1041 sedes
1496 1005 1713 1049 Syracusanae
1732 1002 1778 1036 ci-

1125 1061 1211 1095 vitati
1232 1059 1420 1098 restituitur,
1454 1058 1586 1102 eiusque
1607 1056 1778 1100 episcopus

1125 1114 1223 1160 pallio
1244 1113 1392 1152 donatus,
1417 1110 1618 1155 Apostolicae
1635 1109 1780 1144 Sediim-

1127 1168 1267 1202 mediate
1292 1166 1473 1205 subiicitur,
1497 1164 1570 1198 707.

1038 1222 1152 1259 XXXI.
1181 1222 1229 1256 Ad
1250 1221 1420 1265 episcopos
1440 1218 1573 1260 Angliae
1599 1222 1710 1251 contra
1734 1216 1780 1250 in·

1126 1275 1296 1310 vestituras
1327 1272 1560 1307 beneficiorum
1592 1268 1782 1304 ecclesiasti-

1130 1339 1242 1364 corum
1263 1338 1280 1361 a
1301 1326 1391 1361 laicis
1411 1331 1590 1370 usurpatas,
1608 1333 1690 1368 quae
1713 1322 1783 1356 irri-

1130 1388 1180 1416 tae
1200 1381 1372 1424 nullaeque
1397 1379 1612 1417 declarantur,
1640 1373 1713 1409 710.

1042 1435 1170 1472 XXXII.
1208 1433 1416 1477 Privilegium
1447 1430 1607 1465 Ecclesiae
1644 1427 1783 1464 Hallensi

1131 1489 1161 1524 S.
1189 1487 1336 1527 Zenonis,
1366 1485 1440 1520 711.

1042 1542 1186 1578 xxxin.
1202 1539 1410 1577 Confirmatio
1420 1543 1610 1576 castrorum,
1624 1535 1785 1570 honorum

1133 1606 1169 1629 ac
1187 1594 1304 1628 iurium
1320 1592 1466 1626 omnium
1488 1589 1627 1625 Astensis
1640 1587 1782 1632 capituli,

1134 1648 1208 1683 7112.

1046 1701 1188 1737 xxxtv.
1211 1700 1420 1736 Confirmatio
1452 1699 1624 1735 bonorum,
1650 1706 1687 1729 ae
1708 1704 1784 1729 con-

1135 1746 1236 1781 cessio
1277 1744 1508 1779 nonnullorum
1547 1740 1788 1786 privileg-*mrum

1135 1797 1231 1835 atque
1246 1789 1485 1824 immunitatum
1505 1785 1700 1820 monasterio
1721 1793 1789 1816 mo-

1135 1835 1269 1869 nialium
1290 1834 1319 1868 S.
1344 1832 1476 1867 Fabiani
1498 1831 1536 1864 de
1565 1829 1724 1866 Farinam,
1752 1837 1789 1861 ac

1136 1879 1166 1913 S.
1207 1878 1353 1913 Damiani
1382 1877 1421 1910 de
1469 1874 1606 1910 Donaria
1646 1872 1785 1907 Lauden.

1137 1923 1304 1961 dioecesis,
1329 1921 1402 1955 7114.

1049 1977 1176 2012 XXXV.
1193 1975 1399 2018 privilegium
1415 1971 1670 2008 confirmationis
1690 1970 1791 2003 bono-

1136 2032 1208 2054 rum
1240 2018 1426 2054 monasterii
1456 2019 1502 2051 Ss.
1526 2016 1652 2050 Ioannis
1672 2020 1701 2049 et
1727 2015 1790 2047 An-

1139 2066 1235 2100 dreae
1256 2065 1295 2098 de
1316 2063 1485 2097 Bonavalle
1506 2059 1676 2095 Pictas-len.
1701 2057 1792 2091 dioe-

1139 2110 1229 2150 cesis,
1260 2109 1350 2142 cuius
1382 2106 1575 2140 monialibus
1606 2102 1794 2137 conceditur

1139 2155 1189 2188 ius
1213 2151 1438 2198 praesentandi
1452 2150 1653 2194 presbyteros
1668 2157 1725 2190 pro
1737 2157 1793 2190 pa-

1139 2198 1270 2236 rochiis,
1294 2197 1398 2230 eidem
1420 2193 1615 2228 monasterio
1628 2190 1789 2228 subiectis,

1143 2242 1216 2276 7116.

1053 2295 1194 2331 XXXVI
1211 2293 1386 2328 Destinatio
1400 2293 1579 2333 legatorum
1596 2288 1625 2321 in
1644 2287 1792 2330 Angliam

1141 2341 1181 2373 ad
1212 2336 1472 2380 cognoscendum
1509 2334 1548 2368 de
1579 2332 1683 2366 causis
1712 2331 1796 2364 inter

1141 2393 1249 2426 regem
1279 2388 1309 2415 et
1329 2382 1483 2415 Thomam
1516 2376 1794 2420 arehiepiscopum

1141 2426 1413 2464 Canium-lensem,
1440 2422 1513 2456 719.

1054 2481 1212 2517 XXXVII.
1240 2479 1286 2513 Act
1301 2488 1413 2512 omnes
1437 2475 1600 2520 principes
1620 2479 1649 2507 et
1670 2472 1796 2506 christi-

1143 2525 1254 2558 fideles
1276 2523 1314 2556 de
1335 2521 1479 2555 subsidio
1500 2519 1631 2552 serendo
1653 2517 1686 2550 in
1702 2527 1794 2550 recu-

1144 2568 1344 2613 perationem
1359 2567 1474 2599 Terrae
1495 2564 1640 2601 Sanctae,
1666 2560 1739 2594 719.

1056 2621 1227 2657 xxxvnt.
1251 2618 1447 2663 Sequitur-in
1469 2617 1554 2650 idem
1569 2620 1798 2657 argumentum

1145 2666 1323 2744 {gqofflnes
1357 2661 1573 2696 Ecclesiarum
1607 2659 1768 2703 praelatos
1789 2684 1796 2697 ,

1151 2719 1179 2743 ι·
1215 2736 1221 2742 .
