2180 3205
36 264 82 292 An.
101 264 128 291 Γ..
148 264 215 291 1150

45 589 80 611 cni
105 591 143 617 ipsi
163 596 215 618 qno-

33 628 72 648 ψιι-
84 622 104 641 in
120 623 216 648 spiritua-

47 654 99 672 libus
114 653 203 672 subiet-tt

53 682 194 703 utu-tannim.

45 1134 132 1155 Abbatis

33 1167 124 1186 rtnawm

33 1197 147 1216 ninnactnos
169 1197 214 1216 neri

33 1227 162 1248 deret-nitur.

155 1133 203 1154 ete-

51 2054 128 2076 Solu-..e
153 2060 207 2074 con—

69 2086 183 2107 etustunes.

842 265 996 288 tfft'Gtcx'tt's
1020 264 1054 287 ΙΙΙ
1080 265 1126 287 l'l'.

229 319 397 367 episcopus
419 332 490 355 cnm
525 320 647 355 abbatis
681 332 835 354 consensu
868 332 974 354 ruram

229 373 401 408 animarum
430 374 614 417 committat,
643 382 674 409 ut
697 374 850 409 eiusmodi
873 386 977 408 sacer-

229 427 318 462 dotes
349 427 387 462 de
424 427 523 474 plebis
554 428 681 476 quidem
720 441 794 463 cura
828 428 977 475 episcopo

231 482 382 515 rationein
412 482 563 521 reddant,
597 482 683 517 vobis
706 494 779 517 vero
807 494 862 528 pro
885 481 978 516 rebus

230 535 457 582 temporalibus
479 535 614 570 debitam
639 536 866 571 subiectionem
889 535 979 570 exhi-

231 589 333 623 beant.
371 588 532 630 Chrisma,
567 590 680 624 Oleum
709 598 872 626 sanctum.
900 602 978 624 con-

230 643 420 677 secrationes
442 643 584 677 altarium
609 657 662 677 seu
688 644 900 682 basilicarum,
927 656 979 677 or-

229 697 407 731 dinationes
427 697 627 741 clericorum,
651 698 704 744 qui
729 698 766 731 ad
790 710 895 733 sacros
926 710 980 731 or-

230 751 320 785 dines
353 750 467 785 fuerint
501 752 723 798 promovendi,
751 765 765 786 a
793 752 979 787 dioecesano

229 805 408 851 suscipietis
422 805 590 852 episcopm
613 806 637 839 si
661 805 789 852 quidem
808 805 980 840 catholicus

229 858 339 899 suerit,
366 866 396 893 et
423 871 456 893 ea
491 859 588 906 gratis
623 867 653 892 ot
675 859 794 906 absque
831 859 980 905 pravitate

230 911 316 946 vobis
339 912 469 946 voluerit
492 912 659 952 exhibere;
695 912 854 959 alioquin,
891 913 979 947 liceat

229 965 327 1005 vobis,
347 965 548 1006 catholicum,
571 978 664 1012 quem
690 965 873 1005 malueritis,
896 966 980 1001 adire

228 1019 410 1060 antistitem,
432 1020 485 1066 qui
509 1020 658 1055 nimirum
684 1029 787 1055 nostra
817 1020 912 1055 fultus
931 1033 982 1055 au—

229 1073 383 1113 ctoritate,
401 1073 485 1120 qnod
503 1073 689 1120 postulatur,
712 1074 883 1121 indulgeat.
908 1075 980 1109 Ob-

230 1136 323 1162 eunte
347 1140 419 1162 vero
442 1136 482 1165 te,
511 1141 594 1163 nunc
617 1128 759 1163 eiusdem
778 1129 836 1163 loci
857 1129 981 1173 abbate,

232 1181 276 1216 vel
301 1189 424 1216 tuorum
447 1181 589 1229 quolibet
615 1194 849 1224 successorum,
877 1183 983 1217 nullus

230 1234 271 1269 ibi
293 1235 432 1282 qualibet
457 1235 665 1282 surreptionis
686 1237 811 1281 astutia,
833 1250 888 1271 seu
911 1237 984 1271 vio-

231 1289 322 1323 lentia
347 1297 566 1336 praeponatur,
586 1290 645 1324 nisi
669 1302 761 1337 quem
776 1291 886 1326 fratres
901 1303 984 1326 com-

230 1344 317 1377 muni
340 1355 508 1384 consensu,
529 1343 575 1378 vel
599 1355 669 1390 pars
697 1344 819 1378 consilii
836 1345 982 1383 sanioris,

229 1397 404 1432 secundnm
441 1397 496 1432 Dei
520 1398 682 1438 timorem,
709 1406 739 1433 et
766 1398 846 1433 beati
875 1399 984 1434 Bene-

229 1451 302 1486 dicti
327 1453 464 1498 regulam
490 1451 686 1499 providerint
707 1452 900 1499 eligendum.
928 1453 983 1488 De-

229 1505 390 1540 cet-nimus
415 1517 508 1552 ergo,
542 1514 575 1540 nt
602 1505 679 1540 nulli
715 1507 846 1542 omnino
878 1507 983 1542 bomi-

230 1571 305 1594 num
325 1559 431 1601 liceat,
457 1559 629 1607 praefatum
653 1560 843 1596 coenobium
867 1570 984 1597 temere

232 1614 426 1662 perturbare,
455 1622 507 1649 aut
529 1614 596 1649 eius
618 1615 834 1662 possessiones
850 1617 984 1661 auferre,

232 1669 278 1704 vel
301 1669 416 1704 ablatas
440 1669 591 1709 retinere,
615 1669 768 1710 minuere,
796 1678 847 1705 aut
868 1670 984 1717 aliqui-

232 1723 290 1758 bus
319 1723 535 1759 vexationibus
557 1723 704 1770 fatigare3
727 1725 780 1759 sed
804 1725 908 1760 onmia
935 1726 985 1759 in-

232 1786 315 1824 tegra
345 1786 587 1819 conserventur,
617 1790 743 1823 eorum,
766 1791 822 1826 pro
850 1791 983 1826 quorum

231 1832 460 1878 gubernatione
486 1841 517 1867 et
551 1832 803 1867 substentatione
837 1845 982 1868 concessa

232 1894 322 1926 sunt,
345 1886 456 1921 usibus
477 1886 668 1921 omnimodis
701 1887 878 1934 profutura:
902 1888 983 1923 salva

232 1940 325 1975 Sedis
350 1940 551 1988 Apostolicae
583 1941 779 1981 anctoritate,
807 1950 835 1976 et
858 1941 985 1977 dioece-

232 1995 297 2030 sani
332 1995 470 2042 episcopi
507 1995 656 2030 canonica
695 1995 821 2030 iustitia.
858 1996 891 2031 Si
924 2009 983 2043 qua

234 2049 329 2096 igitur
362 2049 393 2084 in
423 2049 561 2084 futurum
597 2050 806 2085 ecclesiastica
837 2051 985 2085 saecula-

235 2102 314 2138 risve
337 2115 481 2150 persona,
503 2103 584 2137 bane
607 2111 730 2138 nostrae
752 2103 984 2138 constitutionis

235 2156 378 2204 paginam
394 2157 510 2199 sciens,
529 2165 636 2192 contra
658 2169 726 2192 eam
740 2165 857 2192 temere
879 2158 983 2192 venire

234 2211 442 2258 temptaverit,
462 2212 602 2247 secundo
625 2211 752 2246 tertiove
774 2212 983 2257 commonita,

235 2265 259 2299 si
283 2276 344 2299 non
367 2265 579 2300 satisfactione
601 2277 739 2311 congrua
759 2265 983 2304 emendaverit,

236 2319 397 2366 potestatis
414 2319 606 2366 honorisque
628 2320 673 2353 sui
697 2319 848 2365 dignitate
869 2327 983 2359 careat,

237 2385 384 2421 reamque
417 2385 451 2408 se
485 2373 591 2407 divino
624 2373 739 2408 iudicio
774 2372 908 2407 existere
946 2373 985 2408 de

238 2435 412 2475 perpetrata
439 2427 602 2474 iniquitate
628 2435 817 2473 cognoscat;
844 2436 873 2461 et
895 2439 910 2461 a
933 2440 984 2462 sa-

236 2481 409 2517 cratissimo
424 2481 567 2528 Corpore
582 2492 618 2515 ac
632 2479 792 2526 Sanguine
810 2480 866 2514 Dei
883 2489 913 2515 et
927 2480 985 2515 Do-

237 2535 314 2569 mini
326 2534 549 2582 Redemptoris
564 2534 659 2569 nostri
676 2534 742 2569 lesu
755 2533 871 2569 Christi
887 2535 984 2569 aliena

238 2588 300 2632 liat,
331 2598 423 2636 atque
446 2590 474 2623 in
497 2597 636 2623 extremo
658 2589 801 2623 examine
825 2588 986 2624 districtae

237 2643 347 2677 ultioni
377 2642 544 2677 subiaceat.
582 2641 715 2676 Cunctis
747 2650 849 2676 autem
883 2642 984 2677 eidem

317 2699 391 2731 Ball.
417 2699 491 2729 Rom.
519 2699 571 2728 l'ul.
598 2699 631 2728 ll.
796 2699 826 2728 '11

1649 249 1712 282 ,¹501

1019 319 1085 352 lot-o
1108 332 1160 352 sna
1186 318 1249 351 iura
1273 316 1469 352 servantibus
1495 316 1533 350 sit
1563 328 1617 362 pax
1641 315 1768 350 Domini

1019 377 1114 411 nostri
1144 376 1211 410 lesu
1234 376 1364 420 Christi,
1390 384 1546 423 quatenns
1567 384 1597 410 et
1626 375 1676 410 hic
1702 375 1771 410 sru-

1018 443 1100 469 ctum
1130 435 1229 468 bonae
1257 434 1388 469 actionis
1420 434 1604 481 percipiant,
1628 443 1658 468 et
1685 434 1769 481 apud

1019 493 1192 527 districtum
1213 492 1351 527 Iudicem
1370 494 1504 540 praemia
1524 501 1668 527 aeternae
1685 493 1770 540 pacis

1021 551 1190 585 inveniant.
1224 551 1337 584 Arnen.

1070 609 1140 643 lino
1185 608 1347 642 tiramus
1393 609 1563 643 catholicae
1611 610 1770 645 Ecclesiae
1802 617 1821 662 ,ἴ

1020 667 1188 714 episcopus
1207 679 1248 699 ss.
1806 654 1826 666 ¹¹

1072 1169 1139 1215 Ego
1174 1167 1316 1202 Ubaldus
1343 1164 1503 1212 presbyter
1531 1161 1698 1197 cardinalis
1728 1160 1772 1194 tit.

1023 1228 1156 1263 Sanctae
1183 1227 1314 1261 l‘raxed.
1339 1238 1380 1260 ss.

1073 1287 1141 1332 Ego
1163 1285 1345 1320 Manli-edus
1362 1283 1522 1331 presbyter
1544 1280 1709 1316 cardinalis
1726 1279 1772 1314 tit.

1025 1346 1157 1380 Sanctae
1179 1344 1315 1379 Sabinae
1341 1355 1381 1377 ss.

1075 1404 1141 1450 Ego
1169 1403 1334 1437 Aribertus
1356 1401 1517 1449 presbyter
1539 1398 1705 1434 cardinalis
1727 1398 1774 1432 tit.

1025 1462 1159 1497 Sanctae
1184 1460 1367 1495 Anastasiae
1389 1473 1430 1495 ss.

1074 1521 1142 1568 Ego
1165 1521 1316 1556 lordanus
1343 1519 1505 1568 presbyter
1536 1517 1702 1553 cardinalis
1730 1517 1775 1551 tit.

1025 1579 1158 1615 Sanctae
1180 1580 1344 1614 Snsannae
1370 1591 1412 1613 ss.

1075 1638 1142 1684 Ego
1164 1637 1238 1672 Otto
1263 1637 1342 1673 diac.
1379 1636 1546 1672 cardinalis
1579 1635 1613 1670 S.
1647 1634 1774 1681 Georgii

1026 1696 1061 1730 ad
1090 1695 1201 1730 Velnm
1231 1697 1369 1731 Aureum
1393 1708 1434 1730 ss.

1075 1754 1143 1801 Ego
1179 1754 1370 1790 Octavianus
1410 1754 1492 1789 diac.
1534 1753 1702 1789 cardinalis
1740 1754 1772 1788 S.

1027 1813 1143 1849 Nicolai
1168 1815 1197 1849 in
1221 1814 1355 1850 Carcere
1382 1814 1465 1849 Tull.
1494 1826 1535 1849 ss.

1074 1873 1141 1920 Ego
1164 1873 1268 1909 Guido
1294 1874 1374 1909 diac.
1399 1873 1519 1910 cardin.
1548 1873 1582 1908 S.
1606 1873 1722 1908 Mariae
1745 1872 1774 1906 in

1026 1931 1151 1967 Porticu
1173 1945 1214 1966 ss.

1074 1992 1143 2038 Ego
1166 1991 1300 2026 loannes
1321 1990 1400 2026 diac.
1416 1990 1582 2026 cardinalis
1604 1990 1654 2025 Ss.
1671 1990 1774 2037 Sergii

1026 2059 1055 2086 et
1076 2050 1192 2085 Bacchi
1216 2063 1257 2085 ss.

1074 2110 1143 2156 Ego
1165 2108 1328 2144 Rolandns
1355 2109 1434 2144 diac.
1458 2108 1626 2144 cardinalis
1643 2108 1692 2143 Ss.
1718 2108 1775 2144 Co·

1025 2181 1110 2203 smae
1136 2176 1166 2203 et
1193 2168 1338 2203 Damiani
1360 2181 1401 2203 ss.

1074 2227 1189 2262 Datum
1225 2226 1353 2273 Signiae
1390 2240 1444 2275 per
1478 2240 1605 2262 manum
1638 2227 1774 2263 Bosouis

1025 2285 1058 2319 S.
1087 2285 1126 2319 R.
1157 2285 1193 2319 E.
1216 2286 1394 2332 scriptoris,
1424 2298 1454 2319 xi
1476 2285 1578 2320 kalen.
1600 2286 1773 2331 decembr,

1027 2344 1130 2378 indict.
1154 2356 1219 2384 xiv,
1246 2344 1470 2379 incarnationis
1491 2344 1666 2380 dominicae
1689 2358 1773 2380 anno

1026 2416 1107 2440 sici„
1147 2402 1347 2449 pontificatus
1387 2415 1459 2438 vero
1498 2403 1605 2438 domni
1638 2403 1772 2451 Eugenii

1028 2461 1128 2508 Papae
1150 2460 1191 2494 lll
1218 2473 1301 2495 anno
1328 2473 1372 2495 v1.

1047 2518 1106 2547 Dat.
1125 2518 1171 2547 die
1194 2518 1227 2547 22⁴1
1246 2518 1414 2548 novembris
1433 2528 1508 2548 anno
1527 2518 1641 2548 Domini
1668 2519 1753 2557 1150,

1268 2562 1369 2601 pontif.
1388 2572 1464 2591 anno
1487 2571 1523 2593 vt-

1785 259 1834 285 An:
1850 258 1877 285 C.
1897 257 1963 284 ¹¹50

1800 1174 1971 1200 Subscriptiones

1787 1210 1870 1232 quoquc
1901 1205 1972 1225 cardi-

1787 1236 1865 1256 nalium
1872 1234 1892 1256 S.
1900 1235 1922 1256 R.
1931 1235 1972 1255 Ec-

1789 1267 1875 1287 etesiae.
