2180 3205
30 263 80 290 Αιι.
101 261 212 290 &1097

876 254 1022 277 rnmws
1045 254 1067 276 ΙΙ
1092 255 1140 276 ΡΡ.

289 311 449 358 Scriptum
485 323 540 359 per
575 323 703 346 manum
726 310 810 346 Petri
835 309 990 344 scriniarii

241 361 322 396 sacri
350 361 467 408 palatii.

295 1453 411 1489 Datum
434 1454 577 1489 Laterani
607 1466 662 1501 pcr
689 1466 817 1488 manum
846 1452 998 1487 Iohannis

246 1502 281 1538 S.
305 1503 343 1538 Pu.
367 1503 402 1538 E.
426 1503 549 1538 diaconi
572 1503 741 1538 cardinalis
763 1515 796 1537 vi
816 1502 875 1536 kal.
893 1502 998 1548 apt-'dis

247 1552 355 1587 indict.
390 1564 422 1596 v,
449 1565 532 1588 anuo
567 1552 689 1587 domin.
721 1554 839 1587 incarn.
863 1563 998 1591 mxcvii,

247 1613 330 1636 anno
364 1609 467 1636 autem
509 1602 708 1648 pontificatus
747 1601 855 1636 domui
895 1600 999 1647 Papae

247 1649 367 1685 Urbani
390 1651 520 1686 secundi
543 1664 575 1686 x.

311 2104 373 2135 Dat.
392 2105 438 2135 die
456 2104 492 2134 ΞΠ
517 2103 613 2134 martii
633 2111 708 2132 anno
726 2100 842 2131 Domini
863 2100 948 2137 1097,

507 2143 610 2183 pontif.
629 2151 705 2172 auno
722 2150 749 2171 x.

304 2334 508 2379 Privileqt'um
539 2331 696 2366 Vemlensi
716 2329 873 2363 Ecclesiae
896 2328 953 2371 (1).

522 2398 738 2432 SUMMAIUUM

256 2466 425 2498 Exordium.
452 2481 493 2487 —
508 2463 725 2492 Confirmantur
743 2458 916 2489 donationes
938 2455 1008 2485 huic

297 2506 445 2536 Ecclesiae
467 2504 619 2541 hucusque
640 2501 742 2536 sactae,
757 2498 801 2527 vel
817 2498 1007 2540 imposterum

298 2545 460 2576 faciendae.
487 2560 526 2566 —-
556 2542 708 2571 Decretum
739 2547 791 2578 pro
824 2538 1009 2567 immunitato

295 2608 333 2642 (l)
353 2607 392 2633 Ex
408 2605 548 2632 Tabulario
565 2602 695 2629 Ecclesiae
712 2600 791 2626 huius
807 2598 889 2625 edidit
906 2596 1007 2632 Ughell.

260 2647 318 2675 Ital.
333 2647 400 2676 Suc.
419 2649 482 2671 tom.
502 2653 520 2670 t.

379 2689 454 2721 Bau.
473 2688 550 2719 Rom.
579 2686 632 2717 l‘ol.
652 2685 688 2714 II.
712 2689 714 2691 ’
851 2681 888 2711 ⁶24

1672 243 1740 275 185

1073 308 1204 337 niualem
1234 307 1394 343 Ecclesiae,
1417 316 1450 337 ac
1478 306 1622 338 bonorum
1647 307 1724 337 eius.
1749 323 1788 330 —-

1073 348 1181 378 Solitac
1201 348 1362 377 clausulae.

1032 419 1154 446 Urbanus
1178 419 1320 455 episcopus
1345 426 1440 448 servus
1459 424 1599 447 servorum
1613 417 1668 451 Det.
1689 418 1789 447 dilecto

1077 467 1161 496 fratri
1180 468 1287 496 Athen-to
1303 469 1442 497 verulensi
1459 469 1583 504 episcopo
1603 468 1712 503 eiusque
1729 474 1787 495 suc·

1077 517 1228 545 cessoribus
1253 517 1378 545 canonice
1404 517 1612 549 substituendis,
1637 517 1666 544 in
1691 523 1786 552 perpe-

1078 567 1165 594 tuum.

1081 628 1174 662 Iustis
1195 628 1271 662 votis
1290 640 1453 663 assensum
1483 628 1645 675 praebere,
1675 627 1784 662 iustis-

1033 690 1093 724 que
1122 677 1325 724 petitionibus
1356 689 1448 711 aures
1485 677 1689 712 accomodare
1727 688 1784 711 nos

1034 727 1190 766 convenit,
1217 727 1268 773 qui
1298 727 1371 761 licet
1398 726 1519 771 indigui
1556 727 1691 761 iustitiae
1723 738 1784 760 cu-

1034 776 1140 810 stodes
1167 784 1260 822 atque
1281 787 1451 821 praecones
1469 775 1496 809 in
1515 775 1633 809 excelsa
1657 785 1786 822 aposto-

1035 825 1136 859 lorum
1170 825 1324 871 principis
1359 824 1442 858 Petri
1471 832 1500 858 ct
1533 824 1621 858 Pauli
1658 824 1788 870 specula

1037 875 1140 921 positi,
1168 875 1305 908 Domino
1324 874 1525 920 disponente,
1556 873 1698 908 ridemur
1720 873 1788 907 exi-

1035 931 1127 958 stere.
1151 923 1227 957 Tuis
1255 924 1358 970 igitur,
1390 922 1482 957 frater
1504 922 1533 956 in
1557 922 1684 957 Christo
1707 922 1788 957 cha-

1037 974 1158 1007 rissime
1187 973 1338 1012 Alberte,
1373 972 1463 1006 iustis
1491 971 1697 1018 petitionibus
1731 984 1790 1005 an-

1038 1030 1180 1062 nuenteS,
1216 1022 1249 1056 S.
1285 1021 1474 1056 Verulanum
1511 1020 1703 1063 Ecclesiam,
1739 1020 1788 1055 cui

1036 1072 1167 1106 authore
1192 1071 1256 1106 Deo
1281 1070 1452 1118 praesides,
1477 1069 1678 1116 Apostolicac
1697 1069 1790 1104 Sedis

1039 1121 1221 1155 :uictoritatc
1245 1121 1416 1154 munimus.
1441 1120 1619 1154 Statuimus
1640 1119 1739 1162 enim,
1759 1127 1793 1152 ut

1038 1183 1256 1217 quaecumque
1283 1170 1384 1204 eidem
1411 1168 1577 1202 vonerabili
1596 1169 1664 1203 loco
1686 1180 1702 1202 a
1717 1168 1792 1215 qui-

1041 1220 1175 1253 bit-libet
1197 1219 1377 1254 hominihus
1404 1218 1443 1252 de
1471 1218 1597 1264 proprio
1633 1218 1698 1251 iure
1727 1218 1786 1250 iam

1050 1269 1150 1302 louata
1178 1277 1261 1309 suut,
1288 1268 1335 1302 vel
1362 1269 1392 1301 iu
1421 1267 1561 1301 sunu-um
1586 1266 1791 1301 concessione

1042 1318 1246 1356 Pontificum,
1286 1317 1466 1351 liberalitate
1503 1316 1679 1362 principum
1695 1343 1702 1356 ,
1746 1315 1792 1349 vel

1040 1367 1197 1401 oblatione
1218 1366 1370 1406 fidelium,
1394 1365 1460 1399 Deo
1476 1366 1655 1408 miserante,
1678 1363 1791 1399 collata

1041 1416 1166 1459 suerint,
1191 1418 1278 1450 lirina
1307 1415 1362 1449 tibi
1395 1415 1519 1461 tuisque
1541 1414 1792 1453 successoribus,

1039 1465 1208 1500 ot-iiiibata
1242 1473 1453 1512 permaneant.
1482 1462 1580 1497 Vallis
1602 1463 1721 1497 scilicet
1754 1462 1793 1496 de

1042 1515 1185 1549 Literana
1208 1527 1278 1549 cum
1295 1514 1440 1548 affinibus
1462 1512 1539 1552 suis,
1563 1512 1700 1546 Lacusce
1721 1524 1793 1545 cum

1042 1564 1236 1610 pertInentiis
1258 1564 1334 1607 suis,
1355 1563 1533 1605 Astianum,
1554 1561 1685 1603 Patena,
1707 1560 1793 1594 Mun-

1041 1614 1210 1659 degauum,
1250 1613 1433 1652 Paternum,
1472 1610 1622 1650 Cassale,
1664 1609 1792 1656 Criptae

1042 1663 1196 1703 Anselmi,
1232 1661 1419 1696 Cassianum
1448 1673 1519 1695 cum
1556 1671 1665 1694 eorum
1695 1659 1794 1706 perti-

1043 1713 1173 1751 nentiis,
1197 1711 1351 1746 ecclesiae
1378 1709 1412 1744 S.
1440 1710 1563 1753 Crucis,
1595 1708 1628 1743 S.
1657 1708 1795 1747 Mariae,

1042 1774 1123 1807 quae
1144 1761 1260 1795 dicitur
1276 1760 1439 1803 Rutunda,
1457 1760 1564 1793 Sancti
1588 1757 1794 1802 Archangeli,

1042 1811 1075 1845 S.
1096 1811 1210 1845 Mariae
1223 1810 1261 1844 de
1277 1810 1398 1844 l'aretis
1410 1821 1482 1843 cum
1504 1807 1703 1855 pertinentiis
1717 1806 1796 1847 suis,

1044 1860 1274 1899 molendinum,
1304 1859 1387 1906 quod
1415 1866 1462 1892 est
1491 1858 1521 1891 iu
1555 1857 1695 1896 Masena,
1723 1867 1796 1890 cum

1046 1909 1243 1955 pertinentiis
1265 1909 1343 1947 suis,
1371 1907 1501 1942 ecclesia
1519 1906 1553 1941 S.
1581 1904 1747 1952 Stephani,
1767 1912 1798 1938 et

1044 1958 1077 1993 S.
1101 1959 1161 1992 Viti
1185 1970 1258 1993 cum
1289 1957 1486 2004 pertiuentiis
1513 1967 1634 1995 earum,
1661 1953 1795 1989 ecclesia

1044 2007 1094 2042 Ss.
1125 2008 1259 2042 Cosmae
1286 2006 1474 2042 etDamiani
1499 2017 1570 2039 cum
1601 2002 1798 2049 pertinentiis

1045 2058 1119 2101 suis,
1154 2057 1284 2091 ecclesia
1311 2056 1344 2090 S.
1368 2055 1479 2101 Augeli
1507 2054 1546 2088 de
1578 2053 1702 2098 Forgna
1725 2063 1799 2086 cum

1045 2105 1141 2152 sylvis
1162 2114 1193 2140 et
1217 2105 1385 2140 'territoriis
1408 2104 1493 2143 suis,
1524 2101 1655 2136 ecclesia
1683 2101 1717 2135 S.
1740 2100 1799 2134 Io-

1046 2156 1136 2189 annis
1159 2155 1187 2188 in
1221 2154 1377 2188 territorio
1410 2151 1610 2195 Frusinonis,
1639 2162 1717 2197 quae
1741 2149 1800 2183 sita

1047 2212 1093 2238 cst
1115 2205 1199 2238 iuxta
1222 2204 1338 2237 flumen
1359 2202 1483 2242 Casam,
1503 2213 1574 2235 cum
1591 2199 1742 2234 omnibus
1763 2197 1801 2232 ad

1048 2253 1150 2299 ipsum
1174 2252 1420 2299 pertinentibus,
1457 2250 1545 2284 lacus
1567 2249 1606 2283 de
1629 2248 1801 2291 Masciano,

1047 2310 1078 2336 et
1099 2302 1247 2349 quicquid
1272 2302 1302 2335 in
1331 2300 1486 2335 territorio
1512 2298 1634 2333 Surrici
1658 2309 1714 2345 per
1744 2308 1801 2331 au-

1050 2355 1184 2390 thentica
1232 2355 1411 2389 chartarum
1449 2359 1654 2387 monumenta
1693 2352 1798 2384 eidem

1050 2410 1224 2444 Verulauae
1238 2407 1397 2442 Ecclesiae
1415 2406 1571 2453 pertinere
1587 2404 1799 2451 cognoscitur.

1050 2465 1110 2498 Por
1132 2465 1232 2510 ipsam
1252 2463 1356 2509 itaque
1378 2468 1440 2495 tam
1459 2460 1512 2494 tibi
1536 2471 1630 2507 quam
1654 2458 1718 2492 tuis
1736 2469 1805 2492 suc-

1050 2517 1228 2552 cessoribus
1250 2514 1420 2562 episcopali
1449 2514 1516 2548 iure
1538 2511 1708 2558 regendam
1731 2522 1805 2558 per-

1052 2580 1161 2619 petuo,
1198 2582 1233 2604 ac
1262 2567 1490 2616 disponendam
1523 2565 1731 2602 concedimus
1757 2572 1805 2598 at-

1051 2638 1112 2672 que
1146 2625 1307 2659 firmamus
1329 2623 1486 2658 civitatem
1512 2620 1702 2656 Verulanum
1733 2630 1806 2654 cum

1809 242 1857 268 Λη.
1879 240 1906 267 C.
1926 240 1990 267 1007

1848 613 1968 635 Exordium.

1850 1108 2002 1129 continuantur

1819 1136 1944 1156 donationes
1954 1135 2002 1155 huic

1830 1162 1937 1182 Eut-twim·
1947 1162 2000 1181 hur-

1818 1194 1883 1215 uuque
1891 1188 2004 1212 sactae,vet

1819 1217 1953 1241 imposterum
1974 1214 2002 1235 sa-

1818 1242 1913 1263 ciendae.
