2180 3205
777 174 977 201 PRAEFATIO
1585 177 1674 202 xxnt

82 228 117 264 in
144 228 293 265 Litteris
319 228 361 264 ad
386 228 567 273 Primates,
588 230 816 274 Pafflarchas,
836 231 1122 279 Archiepiscopos
1142 232 1175 268 'et
1195 232 1381 281 Episcopus
1407 232 1556 269 universi
1584 233 1675 269 orbis

81 286 259 330 Catholici,
287 298 433 334 quorum
461 288 637 335 exemplar
663 289 706 324 ad
727 294 895 336 quotquot
915 295 995 325 sunt
1015 289 1144 337 ubique
1165 296 1333 326 terrarum
1353 290 1385 326 S.
1407 290 1505 326 Sedis
1533 291 1676 337 Legatos

80 343 192 380 Roma
218 344 363 379 missum
391 344 453 380 suit
478 345 526 389 >3¹³3
554 357 593 381 ac
621 352 794 394 postremo
822 346 855 381 in
894 346 1009 383 Verbis
1034 347 1157 383 lectori
1184 348 1343 384 benevolo
1370 348 1482 396 primo
1511 348 1674 384 volumini

79 437 194 470 ciendis,
210 437 286 465 libris
306 437 426 473 undique
446 438 613 474 colligendis,
631 438 780 475 peritorum
803 439 940 466 hominnm
961 439 1122 466 adhibendis
1140 439 1264 475 ingeniiS,
1287 440 1412 468 archiviis
1432 441 1533 476 ubique
1553 442 1674 469 locorum

80 482 272 510 examimandis
293 487 319 509 et
338 482 363 509 id
384 491 470 518 genus
494 483 628 511 sexcentis
647 484 706 511 aliis
727 484 895 520 praestandis
909 507 915 518 ,
937 485 1010 520 regia
1030 493 1095 512 sane
1124 493 1189 520 gaza
1215 493 1284 520 opus
1305 490 1385 512 esset.
1407 486 1482 517 Quod
1504 486 1623 521 profecto
1643 495 1675 514 eo

79 526 204 559 dicimus.
225 531 255 554 ut
273 532 300 554 et
319 527 364 563 qui
380 527 432 554 iam
452 533 561 555 nostrae
580 528 689 555 Bullarii
709 528 821 555 editioni
842 528 1039 564 subscripsere,
1061 537 1108 557 eos
1127 529 1321 565 subscripsisse
1339 538 1390 557 non
1408 530 1554 566 poeniteat,
1575 530 1675 567 quique

80 571 199 600 nondum
215 581 295 599 suum
311 571 412 599 dedere
428 581 536 605 nomen,
553 572 617 599 illud
635 573 698 600 dare
716 573 855 600 festinent.

118 627 130 641 ι
147 616 235 644 Bullas
256 625 317 644 vero
333 621 359 643 et
374 617 519 653 diplomata
534 617 559 644 in
576 617 660 645 veteri
677 617 791 645 bullario
808 618 917 652 emisso,
934 618 1067 646 distinctis
1083 618 1272 652 voluminibus,
1290 619 1384 646 eodem
1400 623 1523 655 tempore
1539 619 1674 647 dabimus.

77 660 151 693 Quae
171 661 252 689 veluti
272 662 473 698 Cocqueliniani
493 661 600 689 Bullarii
624 662 822 697 Appendicem
848 662 1022 697 conflabunt,
1049 663 1119 690 illius
1143 672 1207 690 sane
1233 664 1460 699 complementum
1480 665 1673 692 necessarium.

78 705 215 742 Augustae
229 707 443 733 Taurinorum...
461 707 515 733 kal.
532 706 647 733 sexstitis
662 713 798 734 nnccctvn
809 718 835 734 ».

113 752 154 787 (l)
173 750 212 778 En
230 751 391 778 Litterarum
406 755 496 778 tenor:
515 751 747 778 Excellentissime
763 753 787 778 in
803 752 908 779 Christo
924 752 1003 780 Pater
1018 757 1043 780 et
1062 753 1079 780 l)
1093 753 1184 780 vminc!

118 806 131 821 «ι
146 796 238 823 Annus
257 795 309 822 iam
329 796 436 832 elapsus
456 799 507 825 est.
525 804 556 823 ex
576 804 629 831 quo
650 796 795 827 innumeri,
812 797 885 833 iique
905 797 1023 825 illustres
1044 798 1142 834 pietate
1164 798 1211 824 viri
1236 798 1384 825 christiano
1405 798 1505 825 nomini
1525 798 1675 835 studiisque

77 839 247 876 gravioribus
266 840 375 875 addicti,
396 840 632 876 praestolabantur
651 841 708 868 fore
721 845 758 874 ut,
771 850 864 868 corum
885 843 953 869 votis
973 842 1104 870 facientes
1120 843 1194 877 satis,
1211 843 1334 878 Magnum
1351 843 1498 870 Bullarium
1514 843 1674 875 Romanum,

78 885 147 922 typis
165 885 295 913 Mainardi
314 885 474 912 adornatum
493 885 602 913 saeculo
617 892 682 912 xvnt
697 886 818 917 ineunte,
840 887 917 914 cuius
937 888 1100 923 exemplaria
1119 888 1152 914 ad
1172 896 1255 914 unum
1276 887 1367 915 omnia
1386 888 1469 915 multo
1489 896 1554 915 aere
1571 897 1674 915 venun-

77 931 140 958 data
153 930 248 958 nullibi
264 930 385 966 reperire
401 934 451 963 est,
466 930 493 957 in
508 939 607 957 novam
624 939 672 958 nos
687 931 774 958 lucem
792 931 986 966 proferremus.
1009 932 1153 968 Egregium
1169 941 1244 967 sane,
1261 936 1288 960 at
1303 933 1412 969 plenum
1427 933 1502 960 aleae
1518 933 1672 968 negotium!

78 974 185 1011 Nupera
203 975 336 1011 siquidem
357 980 448 1002 nostra
468 974 535 1002 haec
549 975 642 1007 editio,
663 983 826 1011 quamquam
849 976 965 1003 fideliter
985 985 1046 1003 cum
1066 985 1179 1004 romana
1198 976 1316 1004 editione
1337 978 1489 1008 conveniat.
1510 982 1599 1005 tamen
1615 986 1674 1005 eam

77 1019 168 1047 multis
187 1020 260 1047 curis
279 1019 429 1056 studiisque
450 1019 631 1056 prosequitur.
653 1020 682 1046 ln
704 1020 811 1055 primis,
834 1020 875 1048 liic
896 1021 950 1048 illic
965 1021 1104 1049 erroribus
1127 1026 1254 1049 accurate
1274 1026 1314 1049 est
1333 1022 1515 1049 Mainardiana
1531 1022 1674 1058 impressio

77 1065 268 1100 expurganda;
289 1065 414 1100 plurimis
437 1064 535 1091 deinde
564 1064 755 1092 additamentis
774 1066 977 1101 amplificanda,
998 1067 1188 1102 locupletanda
1210 1067 1347 1094 nonnullis
1376 1067 1672 1100 animadversionibus3

78 1117 133 1138 non
151 1109 224 1146 quod
243 1109 446 1146 Cocquelinium
462 1109 614 1143 oblivionis,
630 1113 675 1136 aut
695 1110 834 1137 socordiae
854 1110 1031 1137 lllainardium
1051 1111 1215 1143 incusemus,
1237 1111 1284 1138 sed
1304 1111 1367 1147 quia
1386 1112 1485 1139 invicte
1504 1116 1576 1147 patet
1591 1113 1674 1140 multa

78 1154 105 1181 in
120 1162 215 1181 eorum
231 1154 402 1188 calcenone,
414 1157 443 1180 ut
458 1157 487 1180 ut
502 1153 643 1185 diiissima,
662 1153 821 1186 desiderari,
839 1163 907 1191 quae
922 1155 1034 1182 forsitan
1051 1155 1100 1191 ipsi
1117 1156 1218 1183 habere
1234 1165 1287 1183 non
1303 1160 1458 1192 potuerunt.

116 1198 308 1226 «·Recentiora
326 1198 437 1233 insuper
452 1202 574 1234 tempora
593 1198 723 1234 ingressis
743 1199 820 1226 nobis
840 1203 900 1226 octo
921 1204 1067 1227 occurrunt
1096 1200 1239 1227 Pontifices
1258 1201 1284 1227 in
1307 1201 1378 1228 Petri
1398 1201 1532 1228 Cathedra
1551 1211 1566 1228 a
1586 1201 1672 1230 Bene-

79 1243 150 1271 dicto
164 1243 232 1278 xlv,
255 1251 370 1278 quorum
392 1242 499 1276 Bullas,
524 1243 612 1278 quoad
632 1244 691 1270 fieri
711 1244 811 1279 poterit
829 1244 992 1278 accuratius,
1009 1245 1178 1280 colligemus.
1200 1245 1298 1272 Verum
1318 1245 1389 1272 enim
1410 1254 1484 1280 vero,
1505 1255 1559 1273 non
1588 1255 1673 1283 pauca

78 1287 168 1316 adhue
186 1292 360 1315 monumenta
380 1287 518 1323 pontificia
538 1287 647 1315 exulant
671 1297 702 1315 ex
731 1289 857 1315 omnibus
877 1289 1018 1325 hucusque
1037 1290 1142 1316 excusis
1162 1290 1298 1317 Bullariis:
1321 1290 1404 1317 multa
1424 1290 1604 1318 bibliothecae
1626 1300 1674 1326 per

29 1346 32 1347 ν
78 1333 233 1359 universum
253 1332 346 1359 orbem
367 1332 557 1359 disseminatae
574 1341 622 1359 nos
642 1333 739 1367 celant,
760 1333 860 1368 quibus
879 1333 1004 1360 videlicet
1023 1334 1194 1361 documentis
1208 1336 1323 1361 solerter
1338 1335 1529 1370 investigandis
1544 1336 1673 1371 colligen-

76 1376 172 1412 disque
183 1375 352 1403 adlaborabit
361 1384 504 1403 romanum
516 1376 736 1404 Doctissimorum
749 1377 891 1404 Hominum
905 1378 1054 1413 Collegium
1065 1380 1125 1414 (pro
1137 1379 1213 1406 cuius
1227 1379 1395 1406 institutione
1405 1380 1439 1406 ad
1455 1380 1673 1416 locupletandum

75 1420 321 1457 expoliendumque
340 1421 494 1448 Romanum
516 1420 660 1447 Bullarium
681 1421 758 1448 enixe
778 1426 898 1448 nostrum
919 1427 1099 1457 protectorem
1120 1423 1227 1450 E.mum
1242 1423 1311 1450 Card
1338 1423 1428 1451 Gaude
1448 1424 1671 1460 obsecravimus),

79 1474 215 1502 magnam,
231 1465 378 1501 ingentem,
395 1473 499 1492 sacram
517 1473 610 1501 gazam
630 1465 771 1501 adeptura.
787 1467 862 1498 Quae
878 1467 980 1499 omnia,
997 1468 1122 1503 quamvis
1137 1469 1230 1504 aequis
1245 1477 1336 1495 rerum
1356 1469 1574 1496 aestimatoribus
1593 1469 1674 1497 nimis

75 1510 216 1538 salebrosa
230 1510 283 1538 sint
299 1510 364 1543 visa,
381 1514 471 1537 tamen
486 1518 539 1537 non
555 1510 667 1537 defuere
682 1510 735 1537 alia
749 1511 780 1537 ad
798 1511 917 1538 animum
934 1511 1154 1539 labefactandum
1171 1513 1254 1540 multo
1269 1513 1381 1540 maiora.

114 1566 127 1581 α
142 1555 263 1584 Vidimus
278 1555 360 1588 enim,
375 1554 536 1590 penitusque
551 1555 738 1590 perspeximus
753 1559 870 1582 aetatem
887 1555 956 1583 hanc
972 1561 1090 1583 nostram
1106 1557 1241 1584 levissima
1255 1558 1409 1593 graviorum
1420 1558 1572 1586 studiorum
1587 1558 1675 1595 despi—

78 1601 178 1629 cientia
193 1599 261 1628 nulli
276 1607 378 1636 parem,
396 1598 573 1626 libentissime
593 1607 625 1626 ac
640 1599 722 1626 veluti
743 1600 875 1627 ambabus
891 1600 962 1627 ulnis
978 1601 1062 1628 libros
1079 1602 1231 1637 complecti,
1248 1602 1293 1638 qui
1316 1603 1442 1638 profanas
1460 1604 1595 1630 novitates
1609 1603 1674 1631 edo-

74 1649 150 1679 cent;
165 1653 280 1681 eamque
294 1653 310 1671 a
325 1644 437 1670 veritate
452 1644 572 1670 auditum
588 1648 765 1676 avertentem,
782 1644 815 1671 ad
832 1645 936 1672 fabulas
956 1654 1016 1672 esse
1036 1654 1195 1673 conversam
1211 1647 1245 1677 (ΙΙ
1260 1647 1297 1673 ad
1314 1647 1448 1681 Timoth„
1461 1654 1497 1681 tv,
1509 1648 1545 1680 4).
1562 1648 1673 1675 Tetrum

74 1689 182 1723 revera,
196 1689 339 1723 miserum,
356 1688 527 1721 detestabile,
548 1688 724 1716 nihilominus
746 1697 874 1724 praesens
900 1689 1121 1726 exploratumque
1146 1699 1237 1718 rerum
1257 1692 1290 1718 ad
1315 1691 1474 1727 religionem
1490 1692 1670 1727 spectantium

73 1734 228 1763 fastidium!
250 1733 289 1761 Ex
307 1742 360 1769 quo
381 1741 434 1760 non
450 1733 529 1761 modo
550 1733 692 1760 utilitatem
708 1734 765 1761 fere
781 1734 881 1761 nnllam
897 1734 975 1761 nobis
991 1743 1058 1770 opus
1075 1740 1127 1762 tam
1143 1736 1261 1771 amplum
1276 1736 1446 1772 suscepturis
1460 1737 1535 1764 licuit
1549 1745 1671 1773 sperare,

74 1788 167 1808 verum
186 1783 215 1806 et
232 1779 272 1806 rei
301 1778 443 1806 familiaris
472 1779 577 1806 iactura
602 1787 655 1805 non
681 1779 854 1806 mediocriter
877 1779 927 1806 fuit
954 1780 1184 1814 pertimescenda.
1206 1781 1277 1812 Quid
1301 1781 1404 1816 igitur?
1426 1781 1514 1808 Palam
1548 1781 1673 1818 loquutos

72 1825 156 1853 tuisse
171 1823 243 1852 haud
259 1831 308 1850 nos
323 1823 482 1859 poenitebit.
500 1823 562 1850 Plus
577 1823 648 1859 apud
663 1831 713 1850 nos
727 1823 861 1850 bonorum
877 1828 938 1851 vota
953 1833 1112 1861 precesque,
1129 1825 1189 1853 E'mt
1205 1825 1298 1852 Gaude
1313 1825 1463 1853 Cardinalis
1479 1826 1668 1862 patrocinium,

71 1869 173 1897 Summi
193 1869 332 1896 Pontificis
346 1868 465 1895 secunda
477 1868 568 1895 omina
584 1868 702 1899 valuere,
719 1877 800 1904 quam
821 1868 969 1895 mittendae
989 1869 1120 1905 pecuniae
1136 1869 1232 1897 timor!
1254 1869 1434 1901 Quamobrem
1449 1879 1517 1906 opus
1536 1869 1666 1907 aggressi,

71 1914 144 1951 quod
159 1914 264 1942 bonum
278 1914 452 1949 faustumque
467 1913 510 1941 sit,
528 1913 643 1940 alterum
663 1913 770 1940 Bullarii
788 1913 912 1940 volumen
927 1913 979 1940 iam
996 1914 1021 1940 in
1039 1915 1127 1941 lucem
1143 1914 1313 1950 protulimus.

108 1970 120 1985 ι
135 1959 243 1986 Manum
267 1967 340 1986 nunc
364 1958 443 1985 tertio
459 1957 626 1993 imposituris
638 1958 724 1984 visum
740 1962 781 1985 est
796 1958 829 1985 ad
845 1958 1002 1986 universum
1018 1959 1083 1986 Ven.
1101 1959 1298 1995 Episcoporum
1319 1960 1442 1987 ordinem
1466 1960 1622 1996 confugere,
1639 1964 1670 1988 ut

70 2003 165 2040 vigiles
179 2003 231 2040 ipsi
246 2003 386 2031 christiani
401 2002 491 2038 gregis
505 2007 629 2039 pastores
648 2006 768 2030 nostrum
784 2011 838 2030 non
854 2004 1081 2031 contemnendum
1096 2004 1122 2031 in
1139 2013 1216 2031 sacra
1232 2005 1397 2032 monimenta
1411 2005 1529 2032 studium
1551 2005 1671 2041 comple-

70 2053 192 2082 ctantur,
216 2047 362 2082 adiuvent,
390 2048 517 2082 foveant,
543 2051 570 2074 et
592 2055 645 2074 una
668 2048 748 2074 simul
771 2047 924 2075 Catholicae
948 2048 1087 2076 Ecclesiae
1107 2049 1179 2076 hono
1200 2050 1351 2081 consulant„
1368 2050 1481 2086 eiusque
1502 2050 1626 2077 hostibus
1642 2059 1672 2078 os

68 2093 335 2131 impudentissimum
355 2092 507 2119 obstruant.
529 2092 583 2120 Nos
603 2093 675 2119 enim
699 2092 789 2119 animo
812 2093 950 2120 dumtaxat
964 2094 1101 2129 vigemus;
1122 2094 1170 2121 sed
1195 2095 1319 2129 valeant,
1334 2094 1372 2122 ita
1387 2103 1436 2122 nos
1451 2096 1524 2122 Deus
1539 2095 1670 2129 fortunet‚

68 2144 153 2167 reeta.
172 2147 246 2172 vera,
263 2145 391 2173 prospera
406 2137 533 2164 consilia!

108 2195 122 2209 α
136 2184 173 2211 Te
187 2183 289 2218 itaque,
305 2182 529 2209 excellentissime
554 2181 676 2213 Domine,
693 2185 773 2218 atque
799 2182 960 2209 venerabilis
984 2183 1071 2212 Pater.
1089 2192 1198 2211 oramus
1213 2189 1295 2220 atque
1318 2185 1499 2218 obtestamur,
1516 2189 1545 2212 ut
1560 2193 1613 2221 qua
1628 2189 1671 2214 est

68 2230 95 2257 in
116 2230 202 2257 Deum
227 2229 335 2263 pietate,
353 2235 406 2262 qua
427 2226 453 2252 in
474 2226 572 2253 Christi
595 2235 659 2253 oves
678 2226 829 2262 diligentia,
844 2227 865 2253 si
880 2236 948 2263 quae
964 2227 992 2254 in
1007 2233 1068 2255 tuae
1090 2228 1212 2256 Diocesis
1232 2229 1373 2256 tabulariis
1396 2234 1423 2256 et
1448 2229 1620 2256 bibliothecis
1636 2229 1669 2256 ad

69 2273 202 2309 Capitula,
219 2272 366 2306 Eoelesias,
384 2271 542 2298 Mun-asteria
561 2271 761 2306 pertinentibus
775 2271 865 2298 uuttae
876 2278 939 2298 sunt
954 2272 1074 2299 nondum
1086 2273 1184 2305 editae,
1197 2282 1243 2300 eas
1259 2274 1359 2301 affabre
1375 2283 1407 2301 ex
1422 2274 1478 2301 suis
1494 2274 1669 2309 autographis

69 2317 196 2350 exscribi,
211 2317 298 2353 adqw
313 2324 362 2343 nos
385 2316 492 2342 mittere
507 2316 632 2343 festines:
651 2316 722 2352 quod
748 2321 903 2351 pergratum
918 2317 1007 2347 nohis,
1025 2317 1111 2353 iisque
1132 2322 1274 2354 acceptum
1290 2319 1400 2348 scimus.
1417 2319 1517 2354 quibus
1533 2319 1607 2345 cordi
1628 2324 1669 2347 est

69 2362 229 2391 Pontificum
244 2361 364 2395 decreta,
380 2360 586 2388 constitutiones
602 2365 629 2387 et
645 2361 671 2387 id
687 2369 772 2396 genus
787 2361 838 2388 alia
853 2370 904 2388 non
921 2362 1100 2389 archiviorum
1118 2363 1215 2398 pluteis
1238 2363 1385 2395 abscondi,
1409 2364 1543 2390 tinearum
1564 2364 1667 2399 epulas,

68 2409 110 2435 ast
123 2407 151 2434 in
166 2414 338 2434 communem
352 2405 495 2432 utilitatem
511 2406 736 2441 commodumque
752 2406 876 2442 proferri.

106 2451 265 2483 «Quoniam
287 2458 350 2477 vero
374 2450 451 2478 abtot
473 2450 545 2477 curis
567 2449 760 2485 hominumque
784 2450 1003 2478 doctissimorum
1032 2451 1150 2478 consiliis
1173 2452 1264 2486 paullo
1285 2452 1363 2479 nohis
1391 2453 1569 2488 copiosiorem
1589 2453 1667 2480 addi-

68 2496 171 2524 tionum
193 2498 315 2531 segetem
338 2494 555 2522 subnascituram
579 2494 777 2530 praevidemus,
795 2498 875 2530 atque
899 2496 1039 2526 nonnulla,
1061 2496 1148 2524 serius
1164 2496 1197 2523 ad
1217 2505 1267 2523 nos
1281 2496 1390 2531 delata,
1413 2497 1503 2524 locum
1518 2497 1546 2524 in
1563 2497 1669 2525 excusis

69 2539 251 2568 voluminibus
265 2539 338 2566 haud
353 2542 432 2566 nacta
447 2542 519 2571 sunt,
536 2538 599 2565 hinc
615 2538 792 2572 Appendicz'e
808 2544 955 2566 necess-tas
970 2540 1044 2576 operi
1062 2540 1203 2567 addendae
1218 2541 1353 2576 apparuit,
1369 2541 1395 2567 in
1411 2549 1464 2576 qua
1479 2541 1570 2568 sedum
1586 2542 1668 2569 etiam

68 2584 208 2612 habebunt
230 2583 330 2611 omissa
343 2591 360 2610 a
372 2583 556 2620 Cocquelinio,
574 2587 666 2619 utpote
689 2583 771 2611 dubia
795 2588 841 2610 aut
864 2589 999 2620 suspeota,
1017 2587 1157 2612 autetiam
1173 2585 1282 2621 ignota,
1304 2586 1372 2612 scitu
1392 2586 1566 2613 nihilominus
1581 2587 1667 2614 doctis

69 2629 134 2656 viris
146 2628 303 2664 dignissima
313 2649 319 2655 .
331 2649 337 2655 .
349 2649 356 2655 .

111 2683 124 2700 α
133 2674 273 2709 Augustae
286 2673 477 2709 Taurinorum,
494 2673 547 2701 kal.
565 2673 716 2701 decembris
730 2680 867 2701 uncccnvn
877 2684 904 2701 ».
