2180 3205
393 242 456 277 866
972 252 1156 278 annualem
1172 251 1325 277 nomnen

371 316 483 348 Petrus
504 314 766 358 archiepiscopus
787 313 1026 347 Acheruntinus
1046 313 1145 358 pallio
1167 319 1350 349 exornatur,
1374 312 1439 345 244
1459 324 1488 346 a.

370 369 481 401 Petrus
503 368 711 402 Abaelardus.
741 367 774 400 V.
799 367 971 401 Ahaelardi
991 367 1086 401 Petri.

371 422 483 454 Petrus
502 421 684 463 Aragoniae
705 432 759 453 rcx
780 432 797 453 a
817 423 1053 455 Saracenorum
1075 421 1245 465 tyrannide
1266 420 1381 454 liberat
1400 421 1514 454 Oscam
1535 419 1707 460 civitatem,
1732 419 1794 453 187
1815 431 1846 454 α.

370 475 482 507 Petrus
502 474 708 508 Florentinae
722 475 882 508 Ecclesiae
903 475 1167 519 archiepiscopus
1186 474 1391 518 privilegium
1405 474 1553 508 concedit
1574 474 1770 508 monasterio
1783 474 1814 508 S.
1831 474 1928 515 Petri,

437 519 525 562 quod
546 519 746 563 approbatur
765 520 804 552 ab
827 520 1009 553 Alexandro
1029 520 1054 553 ll
1074 520 1148 560 PP„
1172 519 1213 553 -28
1234 520 1252 552 b
1273 525 1304 552 et
1324 519 1366 553 029
1387 531 1416 553 a.

373 572 539 616 Philippus
559 573 570 605 Ι
591 573 713 606 Galliae
733 584 787 607 rex
815 574 943 607 Bertam
969 573 1113 616 reginam
1147 573 1307 617 repudiat,
1332 579 1428 617 atque
1447 573 1635 607 Bertradam
1657 583 1790 606 uxorem
1821 572 1931 606 Folchi

460 626 587 659 comitis
607 627 849 669 Andeg'avensis
880 628 978 669 ducit,
1009 627 1067 660 147
1098 628 1125 660 Ii.
1164 627 1197 660 Γ.
1222 633 1289 660 not.
1325 627 1365 660 ad
1395 627 1473 660 calc.
1502 626 1598 660 huius
1627 627 1688 660 col.
1712 627 1936 660 ,admonentur

461 680 614 724 episcopi,
640 686 670 713 ut
697 681 786 714 illum
819 692 837 714 a
858 681 1040 726 polygamia
1062 681 1214 715 desistere
1244 681 1451 725 compellant,
1476 680 1539 714 *148
1560 692 1590 713 α.
1615 680 1930 721 Excommunicatus,

460 734 499 767 ab
528 734 691 778 aliquibus
717 735 877 779 episcopis
897 736 1018 769 Galliac
1045 746 1110 768 non
1131 735 1280 775 evitatur,
1301 733 1365 767 202
1392 735 1419 768 h.
1444 734 1490 776 Ei,
1515 735 1617 768 donec
1648 735 1714 768 Deo
1740 745 1776 768 ae
1801 734 1935 768 Sanctae

462 788 626 821 Romanae
647 788 807 823 Ecclesiae
828 789 1012 827 satisfaciat,
1037 789 1315 823 communicantes
1333 788 1667 826 excommunicantur.
1691 787 1756 821 <203
1776 788 1803 820 Ιι.

371 841 504 885 Pipinus
524 848 551 875 et
575 842 706 876 Carolus
726 842 889 887 in'incipes
909 843 1091 882 Sarlatense
1112 843 1344 876 monasterium
1366 843 1513 883 fundant,
1538 841 1602 876 589
1624 854 1654 874 a.

372 895 487 928 Pisana
507 896 648 929 Ecclesia
672 897 703 929 tt.
728 897 845 930 Mariae
866 896 1005 939 Virginis
1019 897 1077 931 suh
1100 897 1299 941 protectione
1320 896 1523 940 Apostolicae
1543 896 1633 930 Sedis
1654 896 1820 940 recipitur,
1841 895 1935 939 eique

463 950 549 983 hona
569 950 677 983 omnia
701 956 729 983 et
752 950 920 994 privilegia
940 950 1189 989 confirmantur,
1214 949 1255 983 ⁴22
1275 962 1306 991 a,
1331 949 1395 983 ⁴102
1415 961 1446 991 a,
1470 949 1534 984 Ι596
1555 950 1572 983 b
1593 956 1624 983 et
1644 960 1708 994 seq.

373 1003 506 1037 pisanae
526 1004 687 1037 Ecclesiae
717 1010 745 1037 et
776 1004 1096 1049 archiepiscoporum
1118 1004 1187 1037 eius
1207 1004 1322 1038 merita
1344 1004 1375 1037 in
1395 1004 1488 1038 Rom.
1513 1003 1703 1039 Pontifices,
1727 1002 1792 1037 395
1812 1004 1840 1036 h.
1864 1003 1936 1037 Iura

462 1057 572 1090 omnia
592 1068 629 1091 ac
649 1058 734 1091 hona
755 1058 860 1091 eidem
882 1058 1130 1095 confirmantur,
1154 1057 1235 1090 ibat.
1260 1064 1291 1091 ct
1310 1068 1374 1102 seq.

374 1111 495 1145 Pisanis
516 1111 675 1155 episcopis
693 1112 897 1156 Apostolicae
914 1112 1004 1146 Sedis
1024 1111 1108 1145 vices
1130 1111 1162 1144 in
1183 1111 1288 1145 insula
1308 1111 1436 1145 Corsica
1458 1111 1692 1151 conceduntur,
1716 1109 1780 1144 103
1800 1122 1830 1144 ιι.

374 1164 564 1198 Pisanorum
585 1165 906 1210 archiepiscoporum
926 1165 1130 1210 privilegium
1154 1165 1193 1198 de
1214 1165 1457 1199 consecratione
1475 1164 1703 1209 episcoporum
1725 1164 1848 1198 insulae
1860 1164 1936 1198 Cor-

463 1210 548 1243 sicae
570 1210 632 1242 iam
654 1210 693 1243 ab
715 1210 845 1243 Urbano
866 1211 902 1247 ll,
923 1210 978 1254 qui
1000 1210 1077 1243 illud
1100 1216 1316 1249 concesserat,
1339 1221 1358 1243 a
1377 1210 1522 1243 Paschali
1536 1210 1561 1243 ΙΙ
1582 1215 1611 1242 et
1632 1209 1760 1243 Gelasio
1780 1214 1933 1246 cassatur,

463 1253 528 1288 309
546 1255 574 1287 h.
600 1256 717 1288 lterum
739 1266 756 1287 a
777 1255 896 1289 Calixto
916 1256 939 1288 ll
971 1255 1029 1288 ΡΙ).
1054 1255 1200 1287 irritatur
1220 1261 1248 1288 et
1271 1254 1475 1293 invalidatur,
1499 1253 1564 1288 334
1583 1265 1604 1287 a
1624 1259 1654 1287 et
1672 1265 1737 1298 seq.
1760 1254 1937 1296 Praeroga-

465 1299 527 1332 tiva
547 1299 626 1333 haec
647 1300 768 1333 eisdem
787 1300 966 1333 restituitur
987 1311 1060 1333 cum
1082 1300 1151 1332 iure
1174 1299 1424 1343 metropolitano
1445 1305 1475 1332 et
1494 1310 1554 1332 usu
1574 1298 1674 1343 pallii,
1697 1298 1761 1332 359
1783 1298 1810 1331 b.

376 1353 565 1386 Pisanorum
588 1364 665 1396 erga
683 1353 864 1387 Romanam
885 1353 1059 1387 Ecclesiam
1083 1353 1208 1393 merita,
1232 1353 1292 1386 141
1315 1354 1343 1386 b.

375 1407 576 1441 pistoriensis
596 1407 757 1441 Ecclesiae
777 1407 926 1450 dignitas,
951 1408 1085 1451 eiusque
1106 1407 1334 1451 cpiscoporum
1354 1407 1499 1445 virtutes,
1514 1405 1579 1440 393
1596 1407 1624 1439 b.
1648 1406 1683 1439 Ei
1704 1405 1939 1440 confirmantur

465 1452 550 1486 bona
571 1452 691 1493 omnia,
715 1452 795 1485 ibid.
821 1458 849 1485 ct
870 1463 934 1496 seq.

376 1506 446 1539 Pito
457 1506 615 1540 Tullensis
636 1506 808 1550 episcopus
829 1506 1056 1550 responsiones
1077 1506 1171 1539 hahet
1194 1506 1232 1538 ad
1253 1505 1433 1550 quaesitum
1455 1516 1551 1549 super
1564 1504 1750 1539 simoniacis
1770 1510 1801 1537 et
1821 1504 1938 1538 illicitis

466 1551 736 1591 ordinationilms,
760 1550 823 1583 198
843 1562 862 1583 ι]
884 1557 911 1584 et
932 1562 996 1595 seq.

377 1605 582 1638 Placentinae
603 1604 738 1638 cix-itatis
759 1604 916 1648 hospitale
938 1605 976 1637 de
998 1603 1215 1637 Misericordia
1236 1604 1294 1637 sul»
1315 1603 1517 1648 protectione
1537 1603 1627 1636 Sedis
1654 1602 1857 1647 Apostolicae
1887 1613 1938 1635 su-

467 1649 612 1693 scipitur,
637 1649 730 1693 eique
751 1650 987 1682 confirmantur
1006 1649 1091 1681 hona
1112 1648 1232 1687 omnia,
1257 1648 1448 1682 donationes
1468 1650 1499 1681 e't
1518 1647 1696 1692 privilegia,
1720 1646 1784 1680 613
1805 1647 1833 1680 b.

378 1702 583 1736 Placentinae
603 1703 763 1736 Ecclesiae
785 1702 927 1736 matricis
947 1702 1151 1747 privilegium
1174 1702 1279 1741 datur,
1296 1712 1360 1745 quo
1379 1701 1614 1735 confirmantur
1631 1700 1741 1734 omnia
1755 1700 1824 1733 eius
1837 1700 1934 1741 hona,

467 1747 531 1780 :387
552 1749 569 1780 h
592 1753 620 1780 et
642 1759 705 1792 seq.
740 1747 815 1781 Eius
836 1747 916 1780 fides
946 1757 1005 1790 pro
1027 1747 1212 1781 Alexandro
1232 1747 1270 1780 Ill
1299 1747 1357 1780 PP.
1388 1752 1501 1780 contra
1529 1746 1786 1790 pseudopapam,
1818 1743 1883 1778 682
1902 1755 1933 1778 α.

467 1792 684 1826 Confirmatur
704 1792 732 1825 ei
764 1792 922 1826 institutio
942 1791 1139 1827 Canonicae,
1164 1791 1254 1824 cuius
1286 1791 1546 1834 archipresbyter
1574 1801 1591 1822 a
1621 1789 1786 1823 canonicis
1812 1789 1935 1823 solum-

468 1838 564 1871 modo
586 1837 753 1880 eligendus
770 1836 967 1873 decernitur,
992 1836 1071 1869 ibid.

378 1891 582 1925 Placentinae
603 1891 745 1924 matricis
764 1890 925 1924 Ecclesiae
946 1890 1120 1931 canonicis,
1145 1891 1204 1923 suh
1225 1900 1334 1924 annuo
1366 1900 1464 1923 censu
1491 1889 1566 1923 Sedi
1586 1888 1789 1932 Apostolicae
1819 1888 1940 1932 persol-

468 1937 582 1975 vendo,
607 1936 811 1969 adiudicatur
832 1935 965 1969 ecclesia
987 1936 1017 1969 S.
1042 1935 1169 1969 Ioannis
1191 1935 1222 1967 in
1243 1935 1366 1975 Viculo,
1390 1933 1454 1967 409
1474 1944 1495 1966 a
1515 1939 1547 1967 et
1564 1944 1628 1977 seq.

379 1990 556 2023 Placentini
577 1989 717 2034 episcopi
741 1990 779 2023 ali
801 1989 954 2032 episcopo
974 1989 1157 2022 Ravennam
1188 1987 1465 2021 consecrationem
1498 1986 1645 2031 accipere
1673 1986 1803 2026 debent,
1836 1984 1901 2018 554
1922 1985 1939 2015 b

470 2040 498 2067 et
520 2046 584 2078 seq.

380 2088 557 2122 Placentini
579 2094 607 2122 et
629 2088 810 2121 Parmensis
831 2088 1057 2132 episcoporum
1080 2088 1299 2120 controversia
1317 2097 1415 2130 super
1427 2085 1568 2119 Ecclesia
1579 2084 1678 2119 Castri
1691 2083 1819 2128 Spencli
1838 2089 1869 2117 et
1880 2083 1939 2116 Ec-

469 2133 565 2166 elesia
585 2133 615 2167 S.
640 2133 817 2167 Christinae
838 2143 854 2165 a
875 2132 1031 2165 Brixiensi
1052 2132 1204 2176 episcopo
1227 2130 1397 2171 definitur;
1429 2129 1587 2163 sententia
1617 2129 1685 2162 eius
1713 2128 1935 2164 confirmatur,

469 2183 498 2210 et
519 2177 724 2221 supradictae
745 2176 905 2210 Ecclesiae
925 2176 1112 2210 Placentino
1133 2175 1286 2220 episcopo
1306 2175 1545 2211 adiudicantur.
1571 2172 1635 2207 764
1654 2173 1672 2206 b
1693 2179 1724 2207 et
1742 2183 1807 2217 seq.

380 2231 566 2264 Placentino
587 2231 739 2275 episcopo
761 2230 935 2264 mandatur
955 2236 987 2263 ut
1011 2235 1198 2274 usurpatam
1220 2235 1339 2263 terram
1360 2229 1400 2262 de
1420 2229 1561 2262 Burneto
1586 2226 1750 2261 canonicis
1778 2226 1809 2260 S.
1833 2227 1935 2259 Anto-

469 2276 535 2309 nini
557 2276 700 2309 eiusdem
723 2275 857 2309 civitatis
878 2275 1034 2315 restituat,
1058 2275 1255 2318 plenamque
1275 2273 1429 2307 iustitiam
1448 2272 1607 2312 exhibeat,
1630 2270 1694 2305 697
1715 2271 1733 2303 b
1754 2276 1781 2303 et
1803 2280 1867 2314 seq.

380 2329 557 2363 Plenosiaci
577 2329 712 2362 ecclesia
731 2328 958 2362 Trenorciensi
978 2327 1178 2361 monasterio
1199 2327 1423 2367 confirmatur,
1447 2325 1510 2361 447
1531 2337 1552 2359 a
1569 2331 1601 2359 et
1620 2335 1684 2369 seq.

379 2383 673 2460 PodiquQPOnitius,
697 2383 728 2416 in
761 2383 899 2415 dioecesi
930 2382 1113 2415 Florentina
1144 2381 1282 2425 positus,
1312 2380 1506 2414 Senensihus
1533 2378 1695 2423 episcopis
1723 2376 1935 2412 adiudicatur.

494 2439 534 2461 „4
553 2439 572 2460 a
596 2433 626 2461 et
645 2438 708 2472 seq.

381 2481 560 2525 Polygamis
581 2481 765 2515 benedictio
788 2492 853 2514 non
874 2486 921 2514 est
942 2481 1059 2516 danda,
1083 2479 1146 2512 2147
1168 2480 1196 2511 h.

381 2534 533 2567 Poloniac
553 2535 644 2577 regni
665 2540 782 2567 statuta
803 2534 1040 2568 confirmantur
1060 2533 1099 2566 ab
1120 2532 1301 2566 Alexandro
1322 2532 1361 2565 111
1381 2531 1454 2571 PP.‚
1478 2529 1543 2564 8202
1562 2541 1583 2563 a
1603 2535 1634 2563 et
1654 2530 1682 2562 b.

381 2586 572 2620 Pontificum
593 2588 814 2620 Romanorum
833 2598 950 2620 munus
970 2586 1057 2630 quod
1077 2586 1130 2626 sit,
1147 2585 1183 2619 81
1200 2596 1231 2618 α.
1248 2586 1442 2619 Potestatem
1462 2583 1582 2617 habent
1602 2582 1751 2615 mittendi
1771 2581 1811 2615 ad
1826 2590 1939 2629 quam-

470 2642 608 2674 cumque
629 2631 788 2676 synodum
807 2632 929 2674 legatos
949 2642 1035 2671 suos,
1058 2629 1100 2664 99
1120 2630 1147 2663 b.
1170 2631 1303 2663 Beatum
1323 2629 1455 2663 Petrum
1475 2628 1508 2660 in
1537 2627 1601 2661 fide
1622 2627 1741 2660 debent
1765 2624 1933 2674 aemulari,

471 2674 534 2706 208
555 2676 582 2707 Ιι.
607 2676 738 2708 Summa
759 2686 846 2710 cura.
870 2686 1063 2718 summoque
1083 2674 1180 2707 divini
1203 2673 1335 2707 honoris
1355 2673 1423 2706 zelo
1453 2671 1655 2704 investituras
1685 2680 1743 2713 per
1767 2678 1936 2712 episcopos
