2180 3205
43 274 92 304 Αιι.
112 273 140 302 C.
158 273 225 301 ¹¹00

75 480 193 504 Exordium.

80 982 164 1004 noiant
177 984 221 1006 oni-

40 1009 99 1037 ιοορί
110 1015 124 1032 ι
136 1010 222 1034 Summo

41 1035 140 1058 mutie-
149 1043 222 1059 conse·

42 1063 120 1085 mindi.

75 1302 174 1325 omnibns
201 1306 223 1326 ei

41 1329 222 1358 ὑιιΙίεοίιιςάειιι

39 1353 148 1409 mii?
161 1357 222 1378 hunis

69 2061 152 2088 Absque
162 2062 223 2092 ullius

43 2530 150 2578 ”¹8⁸2th
168 2532 225 2553 clau-

859 254 895 277 m
903 253 958 276 <CH
969 254 1034 276 UJS
1058 254 1079 275 ti
1103 253 1151 276 Pr.

249 309 366 339 Pasrlialis
384 308 504 348 episcopiis
521 318 599 339 serviis
623 318 737 339 sci-vorum
759 308 813 340 Dei,
837 309 921 338 dilecto
939 307 1002 336 fratri

289 353 392 383 lliilicrto
413 353 513 383 Troiano
531 354 648 392 episcopo,
673 354 766 391 eiusque
781 351 949 382 successorihus
963 360 1002 380 ca·

291 398 374 428 uonice
395 397 572 434 substituendis,
596 398 619 426 in
638 401 783 436 perpetuum.

296 466 389 502 Iustis
404 467 482 502 votis
497 479 686 502 consensum
716 466 877 513 praebere,
899 464 1001 498 iustis-

248 529 310 563 que
345 516 550 563 petitionibus
564 528 656 550 aures
677 514 916 550 accommodare
943 525 1000 548 nos

246 567 407 605 convenit,
429 566 495 612 qui,
524 565 596 600 licet
623 564 757 610 indigni,
783 563 919 598 iustitiae
941 574 998 596 cii-

246 614 354 649 stodes
386 623 479 661 atque
514 626 682 660 praecones
709 613 739 646 in
767 612 887 647 excelsa
914 624 998 658 apo-

245 663 398 698 stolorum
414 663 589 711 principum
608 662 689 697 Petri
711 670 741 696 et
761 662 849 696 Pauli
872 661 997 706 specula

246 713 353 759 positi,
378 712 511 747 Domino
533 712 743 758 disponente,
771 711 996 757 conspicimur.

245 761 325 796 Tuis
347 761 453 806 igilur,
481 761 574 795 frater
607 761 637 795 in
665 760 794 795 Christo
815 760 997 794 charissime

244 809 410 850 Iluberte,
450 811 542 844 iustis
579 810 782 856 petitionibus
809 817 996 849 annuentes,

245 859 278 894 S.
300 859 468 894 Troianam
492 858 678 899 Ecclesiam,
705 859 754 893 cui
782 858 848 893 Deo
870 866 997 893 auctore

247 908 422 954 praesideS,
455 908 655 955 Apostolicae
687 907 780 943 Sedis
815 908 997 942 auctoritate

244 958 417 992 munimus.
449 957 625 992 Statuimus
658 957 765 996 enim,
795 965 825 991 ut
853 956 995 991 eiusdem

244 1005 408 1041 Ecclesiae
421 1006 575 1041 Troianae
589 1007 745 1041 antistites
761 1006 790 1040 in
808 1014 995 1053 perpetuum

244 1067 260 1090 a
283 1055 375 1090 Sedis
395 1055 596 1103 Apostolicae
630 1055 784 1090 Pontissce
806 1067 995 1090 consecren-

244 1112 312 1146 tiir;
344 1105 392 1139 cui
421 1105 568 1139 nimirum
596 1104 776 1148 Ecclesiae,
811 1104 930 1151 tibique
960 1116 996 1139 ac

245 1153 307 1188 tuis
328 1154 478 1200 legitimis
509 1154 746 1189 successoribus
775 1154 841 1188 iure
869 1154 995 1200 proprio

245 1203 409 1250 possidcie
436 1203 621 1244 firmamus,
648 1203 787 1238 Mentem
815 1202 995 1247 Maiurum,

246 1252 361 1292 villam
383 1264 462 1300 quae
484 1252 598 1287 dicitur
620 1251 653 1286 S.
670 1252 842 1292 Laurentii,
861 1253 997 1299 etquic-

245 1302 320 1347 quid
350 1302 380 1336 in
416 1309 576 1356 posterum
605 1302 686 1336 iuste
719 1310 749 1335 et
781 1301 931 1335 canonice
958 1301 994 1335 ad

244 1350 408 1385 Ecclesiae
435 1351 644 1398 possessionis
665 1350 906 1405 proprietatem]
934 1350 996 1384 lar-

245 1401 351 1446 giente
375 1399 523 1440 Domino
548 1400 690 1446 poteritis
704 1399 845 1445 adipisci.
860 1399 996 1446 Episco-

247 1449 308 1496 pali
343 1461 414 1483 vero
443 1449 510 1484 iuie
543 1449 710 1495 regendam
747 1461 777 1482 in
807 1456 994 1503 perpetuum

245 1510 281 1533 ac
303 1498 531 1545 disponendam
548 1499 708 1533 sancimus
727 1497 824 1544 ipsam
841 1497 994 1532 civitatem

244 1547 426 1592 Troianam,
439 1549 513 1582 etin
529 1547 611 1582 eaS.
633 1547 994 1581 Nicolaimonasteiium

245 1609 316 1631 cum
338 1596 487 1631 Ecclesiis
505 1596 543 1632 ad
559 1596 588 1631 id
611 1596 849 1643 pertinentibus,
868 1595 901 1631 S.
919 1595 997 1631 Cru-

245 1657 313 1680 cem
326 1645 365 1680 de
381 1646 522 1690 Portula,
540 1654 570 1680 et
587 1645 739 1688 Felicem,
761 1644 995 1685 Castellioneni,

245 1694 416 1730 Castellum
438 1695 575 1739 Novum,
594 1695 772 1739 Biccarum,
786 1707 856 1729 cum
873 1694 996 1729 abbatia

245 1743 280 1779 S.
308 1744 393 1779 Petri
421 1744 454 1778 in
486 1743 592 1790 Burgo
619 1756 690 1778 cum
725 1743 868 1778 ecclesiis
896 1743 933 1778 ad
966 1744 996 1778 id

247 1792 490 1840 pertinentibus,
516 1794 679 1828 ecclesiam
704 1792 738 1827 S.
755 1792 830 1831 Viti.
848 1792 996 1827 fabricam

245 1841 279 1877 S.
297 1842 412 1877 Mariae
438 1842 476 1877 de
497 1842 602 1887 Focis,
628 1842 662 1877 S.
690 1842 818 1876 Petrum
846 1842 885 1877 de
911 1842 997 1876 Mon-

246 1891 330 1935 tella,
361 1891 395 1927 S.
417 1891 545 1933 Iustam,
568 1901 597 1926 ct
623 1903 843 1938 quaecumque
871 1891 996 1938 praedia

247 1941 522 1987 praedecessorum
574 1949 754 1975 nostrorum
807 1940 997 1975 authenticis

247 1990 429 2037 privilegiis,
460 2002 540 2037 quae
578 1989 738 2025 Ecclesiae
773 1997 891 2024 vestrae
926 1989 996 2024 data

246 2047 330 2080 sunt,
351 2039 563 2074 continentur.
586 2039 797 2074 Decerninius
820 2039 940 2086 itaque,
965 2046 997 2073 tit

248 2088 324 2122 nulli
358 2089 488 2123 omnino
523 2088 685 2122 hominum
726 2088 817 2123 liceat
853 2088 995 2122 eamdem

250 2137 420 2172 Ecclesiam
457 2145 574 2172 temere
601 2137 806 2184 perturbare,
844 2146 896 2171 aut
930 2138 997 2172 eius

249 2186 465 2233 possessiones
486 2185 620 2229 auferre,
642 2187 688 2220 vel
712 2186 830 2220 ablatas
851 2186 996 2226 retinere,

249 2235 295 2269 vel
324 2235 438 2269 iniuste
465 2234 562 2272 datas,
597 2235 662 2269 suis
695 2235 804 2269 usibus
827 2235 997 2275 vindicare,

249 2284 403 2327 minuere,
425 2283 472 2318 vel
494 2284 667 2318 temerariis
689 2283 907 2318 vexationibus
928 2283 999 2318 sati-

249 2345 339 2379 gare3
361 2332 415 2368 sed
431 2333 533 2367 omnia
557 2333 675 2378 integra
697 2340 924 2367 conserventur
944 2345 999 2368 eo-

251 2395 332 2438 rum,
347 2395 401 2430 pro
415 2394 549 2428 quorum
567 2381 815 2416 substentatione
835 2389 865 2417 et
879 2381 996 2428 guber-

250 2432 375 2466 natione
390 2443 537 2466 concessa
558 2439 644 2471 sunt,
675 2431 784 2465 usibus
810 2431 1000 2466 omnimodis

251 2481 424 2528 piofutura.
438 2480 471 2514 Si
487 2481 559 2527 quis
571 2480 690 2514 veroin
705 2481 874 2514 crastinum
886 2481 1000 2516 aicliie-

252 2530 401 2577 piscopos
414 2537 467 2564 aut
481 2530 661 2576 episcopus,
679 2529 847 2575 imperator
864 2538 917 2563 aut
936 2542 1000 2574 rex,

254 2579 398 2625 princeps
419 2586 471 2613 aut
487 2579 562 2622 dux,
584 2590 701 2618 comes
717 2579 784 2612 vice
803 2590 921 2622 comes⁷
945 2579 1002 2612 iu-

253 2627 323 2669 dex,
341 2635 394 2662 aut
419 2627 629 2663 ecclesiastica
655 2627 832 2674 quaelibet,
860 2628 1002 2663 saecula-

1674 241 1739 274 att

1045 308 1121 341 risi-u
1150 318 1279 352 persona
1309 306 1388 341 lianc
1411 314 1533 341 nostrae
1556 305 1794 341 constitutionis

1044 356 1187 403 paginam
1203 357 1319 399 sciens,
1337 364 1444 390 contra
1463 368 1530 391 eam
1545 364 1662 391 temere
1688 355 1794 390 venire

1044 405 1250 451 temptaverit,
1277 405 1417 439 secundo
1433 406 1562 440 tertiove
1589 405 1792 449 commonita,

1042 454 1066 489 si
1096 467 1156 488 non
1179 453 1389 488 satisfit-,tione
1407 466 1544 500 congrua
1563 454 1791 498 emendaverit,

1043 503 1203 550 potestatis
1225 503 1417 549 honorisque
1439 503 1486 537 sui
1509 503 1662 549 dignitate
1675 511 1792 548 careat,

1043 563 1189 599 reamque
1211 563 1244 585 se
1265 552 1369 586 divino
1385 551 1501 587 iudicio
1521 552 1654 587 existere
1668 552 1707 587 de
1723 564 1793 607 per-

1042 609 1158 647 petrata
1183 600 1342 647 iniquitate
1366 609 1546 647 cognoscat,
1568 609 1627 636 eta
1642 602 1793 636 sacratis-

1040 650 1119 685 simo
1133 650 1272 696 Corpore
1295 661 1330 684 ac
1351 648 1513 696 Sanguine
1534 650 1588 684 Dei
1611 658 1641 685 et
1659 649 1789 686 Domini

1041 700 1137 734 nostri
1160 698 1382 746 Redemptoris
1398 698 1469 733 Iesu
1491 698 1607 733 Christi
1623 699 1721 734 aliena
1739 700 1790 741 sit,

1039 757 1132 796 atque
1148 749 1177 782 in
1200 756 1339 783 extremo
1355 748 1497 782 examine
1524 747 1682 783 districtae
1708 749 1791 783 sub-

1040 798 1136 833 iaceat
1183 797 1302 832 ultioni.
1352 796 1484 832 Cunctis
1531 804 1634 831 autem
1686 798 1790 832 eidem

1038 847 1198 882 Ecclesiae
1213 847 1292 881 iusta
1315 845 1512 881 servantibus
1529 846 1570 881 sit
1588 858 1647 893 pax
1663 846 1791 881 Domini

1039 897 1135 931 nostri
1158 896 1228 930 lesu
1250 895 1385 936 Christi,
1413 903 1570 942 quatenus
1596 902 1626 930 et
1652 895 1703 930 hic
1724 895 1792 930 sru-

1038 954 1123 980 ctum
1151 945 1251 980 bonae
1273 944 1403 979 actionis
1430 944 1620 991 percipiant,
1647 951 1678 979 et
1703 943 1790 991 apud

1037 995 1212 1030 districtum
1235 993 1374 1028 Iudicem
1390 993 1527 1040 praemia
1541 1001 1685 1028 aeternae
1705 993 1790 1041 pacis

1038 1044 1210 1079 inieniant.

1037 1093 1109 1128 Eoo
1142 1093 1325 1128 Pascriiiris
1357 1092 1391 1127 S.
1420 1091 1592 1127 catholicae
1628 1091 1790 1127 Ecclesiae

1087 1143 1256 1190 episcopus
1283 1141 1386 1176 subsc.

1038 1191 1106 1238 Ego
1133 1191 1227 1226 Oddo
1253 1189 1410 1225 Ostiensis
1435 1190 1606 1238 episcopus
1632 1190 1720 1225 subs.

1038 1241 1103 1287 Ego
1125 1240 1293 1275 Odorisiiis
1315 1239 1482 1275 cardinalis
1509 1248 1539 1274 et
1565 1239 1661 1275 abbas
1681 1239 1788 1276 subsc.

1037 1290 1105 1336 Ego
1127 1289 1230 1324 Albic.
1253 1289 1313 1323 dia.
1337 1288 1422 1323 card.
1445 1288 1480 1323 S.
1507 1288 1590 1324 Petri
1614 1289 1718 1324 subsc.

1038 1339 1104 1385 Ego
1131 1339 1206 1373 Milo
1233 1338 1459 1372 Praenestinus
1477 1339 1573 1385 episc.
1597 1338 1703 1373 subsc.

1037 1388 1104 1435 Ego
1126 1388 1235 1422 Bruno
1256 1387 1380 1433 Signin.
1410 1388 1508 1433 episc.
1536 1387 1641 1422 subsc.

1038 1438 1104 1483 Ego
1131 1437 1233 1471 Teiito
1261 1435 1344 1470 card.
1361 1435 1411 1470 Ss.
1434 1436 1562 1471 Ioannis
1580 1444 1609 1471 et
1636 1436 1725 1471 Pauli
1745 1438 1789 1471 ss'.

1038 1487 1105 1533 Ego
1132 1486 1277 1532 paganus
1304 1485 1456 1520 diaconus
1488 1485 1651 1521 Romanae
1675 1485 1792 1520 Eccle-

1087 1536 1149 1570 siae
1172 1535 1341 1570 rardinalis
1362 1535 1469 1569 subsc.

1086 1585 1200 1619 Datum
1241 1584 1324 1632 apud
1363 1583 1516 1619 Casinum
1558 1595 1614 1631 per
1659 1596 1790 1619 manum

1037 1634 1187 1669 Iohannis
1219 1633 1327 1668 S.-R.
1361 1633 1399 1667 E.
1437 1633 1519 1668 diac.
1557 1632 1726 1668 cardinalis
1755 1646 1789 1668 iv

1039 1683 1108 1718 idus
1131 1683 1310 1718 novembris
1331 1682 1396 1717 ind.
1425 1695 1497 1723 vin,
1514 1683 1633 1717 incarn.
1659 1682 1790 1717 Domini

1037 1746 1120 1768 anno
1147 1744 1204 1776 nic,
1233 1732 1435 1779 pontificatus
1460 1740 1565 1767 autem
1590 1731 1628 1766 D.
1651 1731 1791 1767 Pascha-

1038 1783 1074 1817 lis
1096 1782 1124 1816 ll
1153 1782 1267 1828 Papae,
1285 1793 1368 1816 anno
1390 1793 1426 1815 ιι.

1057 1843 1117 1874 Dat.
1137 1843 1183 1873 die
1209 1843 1243 1873 10
1258 1842 1427 1872 novembris
1445 1851 1520 1871 anno
1543 1841 1659 1872 Domini
1682 1842 1768 1879 1100,

1288 1887 1391 1927 pontif.
1412 1896 1488 1916 anno
1507 1896 1536 1917 ιι.

1394 2018 1431 2053 V.

1041 2096 1256 2140 Privileqt'um,
1291 2107 1350 2140 quo
1377 2096 1557 2129 monasterii
1582 2096 1789 2129 Cluiiiacensi's

1088 2147 1168 2178 bona
1194 2146 1298 2178 omitia
1321 2157 1358 2178 ac
1379 2146 1448 2178 iura
1470 2146 1695 2189 confirmantur
1717 2147 1774 2188 (l).

1303 2217 1423 2247 SUIMA
1429 2217 1516 2247 Ritu

1039 2278 1505 2309 Prooemiiim.—Confirmantur
1521 2278 1673 2317 privilegia
1692 2279 1789 2308 omnia

1078 2323 1322 2354 Cluniacensibus
1345 2332 1487 2352 concessa
1506 2332 1521 2352 a
1540 2322 1681 2360 Gregorio
1699 2322 1745 2352 Vll
1761 2327 1792 2353 et

1079 2368 1197 2398 Urbano
1215 2367 1248 2396 ΙΙ.
1266 2367 1355 2396 -Εῑ
1383 2376 1458 2405 quae
1488 2376 1629 2396 concessa
1661 2372 1731 2397 sunt
1761 2367 1790 2397 in

1079 2412 1209 2442 Concilio
1230 2411 1418 2441 Arvernerisi.
1430 2410 1556 2440 —Bona
1573 2420 1690 2450 quoque
1706 2415 1792 2449 prout

1081 2457 1129 2485 hic
1150 2459 1369 2485 enumerantur.
1381 2454 1510 2489 —Quae
1521 2454 1595 2484 bona
1609 2454 1706 2484 omnia
1723 2464 1790 2484 cuni

1080 2500 1216 2530 ecclesiis
1235 2504 1262 2528 et
1277 2498 1419 2537 cappellis
1439 2498 1625 2527 declarantur
1648 2498 1790 2528 immunia

1078 2562 1116 2597 (l)
1133 2562 1220 2588 Edidit
1238 2561 1367 2587 Martinus
1382 2560 1492 2586 Marrier
1514 2560 1538 2585 in
1555 2559 1712 2586 Bibliotheca
1729 2559 1792 2586 Clu-

1043 2603 1109 2629 niac.
1131 2601 1180 2627 col.
1198 2600 1260 2632 5⁶22,
1277 2602 1302 2627 et
1318 2599 1474 2626 Guichenon
1490 2607 1522 2625 ex
1543 2599 1653 2625 Archiv.
1672 2600 1792 2626 Nantua-

1044 2650 1092 2668 nae
1107 2640 1247 2667 Ecclesiae.

1815 265 1864 292 An.
1877 265 1904 291 C.
1927 264 1999 292 1103

1841 1126 1949 1148 Paschaiis
1957 1126 1997 1147 PP.

1817 1222 1837 1241 et
1848 1220 1870 1240 S.
1881 1219 1906 1242 R.
1917 1219 1942 1240 E.
1954 1225 1999 1240 cai·-

1816 1247 1916 1276 dinalium
1951 1246 1999 1267 sub·

1815 1277 1948 1300 scriptiones.
