2180 3205
41 230 88 257 An.
109 229 219 257 (3.1121

66 287 180 308 Roboratio
189 286 223 307 de·

41 314 92 334 creti
109 314 171 334 huius
186 319 223 338 per

40 339 113 361 solitas
140 340 222 360 clausu·

68 1222 146 1242 Callisti
154 1222 194 1242 ΡΙ).
203 1223 224 1242 et

43 1248 64 1270 S.
81 1249 104 1268 R.
117 1248 139 1269 E.
155 1248 223 1268 carili-

43 1276 118 1295 nalium
132 1275 223 1296 subseri-

42 1301 130 1327 ptiones.

882 232 1038 255 CALlXTt's
1065 232 1088 254 ΙΙ
1119 233 1166 255 Pr.

248 302 319 325 rum
353 288 564 325 ecclesiastica
604 287 814 324 saecularisve
849 299 1001 334 persona,

248 339 330 374 hanc
341 346 464 374 nostrae
478 338 713 373 constitutionis
724 338 869 385 pagiuam
885 337 1000 375 sciens,

249 395 358 424 contra
384 399 452 422 cam
476 396 593 422 temere
620 399 725 425 venire
749 394 921 426 tentaverit,
943 397 1001 420 sc-

248 436 353 472 cundo
376 436 506 472 tertiove
532 436 735 476 commonita,
764 436 789 469 si
818 447 879 469 non
907 434 1001 468 satis-

249 485 384 520 factione
413 497 552 531 congrua
577 483 803 522 emendaverit.
833 484 1001 530 potcstatis

248 533 447 581 honorisque
465 535 512 569 sui
536 534 688 580 dignitate
707 540 829 577 careat,
851 543 1000 578 reamque

249 595 283 618 se
304 583 412 618 divino
439 583 559 618 iudicio
592 584 725 618 existere
761 581 800 616 de
823 587 999 628 perpetrata

249 632 412 680 iniquitate
446 639 638 678 cognoscat,
672 638 702 666 et
737 642 752 665 a
789 629 1000 664 sacratissimo

249 680 391 728 Corpore
414 689 445 716 et
465 681 626 727 Sanguine
648 679 718 724 Dei,
745 687 776 714 et
795 679 921 719 Domini
937 678 1000 713 Re·

249 729 423 777 demptoris
445 730 541 764 nostri
567 729 638 764 Iesu
666 728 782 763 Christi
805 727 904 762 aliena
936 727 999 767 fiat,

249 786 342 826 atque
364 779 394 814 in
417 786 558 814 extremo
580 778 723 813 examine
753 776 914 811 districtae
945 776 1001 810 ul—

249 827 326 863 tioni
341 828 547 863 anathematis
560 827 727 862 subiaceat.
750 825 881 860 Cunctis
895 832 999 860 autem

249 877 393 912 eamdem
429 876 686 912 constitutionem
725 874 923 910 servantibus
961 875 1001 908 sit

250 937 309 973 pax
330 925 459 960 Domini
482 925 579 961 nostri
602 925 673 960 Iesu
692 924 823 968 Christi,
845 931 1000 970 quatenus

249 982 281 1009 et
302 974 354 1010 hic
380 974 516 1009 fructum
540 974 640 1009 bonae
661 973 792 1008 actionis
814 972 999 1019 percipiant,

250 1031 281 1058 et
307 1023 391 1071 apud
414 1023 589 1058 districtum
616 1022 757 1058 Iudicem
783 1021 919 1068 praemia
945 1034 1001 1057 ae-

249 1079 356 1108 ternae
384 1073 468 1120 pacis
490 1072 659 1107 inveniant.
684 1071 799 1115 Amen,
827 1083 929 1105 amen.

299 1120 460 1169 Scriptum
478 1133 533 1168 per
548 1133 659 1156 manus
667 1120 807 1156 Gervasii
822 1119 999 1165 regionarii,

249 1179 281 1205 et
307 1171 419 1205 notarii
447 1171 525 1205 sacri
549 1171 664 1217 palatii.

249 1218 322 1254 Euo
343 1218 504 1255 Catis‘rus
530 1219 700 1254 catholicae
728 1218 889 1253 Ecclesiae
904 1218 998 1264 episc.

250 1268 318 1314 Ego
343 1268 547 1304 Crescentius
567 1268 753 1303 Sabinensis
774 1268 944 1315 episcopus
958 1279 999 1301 ss.

252 1316 321 1363 Ego
343 1317 457 1352 Petrus
482 1317 668 1352 Portuensis
693 1316 862 1363 episcopus
884 1328 925 1350 ss.

252 1365 319 1412 Ego
339 1365 452 1401 Vitalis
473 1366 615 1401 Albanus
641 1366 811 1413 episcopus
837 1378 880 1399 ss.

249 1413 318 1461 Ego
338 1414 522 1450 Bonifacius
548 1415 714 1450 cardinalis
737 1414 898 1462 presbyter
922 1413 1000 1448 tituli

300 1464 334 1498 S.
356 1464 452 1499 Marci
475 1476 517 1499 ss.

250 1511 318 1559 Ego
339 1512 499 1548 Robertus
525 1513 687 1561 presbyter
707 1511 875 1548 cardinalis
892 1510 925 1546 S.
943 1511 1002 1546 Sa-

299 1562 392 1597 binae
418 1575 460 1597 ss.

250 1610 319 1656 Ego
346 1610 519 1657 Gregorius
541 1611 703 1659 presbyter
716 1609 883 1646 cardinalis
896 1609 942 1644 tit.
968 1609 1000 1644 S.

300 1660 428 1695 Priscae
450 1673 492 1695 ss.

250 1707 320 1754 Ego
350 1708 535 1744 Desiderius
570 1709 730 1757 presbyter
764 1707 933 1743 cardinalis
967 1708 1002 1743 S.

303 1757 455 1793 Praxedis
476 1770 518 1793 ss.

251 1805 319 1852 Ego
330 1806 488 1842 Iohannes
503 1807 664 1855 presbyter
677 1805 845 1843 cardinalis
858 1804 892 1840 S.
907 1805 1005 1853 Chry-

301 1868 412 1902 sogoni
439 1868 482 1890 ss.

253 1903 323 1951 Ego
337 1905 450 1940 Petrus
464 1904 627 1952 presbyter
640 1904 809 1940 cardinalis
818 1905 852 1941 S.
868 1903 946 1938 Sixti
962 1916 1002 1938 ss.

254 1952 324 1999 Ego
352 1953 543 1988 Benedictus
570 1954 734 2002 presbyter
768 1953 936 1990 cardinalis
969 1953 1003 1987 S.

305 2002 468 2037 Eudoxiae
486 2015 527 2038 ss.

223 2098 228 2102 .
252 2051 321 2098 Ego
343 2051 476 2087 Ioannes
503 2052 665 2099 presbyter
692 2053 859 2087 cardinalis
880 2052 914 2087 S.
941 2051 1006 2086 Ce-

303 2105 392 2140 ciliae
414 2117 456 2140 ss.

254 2158 322 2205 Ego
349 2157 464 2193 Divino
489 2158 655 2194 cardinalis
678 2159 723 2193 tit.
746 2159 780 2194 S.
803 2159 923 2205 Equitii
949 2171 991 2193 ss.

253 2211 322 2258 Ego
344 2211 548 2247 Theobaldus
581 2213 744 2260 presbyter
771 2213 938 2248 cardinalis
960 2212 1004 2246 tit.

304 2264 466 2299 Pamachii
489 2277 532 2299 ss.

254 2318 324 2365 Ego
361 2318 531 2353 Rainerius
563 2319 725 2366 presbyter
759 2318 926 2353 cardinalis
959 2317 1004 2351 tit.

305 2371 356 2407 Ss.
378 2372 552 2406 Marcellini
575 2380 605 2406 et
628 2372 709 2406 Petri
733 2385 774 2406 ss.

254 2425 325 2471 Ego
361 2425 547 2460 Deus-dedit
583 2425 744 2472 presbyter
769 2425 934 2460 cardinalis
959 2424 1005 2459 tit.

305 2478 414 2514 Sancti
435 2479 597 2513 Laurentii
624 2479 653 2512 in
678 2478 812 2512 Damaso
841 2490 882 2512 ss.

256 2531 324 2578 Ego
346 2532 386 2567 G,
409 2532 448 2567 G.
482 2532 644 2580 presbyter
674 2531 841 2567 cardinalis
868 2533 914 2566 tit.
941 2531 1007 2567 Lu-

305 2598 395 2621 cinae
422 2599 464 2622 ss.

1676 229 1739 262 511

1045 286 1113 333 Ego
1144 287 1235 334 Hugo
1268 289 1431 338 presbyter
1464 291 1630 328 cardinalis
1666 293 1710 328 tit.
1743 294 1793 330 Ss.

1093 340 1318 387 Apostolorum
1341 356 1382 378 ss.

1043 392 1112 439 Ego
1156 394 1288 430 loannes
1330 397 1493 445 presbyter
1537 399 1706 436 cardinalis
1747 402 1793 437 tit.

1092 447 1199 482 Sancti
1221 449 1352 484 Euschii
1381 464 1423 485 55.

1043 499 1111 546 Ego
1137 501 1270 536 Amicus
1302 504 1463 550 presbyter
1489 506 1656 542 cardinalis
1683 508 1728 542 tit.
1758 508 1793 543 S.

1092 553 1205 589 Crucis
1227 555 1258 589 in
1280 555 1451 592 Ierusalem
1477 571 1519 593 ss.

1042 606 1110 653 Ego
1147 607 1320 654 Gregorius
1355 610 1508 647 diaconus
1550 614 1720 652 cardinalis
1759 617 1793 653 S.

1091 661 1253 695 Eustachii
1277 674 1318 697 ss.

1042 714 1110 762 Ego
1132 714 1329 752 Romoaldus
1356 717 1509 754 diaconus
1535 721 1703 758 cardinalis
1730 724 1794 760 Ec-

1090 768 1163 802 cles.
1192 768 1326 804 Sanctae
1347 770 1462 806 Mariae
1490 773 1520 806 in
1542 773 1599 809 Via
1623 775 1696 811 Lata
1725 790 1766 813 ss.

1042 822 1109 868 Ego
1131 822 1214 857 Aldo
1237 823 1390 859 diaconus
1418 826 1586 862 cardinalis
1613 828 1662 864 Ss.
1691 830 1794 878 Sergii

1090 882 1121 909 et
1142 875 1256 910 Bacchi
1280 888 1321 911 ss.

1040 928 1109 975 Ego
1135 928 1298 965 Romanus
1333 930 1485 966 diaconus
1517 933 1687 970 cardinalis
1715 935 1793 972 San-

1089 991 1156 1018 ctae
1177 983 1292 1019 Mariae
1315 984 1346 1019 in
1368 984 1498 1020 Porticu
1525 999 1569 1021 ss.

1040 1035 1108 1082 Ego
1130 1037 1311 1084 Stephanus
1338 1038 1490 1073 diaconus
1517 1040 1686 1077 cardinalis
1714 1043 1792 1079 San-

1089 1098 1156 1125 ctae
1183 1091 1298 1126 Mariae
1323 1091 1457 1126 Scholae
1485 1092 1605 1129 Grecae
1627 1108 1669 1130 ss.

1041 1143 1108 1190 Ego
1146 1144 1292 1179 lonatlias
1337 1145 1489 1180 diaconus
1533 1148 1702 1184 cardinalis
1741 1150 1791 1186 Ss.

1090 1197 1224 1232 Cosmae
1243 1205 1273 1233 et
1299 1198 1445 1233 Damiani
1469 1212 1510 1234 ss.

1041 1250 1107 1297 Ego
1133 1251 1315 1286 Gualterius
1335 1252 1490 1288 diaconus
1503 1254 1671 1291 cardinalis
1687 1256 1793 1293 Sancti

1090 1305 1248 1340 Theodori
1272 1318 1313 1340 ss.

1042 1357 1111 1404 Ego
1132 1357 1293 1393 Gerardus
1307 1358 1459 1394 diaconus
1474 1360 1609 1396 Sanctae
1623 1361 1738 1398 Luciae
1753 1377 1794 1399 ss.

1091 1409 1205 1445 Datum
1229 1411 1373 1446 Laterani
1402 1425 1458 1459 per
1490 1426 1616 1448 manum
1653 1416 1795 1464 Chryso-

1043 1465 1115 1510 goni
1143 1463 1176 1498 S.
1205 1463 1243 1498 R.
1271 1464 1309 1498 E.
1338 1465 1461 1500 diaconi
1484 1467 1653 1503 cardinalis
1682 1482 1717 1505 ac
1748 1471 1796 1505 bi-

1044 1517 1252 1563 bliothecarii,
1279 1531 1318 1553 111
1340 1531 1415 1553 non.
1440 1519 1593 1565 ianuarii,
1623 1522 1797 1559 indictione

1044 1583 1112 1612 Χιν,
1136 1572 1360 1607 incarnationis
1382 1572 1559 1608 dominicae
1581 1586 1663 1609 anno
1682 1588 1792 1616 mcxxi,

1044 1624 1245 1671 pontificatus
1258 1633 1362 1660 autem
1374 1625 1482 1660 domni
1502 1626 1613 1661 Calixti
1633 1628 1795 1665 llannon.

1093 1680 1155 1711 Dat.
1179 1681 1226 1711 die
1249 1682 1266 1711 3
1284 1682 1411 1711 ianuarii
1430 1692 1506 1711 anno
1529 1682 1643 1713 Domini
1663 1685 1748 1723 1121,

1294 1726 1397 1765 pontis.
1420 1736 1496 1756 anno
1514 1736 1544 1757 11.

1384 1886 1454 1920 xll.

1049 1961 1248 2006 Confirmatio
1274 1963 1442 2005 bonorum,
1476 1974 1496 1996 a
1530 1963 1679 1996 Mariano
1701 1964 1799 1996 iudice

1098 2016 1277 2049 Calarieano
1305 2023 1330 2048 ec
1361 2016 1527 2049 Guilielmo
1557 2017 1794 2059 archiepiscopo,

1095 2070 1266 2103 cathedrali
1280 2070 1430 2103 Ecclesiae
1439 2070 1474 2102 S.
1494 2069 1654 2102 Laurentii
1667 2070 1796 2102 Ianuen.

1095 2124 1241 2156 (latorum
1267 2125 1322 2166 (1).
1501 2119 1505 2122 ’

1329 2198 1542 2229 SUMMARIUM

1046 2264 1213 2294 Exordium.
1230 2281 1270 2287 --
1285 2264 1407 2294 Donatio
1423 2264 1545 2294 Mariani
1568 2264 1685 2294 iudicis.
1703 2281 1743 2287 —
1766 2263 1799 2294 Et

1087 2309 1142 2338 alia
1157 2309 1274 2338 donatio
1290 2308 1441 2338 Guilielmi
1454 2308 1582 2346 archiep.
1599 2308 1634 2337 de
1651 2317 1799 2337 consensu

1086 2352 1205 2382 Mariani
1217 2352 1351 2382 eiusdem
1368 2356 1395 2381 et
1410 2352 1708 2389 consanguineorum,
1722 2361 1797 2390 quac

1087 2397 1292 2433 confirmatum
1329 2400 1414 2434 prout
1448 2397 1535 2425 etiam
1573 2400 1685 2425 caetera
1723 2396 1798 2425 bona

1088 2441 1194 2475 onmia,
1213 2440 1434 2479 quomodolibet
1444 2440 1478 2470 ad
1492 2440 1625 2469 eamdem
1636 2440 1798 2470 Ecclesiam

1087 2486 1256 2523 spectantia.
1278 2501 1318 2506 —
1336 2484 1443 2514 Solitae
1458 2484 1617 2514 clausulae.
1632 2501 1672 2507 —
1689 2484 1800 2514 Callisti

1087 2529 1141 2559 PP.
1161 2529 1348 2568 subscriptio.

1085 2597 1123 2632 (1)
1140 2596 1177 2621 Ex
1195 2595 1295 2629 Ugliell.
1315 2594 1371 2621 Ital.
1389 2595 1461 2624 Sac..
1479 2597 1543 2622 tom.
1561 2602 1599 2622 lv.

1814 217 1864 243 An.
1886 217 1911 244 (ἶ,
1934 218 1992 244 1191
