2180 3205
190 213 240 240 An.
259 214 288 241 C.
305 214 369 241 111ιί

210 1071 330 1094 Exordium.

211 1421 327 1442 Ecclesiam

177 1451 231 1473 hanc
252 1453 289 1473 sub
307 1453 362 1479 Apo-

184 1483 272 1504 <zoticae
293 1483 354 1504 Sedis

177 1516 310 1539 protectione
329 1520 362 1535 re-

177 1546 227 1571 cipit
251 1544 359 1570 Pontum

197 1664 262 1691 Eique
278 1665 333 1685 hona

184 1696 253 1715 omnia
276 1697 351 1717 coufir-

241 1729 296 1752 11:³15

440 204 509 238 50⁹2

720 266 806 303 XIV.

385 345 586 390 Confirmatio
618 346 785 382 bonorum,
822 345 936 378 furium
978 353 1002 376 et
1035 345 1137 387 priri-

432 396 581 439 Ieyioium
624 396 762 428 matricis
808 395 957 427 Ecclesiae
990 394 1135 427 Fauenti-

433 456 489 478 nae
513 447 575 487 (⁴1).

649 507 861 539 SUMMARtUM

382 574 550 605 Exordium.
572 592 612 598 —
635 574 799 604 Ecclesiam
823 574 897 603 hanc
924 572 979 603 sub
1003 574 1134 612 Aposto-

422 620 495 649 licae
515 619 599 650 Sedis
619 619 797 659 protectione
816 618 919 658 recipit
937 618 1078 655 Pontifex,
1096 636 1135 641 —

420 663 513 703 Eique
530 663 605 693 bona
628 663 725 694 omnia
745 663 909 699 confirmat,
930 679 969 686 —-
986 662 1132 692 Nonnulla

420 708 563 746 elargitur
600 708 749 747 privilegia
791 712 820 738 et
851 708 1062 747 exemptiones.
1094 724 1134 731 -

420 752 529 783 Solitae
547 753 763 783 conclusiones.

380 818 463 848 Lucius
488 819 608 858 episcopus
635 827 713 849 servus
740 828 856 848 servorum
878 818 929 856 nei,
955 818 1048 848 dilectis
1077 817 1131 848 filiis

419 862 509 893 farolfo
544 862 684 892 Faventinae
706 863 821 892 Ecclesiae
857 863 1026 900 archidiacono,
1062 863 1130 893 Petro

418 906 624 947 archipresbytero,
648 917 774 946 eorumque
795 907 911 945 iratribus,
935 912 980 938 tani
1003 910 1130 948 praesenti·
1150 920 1152 927 ⁸

419 951 459 982 bus
490 961 557 990 quain
580 952 670 986 intui-Is,
699 952 720 981 in
740 951 820 981 eadent
853 951 955 982 Ecclesia
977 953 1028 983 loco
1050 962 1128 982 eoruin
1150 974 1151 986 i

417 995 593 1033 substituendis,
615 997 637 1025 in
653 1000 800 1035 perpetuum.

428 1061 474 1096 Ad
507 1061 565 1096 hoc
601 1062 632 1096 in
662 1062 851 1110 apostolicae
873 1062 1033 1110 dignitatis
1055 1076 1129 1111 spe-

377 1111 458 1150 cula,
483 1111 620 1146 Domino
651 1111 813 1158 largiente,
843 1113 976 1159 promoti
1004 1126 1126 1153 sumus,

378 1169 409 1195 ut
431 1160 644 1196 Ecclesiaruin
670 1161 792 1196 utilitati
820 1169 850 1196 et
877 1162 974 1209 quieti
999 1171 1126 1210 paterna
1148 1172 1149 1190 ἰ

377 1209 580 1245 solicitudine
604 1210 834 1258 provideamus,
857 1220 887 1245 et
905 1224 993 1246 suam
1010 1213 1126 1260 cuique

377 1259 528 1294 iustitiam
560 1269 666 1295 ratain
696 1260 910 1307 illibatamque
953 1274 1124 1297 servemus.

376 1308 563 1356 Eapropter,
590 1310 696 1345 dilecti
715 1310 745 1344 in
769 1309 906 1345 Domino
929 1310 994 1350 filii,
1019 1314 1128 1347 vestris

377 1358 640 1404 postulationibus
658 1359 830 1394 clementer
850 1369 1037 1401 annuentes,
1049 1371 1078 1397 et
1088 1362 1124 1396 B.

377 1407 460 1442 Petri
483 1407 670 1449 Ecclesiam,
690 1409 719 1443 in
743 1421 804 1456 qua
828 1408 935 1444 divino
958 1412 1124 1458 mancipati

375 1457 450 1492 estis
476 1456 640 1505 obsequio,
668 1458 727 1493 sub
745 1458 887 1493 eiusdem
909 1460 1124 1506 apostolorum

377 1507 527 1554 principis
541 1515 572 1542 et
587 1516 690 1542 nostra
707 1508 901 1554 protectione
919 1510 1123 1556 suscipimus,

375 1564 405 1591 et
434 1557 605 1603 praesentis
620 1557 726 1604 scripti
751 1557 924 1604 patrocinio
946 1561 1125 1594 communi-

376 1618 457 1645 mus,
480 1613 664 1650 statuentes,
688 1614 719 1640 ut
746 1618 963 1654 quascumque
992 1621 1124 1654 posses-

374 1656 490 1695 siones,
508 1667 726 1702 quaecumque
738 1656 817 1690 bona
833 1657 1122 1703 impraesentiarum

374 1704 611 1752 quomodolibet
635 1705 702 1739 iure
729 1706 865 1752 praelata
891 1705 1030 1741 Ecclesia
1056 1720 1125 1755 pos-

373 1754 466 1799 sidet,
488 1762 541 1789 aut
564 1755 593 1788 in
618 1754 758 1789 futurum
782 1756 989 1790 concessione
1010 1756 1124 1792 Ponti-

373 1803 480 1842 ficum,
515 1803 679 1849 largitione
717 1816 827 1851 regum
858 1805 903 1839 vel
933 1806 1123 1853 principum,

373 1853 531 1888 oblatione
554 1853 704 1893 fidelium,
724 1866 780 1888 seu
795 1853 864 1889 aliis
886 1855 1123 1891 rationabilibus

373 1902 488 1942 modis,
512 1911 689 1950 praestante
708 1903 857 1947 Domino,
883 1904 998 1951 poterit
1019 1905 1120 1952 adipi-

373 1952 429 1992 sci,
457 1951 544 1986 firma
569 1952 654 1987 vobis
677 1953 851 1999 vestrisque
873 1953 1122 1995 successoribus,

373 2009 402 2035 et
430 2001 544 2035 illibata
584 2010 803 2048 permaneant3
836 2002 866 2036 in
903 2003 1020 2050 quibus
1046 2004 1124 2040 haec

373 2051 508 2098 propriis
530 2051 678 2086 duximus
704 2051 907 2098 exprimenda
944 2053 1120 2089 vocabulis:

374 2099 495 2146 plebem
519 2099 550 2134 S.
582 2100 664 2135 Petri
700 2100 730 2135 in
764 2100 891 2136 Lacuna
918 2114 989 2137 cum
1018 2104 1123 2138 omni-

373 2149 433 2183 bus
454 2149 491 2183 ad
521 2149 623 2196 ipsuin
654 2150 897 2196 pertinentibus,
920 2151 1137 2188 medietatem.

373 2198 473 2244 plebis
503 2198 611 2233 Sancti
645 2199 780 2234 Andreae
814 2199 845 2235 in
880 2200 1025 2236 Pavieale
1050 2214 1121 2237 cum

372 2247 522 2282 omnibus
545 2249 740 2295 pertinentiis
762 2249 839 2290 suis,
866 2250 1030 2285 ecclesiam
1047 2251 1123 2286 San-

372 2297 411 2331 cti
440 2295 626 2332 Christosori
660 2299 824 2343 martvris,
857 2299 940 2334 dicta
975 2300 1121 2335 Castrum

371 2345 546 2387 Quartulli,
573 2338 746 2382 ecclesiam·
775 2348 880 2383 Sancti
922 2349 1055 2384 Andreae
1091 2351 1143 2387 ini

371 2394 560 2440 casanaula,
587 2397 751 2432 ecclesiam
779 2396 813 2431 S.
837 2397 953 2432 Mariae
976 2399 1006 2432 in
1030 2398 1121 2433 Mor—
1141 2410 1142 2423 ³

371 2443 496 2485 lascho,
520 2453 677 2492 praeterea
705 2447 878 2481 Arcuatum
913 2449 1064 2482 maiorem
1093 2458 1121 2483 et

371 2493 539 2534 minorem,
561 2494 768 2530 Fermilinurn
794 2496 942 2532 maiorem
971 2506 1001 2531 et
1024 2498 1123 2533 mino-

407 2557 446 2592 (ί)
463 2558 500 2584 Ex
518 2559 634 2593 originali
655 2561 680 2587 in
696 2560 796 2587 archiv.
819 2569 1006 2590 canonicorum
1033 2563 1121 2590 Eccle-

371 2593 425 2620 siae
441 2593 518 2621 huius
533 2596 616 2621 edidit
632 2595 743 2630 Ughelt,
762 2597 817 2623 ltal.
837 2597 907 2631 Sao,
926 2601 988 2625 tom.
1003 2606 1030 2625 ii.

967 213 1092 236 ncLLAR
1100 213 1154 235 ΤΜ
1183 213 1346 235 nmrwrn

1159 271 1161 308 ζ
1183 280 1259 311 iem,
1286 280 1357 302 cum
1386 268 1591 314 appendiciis,
1615 268 1756 303 videlicet
1778 267 1929 312 Fabriati,

1180 316 1305 351 Mon-cna
1333 329 1404 351 cum
1432 329 1544 364 campo
1571 318 1759 353 cohaerente
1788 318 1864 356 sibi,
1898 325 1928 352 ct

1179 365 1286 400 Tantis
1321 366 1359 400 de
1395 365 1577 406 villanova,
1615 366 1696 402 ditos
1736 379 1862 402 mansos
1895 367 1925 401 in

1179 414 1336 455 Licutino,
1359 424 1492 461 quatuor
1527 416 1556 449 in
1592 416 1763 462 Peg-atino,
1790 416 1870 451 duos
1895 416 1925 450 in

1178 464 1340 507 Amerino,
1365 465 1480 503 iocum,
1503 465 1556 511 qni
1580 465 1696 500 dicitur
1710 465 1924 510 Curiglianns,

1178 513 1292 553 locum,
1320 514 1371 560 qni
1399 514 1514 548 dicitur
1536 514 1638 558 Mons,
1661 515 1776 553 locum,
1803 514 1855 560 qni
1878 515 1926 548 di-

1175 563 1256 597 citur
1289 563 1424 605 Titlitns,
1459 563 1539 598 «tuos
1567 576 1693 598 mansos
1726 565 1756 598 in
1791 563 1923 603 Varana,

1175 612 1326 659 quidquid
1357 613 1475 647 habetis
1504 613 1534 647 in
1562 612 1725 653 Fultarini,
1753 614 1782 647 in
1811 613 1922 659 Pigna,

1175 661 1204 696 in
1232 661 1382 698 Pitriolo.
1417 670 1446 696 et
1482 663 1510 696 in
1539 663 1795 709 quibuscumque
1824 662 1921 705 locis,

1174 710 1264 751 villis,
1293 711 1339 746 vel
1367 711 1483 751 fundis,
1508 712 1608 751 terris,
1632 713 1678 746 vel
1701 712 1801 759 aquis,
1824 724 1923 759 aqua—

1174 772 1282 795 rumve
1310 760 1509 796 decursibus.
1532 760 1700 796 Sancimus
1720 761 1812 795 etiam
1836 761 1923 796 vobis

1173 810 1345 857 vestrisque
1386 811 1416 844 in
1458 819 1644 857 perpetuum
1687 811 1922 846 successoribus

1150 886 1152 903 ,
1171 860 1316 907 antiquas
1337 859 1498 895 Ecclesiae
1525 868 1644 894 vestrae
1665 859 1921 899 consuetudines,

1172 908 1318 949 honores,
1342 910 1520 955 dignitates,
1543 910 1573 943 in
1597 910 1738 949 decimis,
1766 909 1921 956 primitiis,

1171 959 1387 1002 testamentis,
1424 958 1635 993 oblationibus
1676 968 1735 993 tarn
1780 958 1920 994 vivorum

1170 1019 1263 1054 qnam
1304 1017 1499 1042 mortuorum
1539 1008 1712 1055 antiquitus
1744 1010 1919 1047 consuetis,

1171 1056 1309 1103 plebium
1326 1058 1526 1104 episcopatus
1542 1059 1634 1092 vestri
1652 1057 1919 1104 processionibus,

1148 1131 1150 1138 ,
1169 1115 1199 1140 et
1222 1106 1437 1152 pensionibuS,
1460 1106 1671 1153 omnibusque
1695 1107 1919 1152 persolutioni—

1147 1156 1150 1169 '
1170 1155 1240 1197 bus,
1264 1155 1461 1202 praebendis,
1483 1156 1549 1190 sive
1565 1156 1749 1195 redditibus,
1765 1156 1918 1204 quemad-

1170 1205 1297 1239 modum
1328 1218 1381 1240 vos
1407 1213 1460 1240 aut
1482 1205 1738 1250 praedecessores
1765 1206 1855 1240 vestri
1880 1218 1916 1240 ex

1168 1255 1297 1301 antiquo
1331 1263 1449 1290 vestrae
1476 1255 1635 1289 Ecclesiae
1664 1267 1721 1289 usu
1745 1255 1916 1299 habuistis,

1169 1305 1313 1338 tenuistis
1339 1312 1369 1338 et
1393 1304 1575 1351 possedistis
1601 1317 1617 1339 a
1648 1305 1699 1339 die
1731 1304 1835 1339 obitus
1865 1304 1915 1339 bo.

1169 1365 1227 1387 me.
1252 1353 1339 1388 Pauli
1376 1354 1517 1388 eiusdem
1548 1353 1709 1389 Ecclesiae
1730 1353 1916 1388 venerabilis

1167 1403 1305 1449 episcopi
1330 1415 1429 1450 usque
1451 1403 1488 1438 ad
1512 1410 1636 1450 ternpus
1662 1403 1764 1438 lacobi
1787 1415 1916 1438 succes-

1166 1452 1246 1486 soris
1272 1453 1351 1486 eius.
1384 1451 1499 1487 Oleum
1521 1460 1625 1486 autem
1650 1452 1858 1495 iniit-morum,
1885 1460 1916 1487 et

1166 1501 1349 1536 eorumdem
1368 1502 1532 1536 unctiones
1558 1502 1597 1536 de
1621 1510 1680 1536 tota
1699 1502 1788 1548 plebe
1803 1502 1914 1545 vestra,

1144 1560 1146 1579 1
1165 1551 1221 1584 soli
1244 1550 1404 1585 Ecclesiae
1433 1559 1562 1594 vestrae,
1584 1551 1714 1598 eiusque
1736 1550 1915 1585 sacerdoti-

1143 1590 1148 1643 l
1167 1599 1224 1633 bus
1249 1601 1278 1634 in
1307 1608 1493 1647 perpetuum
1521 1601 1720 1648 Apostolieae
1742 1599 1836 1638 Sedis
1858 1612 1915 1634 au-

1166 1650 1307 1684 ctoritate
1335 1649 1515 1689 firmamus,
1537 1658 1567 1684 et
1590 1657 1622 1684 ut
1644 1650 1750 1684 nullus
1772 1649 1913 1695 capella-

1143 1708 1276 1732 ⁴norum
1304 1699 1386 1745 apud
1419 1712 1453 1732 se
1483 1699 1623 1741 retineat.
1661 1699 1704 1733 rel
1733 1699 1762 1732 in
1786 1710 1822 1732 eo
1843 1699 1911 1733 sine

1143 1741 1145 1751 ⁴
1166 1748 1303 1782 matricis
1326 1747 1486 1783 Ecclesiae
1516 1748 1641 1782 licentia
1677 1756 1836 1794 operetur,
1851 1747 1911 1782 sub

1164 1809 1272 1831 eorurn
1303 1797 1394 1832 officii
1440 1798 1690 1832 interminatione
1725 1809 1760 1831 ac
1790 1808 1914 1831 excom-

1164 1847 1376 1881 municatione
1400 1847 1618 1894 praecipimus.
1647 1847 1911 1881 Archidiaconum

1163 1908 1303 1943 quoque,
1336 1904 1366 1930 et
1393 1896 1699 1943 archipresbyterum
1727 1907 1852 1942 semper
1881 1895 1911 1929 in

1162 1945 1303 1980 Ecclesia
1337 1954 1437 1980 vestra
1471 1958 1524 1992 per
1555 1945 1736 1980 canonicam
1759 1945 1913 1979 constitu-

1164 1995 1278 2029 tionem
1303 1995 1465 2030 habendos
1489 1994 1714 2041 praecipimus:
1736 1993 1851 2041 quibus
1870 1994 1914 2028 ni-

1165 2045 1289 2083 mirum.
1317 2044 1471 2091 quidquid
1499 2044 1546 2078 eis
1572 2055 1731 2078 sacrorum
1753 2055 1911 2078 canonum

1163 2094 1345 2128 auctoritate
1359 2092 1555 2133 conceditur,
1571 2093 1742 2138 praesentis
1758 2091 1910 2138 privilegii

1163 2144 1345 2178 auctoritate
1367 2143 1538 2177 firmamus.
1563 2142 1645 2177 Sane
1664 2141 1842 2176 charitativa
1862 2141 1912 2176 illa

1163 2192 1303 2226 ciborum
1342 2192 1517 2231 beneficia,
1550 2204 1630 2239 quae
1664 2204 1679 2226 a
1715 2190 1912 2225 monasteriis

1162 2241 1296 2276 Sanctae
1328 2241 1444 2276 Mariae
1471 2241 1548 2276 foris
1581 2247 1721 2287 portam,
1749 2249 1777 2274 et
1806 2239 1911 2274 Sancti

1141 2301 1143 2303 ·
1163 2290 1336 2338 Hippolyti,
1350 2292 1414 2325 sire
1435 2302 1516 2338 quae
1531 2291 1561 2324 in
1576 2289 1742 2324 Nativitate
1752 2298 1782 2324 et
1799 2289 1912 2324 Resur-

1164 2341 1303 2375 rectione
1336 2339 1479 2381 Domini,
1501 2340 1592 2374 annis
1619 2339 1751 2385 singulis
1777 2338 1816 2373 ab
1837 2338 1912 2385 epi-

1141 2394 1259 2437 ²scopo
1291 2397 1393 2424 vestro
1432 2389 1571 2435 recipere
1601 2387 1820 2427 consuevistis,
1847 2388 1911 2422 sive

1165 2440 1193 2472 in
1217 2439 1309 2474 dictis
1331 2438 1530 2474 monasteriis
1551 2445 1717 2473 consuetas
1734 2436 1912 2484 processio-

1163 2500 1218 2523 nes
1241 2488 1395 2528 feceritis,
1417 2488 1482 2522 sive
1517 2487 1612 2535 ipsas,
1643 2499 1718 2522 casu
1739 2485 1909 2520 excusabili

1164 2537 1361 2584 prohibente,
1377 2538 1605 2581 subtraxeritis,
1623 2536 1710 2571 vobis
1737 2535 1911 2582 vestrisque

1138 2601 1144 2628 1
1163 2587 1296 2634 posteris
1318 2586 1582 2632 rata,sancimus,
1598 2593 1629 2620 et
1651 2584 1766 2620 illibata
1780 2583 1910 2619 servari.

1949 210 1999 238 An.
2017 210 2046 238 C.
2062 211 2126 237 ΗΜ

1950 772 2054 796 Nonuuu·
2067 775 2122 798 clu·-
2156 788 2161 792 -

1937 805 1990 830 gitur
2009 804 2121 832 privttsnt·

1936 837 1957 855 et
1965 837 2118 862 exemptiones·
