2180 3205
175 251 223 276 An.
245 249 273 277 C.
289 250 358 278 1077

178 1086 237 1131 „ulf
239 1085 363 1133 ’Ἣζῗῗῗζῑυξ
384 1092 474 1125 5ιοιι6
496 1090 555 1124 sub
582 1088 919 1123 exeomnumieauonis
943 1089 1075 1122 nexibus
1090 1096 1137 1122 tc-

179 1174 186 1185 ι
200 1150 219 1185 ι·
232 1145 316 1184 “fffin
331 1145 363 1184 '2²¹1
383 1147 505 1179 nentur,
521 1138 689 1185 apostolica
710 1145 739 1171 te
757 1137 939 1171 auctoritate
959 1150 1135 1177 monemus,

190 1200 201 1210 ιι
258 1194 277 1211 et
292 1192 308 1211 si
325 1191 363 1211 Ma

178 1219 364 1241 iii-,Vneritssl'n-

179 1251 262 1265 risiciisi
283 1250 363 1269 episco-

246 1272 248 1280 ι
266 1278 269 1284 ,
283 1278 285 1280 ,

207 1669 230 1689 Si
263 1674 312 1689 vero
346 1669 366 1688 in

181 1696 286 1721 culpante
298 1695 366 1718 suci-t

182 1729 194 1742 a
240 1722 366 1742 >atiani-tio-

181 1755 227 1769 nem
258 1751 336 1769 coarct
338 1755 366 1768 n-

187 1970 243 1990 hit—11·
259 1969 284 1988 ile
301 1970 340 1989 ΑΖ,
343 1974 367 1988 ne

183 1997 275 2022 quonlam
306 2002 322 2015 c⁴

183 2029 238 2043 ulcu,

440 240 485 273 88

391 304 431 339 de
457 316 492 338 63
520 315 624 342 63353,
648 310 775 349 proptor
801 314 894 348 quam
922 301 1140 336 excommuni-

389 362 476 387 catus
503 353 555 392 sit,
580 352 738 386 multoties
759 351 796 385 ad
820 351 1092 397 disceptationem,
1111 359 1141 385 ct

389 402 563 437 faciendam
592 401 740 434 iustitiam
775 408 846 433 ante
883 401 1140 434 excommunica-

389 452 508 485 tionem
544 458 574 484 et
610 457 679 496 post
714 449 1073 484 excommunicationem
1106 461 1139 483 se

389 508 531 547 paratum
559 498 718 533 obtulerit.
742 497 877 541 Vcr,um
900 498 972 545 quia
997 498 1138 533 rclttioni

386 561 462 583 suae
498 548 567 582 sine
604 547 743 593 teo-iiima
778 547 975 582 discussione
1012 547 1139 582 credere

386 611 449 632 non
484 597 559 632 satis
601 605 726 631 cautum
764 604 817 631 aut
854 596 1003 631 iation‘ib
1009 597 1036 630 le
1070 609 1138 631 csse

386 647 580 694 putavimus,
598 645 762 680 diffinitam
786 646 972 680 sententiam
997 658 1051 692 pro
1071 647 1138 680 eius

385 695 586 730 absolutionc
615 695 688 729 dare
714 695 893 735 noluimus;
921 707 989 729 eam
1017 695 1138 729 solum-

384 745 480 780 modo
515 744 759 779 misericordiam
789 756 827 778 ex
855 744 951 789 gratia
974 753 1005 779 et
1031 744 1139 778 indul-

384 795 489 840 gentia
529 794 742 840 apostolorum
778 793 863 827 Petri
891 801 920 827 et
949 793 1063 834 Pauli,
1099 794 1136 828 ad

384 856 518 891 quorum
542 843 650 877 limina
666 842 821 884 veniebat,
837 842 895 876 sibi
912 843 1136 887 concedentes,

384 902 418 928 ut
441 894 472 927 in
494 893 599 927 eundo
621 901 651 926 et
679 892 840 926 redeundo
862 904 968 926 sacrae
992 904 1137 926 commu-

384 943 491 977 nionis
529 942 685 976 licentiam
719 941 847 975 liaberet
870 953 968 987 usque
991 941 1020 975 in
1049 950 1138 976 octa-

383 1005 457 1026 vum
484 992 580 1033 diem,
607 998 774 1037 postquam
794 990 908 1024 rediret
930 990 967 1024 ad
992 991 1144 1036 patriam:

384 1041 553 1075 Caeterum
577 1053 615 1074 ne
634 1039 753 1073 diutius
775 1039 877 1085 aliqua
902 1039 1028 1085 indigna
1043 1052 1137 1074 occa-

384 1197 419 1222 ut
440 1188 538 1222 fultus
566 1187 613 1221 liis
636 1187 750 1221 nostris
771 1186 1047 1233 archiepiscopum
1065 1199 1138 1221 con-

384 1238 492 1272 venire
519 1236 668 1279 studeas,
696 1243 726 1269 ct
753 1236 921 1282 perquisita
949 1248 985 1270 ac
1012 1237 1134 1282 cognita

384 1299 470 1322 mera
498 1287 592 1320 liuius
628 1285 744 1332 negotii
768 1286 907 1324 veritate,
935 1285 960 1318 si
990 1285 1057 1326 iste,
1084 1294 1136 1320 aut

384 1349 441 1383 pro
469 1348 524 1370 sua
560 1343 740 1369 innocentia
757 1362 765 1375 ,
791 1342 844 1368 aut
870 1346 1009 1379 congrua
1042 1344 1136 1369 satis-

383 1385 532 1420 factionis
569 1383 787 1424 exhibitione,
828 1383 882 1417 tihi
926 1383 1136 1419 absolvendus

385 1434 563 1474 videbitur,
599 1433 750 1467 continuo
785 1432 1075 1479 archiepiscopum,
1103 1442 1135 1467 ut

385 1496 460 1519 eum
482 1484 550 1518 sine
572 1482 820 1517 contradictione
842 1481 993 1520 absolvat,
1015 1494 1052 1516 ex
1076 1495 1136 1517 no-

384 1542 446 1567 stra
471 1541 557 1580 parte
580 1544 798 1572 commoneas3
825 1531 877 1576 qui
900 1531 924 1564 si
954 1531 1055 1578 aliqua
1075 1531 1135 1566 hoc

384 1583 586 1617 excusatione
608 1581 758 1621 renuerit,
782 1589 813 1614 tu
843 1580 909 1626 ipse
936 1592 1006 1614 eum
1032 1588 1134 1615 nostra

384 1633 451 1666 vice
483 1630 645 1666 absolvere
679 1629 857 1664 nullatenus
897 1630 1133 1675 praetermittas.

385 1680 443 1715 Sin
472 1692 545 1714 vero
568 1679 660 1713 istum
690 1679 720 1712 in
748 1679 839 1725 culpa
872 1690 965 1719 csse,
994 1687 1024 1712 et
1043 1680 1133 1734 quod

385 1730 502 1764 iustum
534 1728 648 1773 fuerit,
684 1728 793 1774 exequi
834 1727 917 1762 nolle
949 1728 1135 1769 constiterit,

388 1790 488 1826 usque
510 1778 549 1813 ad
570 1778 696 1824 diouam
724 1776 964 1811 satistactionem
988 1777 1047 1811 sub
1075 1790 1136 1812 ex—

385 1827 682 1863 communicationis
699 1826 825 1860 vinculo
849 1826 999 1860 coarctari
1021 1827 1136 1861 debere

386 1877 600 1912 decernimus.
622 1875 787 1911 Praeterea
815 1875 898 1909 Azzo
929 1875 1056 1922 quidam
1081 1889 1137 1910 ca-

386 1927 521 1962 nonicus
547 1925 698 1961 ecclesiae
718 1924 826 1959 Sancti
853 1925 957 1959 Amati
980 1924 1019 1960 de
1048 1937 1138 1972 piae-

361 1976 551 2011 .nominato
577 1975 647 2010 loco
679 1980 736 2022 pro
769 1973 908 2021 quodam
944 1974 1039 2015 dicto,
1066 1975 1138 2009 licet

387 2037 473 2070 vero,
494 2024 589 2059 nimis
614 2032 719 2059 tamen
742 2023 852 2058 leviter
872 2031 903 2057 ct
934 2023 1139 2058 irreverenter

387 2074 519 2122 prolato,
546 2086 563 2109 a
597 2073 756 2109 consortio
786 2072 914 2107 fratrum
941 2084 974 2107 se
1004 2073 1137 2107 eiectum

388 2135 468 2166 esse,
496 2123 643 2158 innotuit
660 2122 762 2164 Quem
785 2122 928 2156 similiter
948 2121 1139 2169 apostolicae

391 2172 603 2208 ιιιὶ56ι3ιί03ἱ5
636 2171 834 2207 clementiam
863 2183 919 2218 pio
945 2183 1000 2205 533
1028 2183 1139 2205 iccon-

389 2222 548 2258 ciliatione
570 2221 804 2269 implorantem,
831 2220 939 2255 itidem
968 2220 1021 2254 tihi
1051 2232 1140 2254 com-

389 2271 557 2313 mittimus,
580 2280 613 2306 ut
628 2271 653 2306 si
676 2270 733 2305 alia
748 2283 819 2305 eum
839 2269 931 2316 culpa
948 2269 1139 2304 damnationi

389 2321 491 2367 magis
518 2320 623 2356 debita
645 2331 708 2354 non
730 2327 867 2361 accusat,
887 2331 942 2366 pro
961 2319 1049 2353 hac
1043 2332 1073 2353 in
1089 2331 1141 2353 ca·

390 2370 491 2417 pitulo
509 2369 664 2405 fratrum'
657 2382 687 2403 m
711 2346 867 2404 claustrali
890 2368 1054 2415 disciplina
1069 2379 1141 2402 cor-

391 2427 537 2462 rectum,
572 2427 602 2454 et
641 2418 834 2466 poenitentia
870 2418 1081 2463 castigatum,
1109 2416 1140 2450 in

392 2468 573 2503 societatem
608 2468 738 2502 fratrum
772 2468 807 2502 ad
841 2467 1005 2514 proprium
1038 2466 1141 2500 locum

392 2529 464 2552 cum
488 2517 637 2552 charitate
659 2517 754 2564 recipi
789 2517 893 2551 facias.
928 2516 986 2550 Est
1021 2523 1050 2550 et
1085 2514 1142 2549 alia

393 2578 497 2606 causa,
531 2578 624 2613 quam
660 2579 731 2600 cnm
765 2565 850 2601 omni
884 2564 1085 2600 solicitudine
1115 2572 1143 2597 te

394 2615 554 2662 suscipere
575 2623 606 2650 et
633 2627 782 2663 peragere
805 2615 970 2660 volumus,
1000 2613 1144 2650 videlicet

971 247 1160 271 numanum
1183 248 1348 270 ROMANUM

1182 301 1316 336 (luorum
1351 301 1479 335 fratrum
1511 301 1690 336 monasterii
1719 300 1825 336 Sancti
1862 301 1929 336 Re-

1181 351 1283 396 migii,
1316 349 1445 385 Roberti
1474 357 1504 384 et
1537 350 1707 391 Lamberti,
1735 351 1787 397 qui
1822 364 1855 385 se
1889 353 1928 385 ab

1180 400 1418 446 archiepiscopo
1441 398 1556 433 idcirco
1577 400 1877 439 excommunicatos,
1899 409 1929 435 et

1180 456 1345 483 excaecato
1358 449 1494 495 quodam
1510 448 1601 482 fratre
1615 460 1724 483 eorum
1737 449 1827 490 laico,
1843 452 1928 484 omni

1182 498 1305 532 miseria
1329 498 1559 532 circumventos
1581 509 1662 537 esse,
1685 498 1815 539 dicunt;
1847 511 1930 545 quo-

1182 547 1263 581 niam
1292 547 1416 581 cuidam
1449 554 1598 581 extraneo
1620 546 1724 581 abbati
1750 547 1928 582 interventu

1181 596 1341 641 pecuniae,
1364 604 1394 630 et
1413 596 1543 630 omnino
1566 603 1672 630 contra
1696 597 1834 641 regulam
1859 609 1929 631 san-

1179 645 1219 678 cti
1247 645 1425 689 Benedicti,
1451 653 1481 679 et
1502 645 1719 679 auctoritatem
1747 654 1926 681 sanctorum

1180 693 1319 738 Pan-,um
1351 694 1480 740 indigne
1507 693 1569 728 illis
1591 701 1622 728 et
1648 693 1787 741 praefato
1810 707 1927 730 mona-

1179 743 1273 777 sterio
1296 755 1351 790 pro
1373 723 1484 778 abbate
1498 743 1644 790 apposito
1667 743 1808 785 obedire,
1822 752 1852 779 et
1867 744 1926 779 sub

1178 792 1246 826 eius
1269 793 1421 839 reoimine
1443 793 1472 826 in
1492 793 1603 827 eodem
1626 792 1779 827 coenobio
1801 806 1927 829 manere

1179 842 1351 881 noluerint;
1374 854 1432 877 nec
1454 842 1485 876 in
1513 842 1562 876 his
1583 841 1731 877 omnibus
1752 842 1924 890 quidquam

1178 890 1224 925 eis
1246 891 1401 937 profuisse
1435 904 1492 938 pro
1525 890 1711 926 confusione
1733 893 1927 935 monasterii,

1178 947 1207 973 et
1226 939 1368 975 habenda
1392 939 1496 975 iustae
1513 940 1706 975 defensionis
1727 953 1803 975 5336
1828 941 1927 976 licen-

1178 988 1229 1029 tia,
1251 989 1289 1023 ad
1312 989 1505 1024 audientiam
1529 989 1623 1024 Sedis
1644 989 1844 1036 Apostolicae
1860 1003 1929 1045 pro-

1177 1037 1339 1073 clamasse.
1366 1038 1460 1080 Quod
1482 1039 1507 1073 si
1531 1038 1572 1073 ita
1593 1047 1651 1079 est,
1673 1051 1767 1086 quam
1793 1040 1928 1085 graviter

1177 1087 1436 1135 archiepiscopus
1463 1088 1492 1122 in
1515 1088 1573 1122 hac
1600 1100 1709 1131 causa,
1732 1089 1866 1123 maxime
1888 1089 1928 1124 de

1177 1143 1359 1183 contemptu
1381 1137 1569 1183 apostolicae
1583 1138 1789 1178 auctoritatis,
1811 1150 1844 1172 56
1859 1139 1928 1172 cul-

1178 1184 1313 1229 pabilem
1329 1186 1444 1227 fecerit,
1468 1194 1499 1220 tn
1524 1186 1590 1232 ipse
1612 1186 1806 1233 perpendere
1826 1194 1924 1233 potes.

1177 1232 1379 1289 Quapropter
1413 1235 1451 1270 de
1478 1235 1527 1270 his
1560 1243 1589 1269 et
1623 1234 1663 1269 de
1695 1235 1801 1269 multis
1837 1235 1923 1276 aliis,

1176 1283 1306 1328 aptioris
1329 1284 1386 1318 loci
1421 1292 1451 1319 et
1477 1284 1629 1331 tempoiis
1656 1285 1924 1331 opportunitatem

1177 1333 1384 1367 conveniendi
1407 1346 1479 1368 eum
1501 1333 1568 1368 Deo
1589 1333 1759 1368 auxiliante
1783 1342 1925 1380 praesto-

1177 1380 1286 1425 lantes,
1313 1382 1391 1416 illud
1413 1383 1452 1417 ad
1481 1394 1629 1429 praesens
1649 1390 1720 1417 tuae
1742 1382 1924 1417 fraternitati

1176 1431 1405 1466 committimus
1421 1460 1428 1470 ,
1463 1441 1493 1466 et
1527 1432 1696 1478 apostolica
1736 1432 1922 1467 auctoritate

1178 1491 1399 1527 praecipimus,
1422 1490 1454 1515 ut
1475 1493 1559 1521 eum,
1582 1493 1667 1515 omni
1690 1493 1854 1515 occasione
1874 1493 1925 1515 re-

1176 1537 1270 1569 mota,
1282 1531 1466 1564 sententiam
1476 1530 1924 1576 excommunicationis,quam

1177 1577 1207 1611 in
1244 1578 1379 1625 prefatos
1406 1579 1578 1614 monachos
1605 1579 1750 1625 protulit,
1787 1579 1923 1614 relaxare

1176 1639 1402 1673 commoneas,
1430 1637 1460 1663 et
1487 1641 1541 1663 605
1568 1628 1719 1675 deinceps
1745 1628 1813 1663 sine
1838 1628 1925 1662 omni

1177 1676 1375 1712 infestatione
1401 1686 1431 1712 et
1459 1678 1598 1724 periculo
1624 1677 1656 1711 in
1690 1689 1766 1724 pace
1797 1689 1925 1712 manere

1177 1725 1326 1767 (limittat;
1349 1739 1590 1774 recognoscens,
1612 1735 1642 1761 et
1663 1727 1790 1773 superni
1813 1726 1926 1761 Iudicis

1178 1774 1328 1810 iudicium
1347 1776 1474 1820 timens,
1496 1777 1578 1823 quod
1596 1776 1642 1810 eis
1657 1783 1738 1810 tanta
1763 1776 1842 1810 mala
1857 1776 1925 1810 sine

1177 1824 1403 1860 deliberatione
1444 1826 1579 1860 iustitiae
1615 1824 1674 1859 sub
1716 1824 1927 1872 appellatione

1178 1873 1378 1920 Apostolicae
1396 1875 1490 1909 Sedis
1512 1874 1631 1909 fecerit.
1654 1873 1688 1908 Si
1713 1886 1784 1908 vero
1806 1886 1879 1908 cum
1896 1874 1926 1908 in

1178 1922 1237 1957 hac
1259 1935 1291 1958 rc
1325 1936 1381 1970 pro
1411 1936 1466 1958 sua
1494 1923 1711 1969 magnitudine
1739 1930 1771 1957 et
1796 1922 1927 1957 arbitrio

1178 1972 1457 2015 contradicentem,
1479 1981 1509 2008 et
1535 1973 1641 2006 minus
1659 1971 1859 2006 obedientem
1882 1971 1926 2006 in-

1181 2022 1313 2061 veneris,
1336 2030 1367 2056 tu
1396 2021 1462 2068 ipse
1485 2021 1581 2056 fultus
1604 2029 1708 2056 nostra
1729 2021 1927 2065 auctoritate,

1179 2082 1233 2105 eos
1255 2071 1408 2115 absolvas,
1424 2079 1454 2105 et
1475 2070 1619 2106 abbatem
1639 2069 1740 2110 illum,
1763 2070 1816 2116 qui
1835 2082 1926 2117 prae-

1180 2119 1276 2154 fatum
1311 2120 1533 2155 monasterium
1560 2119 1669 2154 Sancti
1702 2119 1837 2165 Remigii
1865 2131 1930 2154 ne-

1951 251 2000 278 An.
2021 251 2049 279 C.
2067 252 2134 279 ¹077

1978 511 2089 532 Monachis
2112 511 2134 532 S.

1952 538 2059 559 Laiuberti
2075 554 2079 562 ,
2101 538 2138 564 qui

1953 568 2052 586 extraneo
2063 565 2137 586 abbati

1953 594 1973 612 et
1988 592 2104 612 simoniaco
2114 597 2136 612 0-

1953 618 2026 638 bedira
2065 618 2138 639 nolue-

1953 646 2007 668 rant.
2019 650 2138 665 excommu-

1953 671 2065 692 nicationis
2091 677 2138 691 sen-

1953 698 2039 718 tentiam
2083 697 2138 718 rela-

1962 724 2051 745 xandam
2085 729 2123 749 per

1954 750 2049 771 eumdem
2057 750 2138 772 archie-

1954 778 2070 804 piscopum.

1974 1852 1990 1872 V
1994 1852 2012 1872 el
2021 1852 2039 1872 si
2049 1851 2084 1872 hic
2094 1856 2148 1871 con-

1961 1879 2042 1899 tiadica
2044 1881 2070 1902 t,
2107 1883 2146 1904 pei·

1961 1905 2057 1926 eumdem
2087 1903 2145 1924 Pari-

1960 1932 2051 1952 siensem
2064 1931 2146 1957 opisco-

1960 1964 2016 1984 puni.

1180 2169 1272 2204 fanda
1309 2169 1480 2204 ambitione
1513 2180 1683 2216 occupasse
1713 2168 1850 2212 dicitur,
1887 2168 1928 2202 ita
1963 2200 1966 2203 .

1180 2230 1393 2260 commoneas,
1417 2227 1448 2253 ut
1474 2226 1528 2253 aut
1554 2218 1585 2252 in
1608 2217 1749 2265 partibus
1776 2217 1836 2251 illis
1858 2229 1931 2251 con-

1181 2267 1264 2302 fratri
1306 2276 1413 2303 nostro
1448 2268 1573 2314 Hugoni
1613 2266 1781 2301 venerabili
1819 2265 1928 2300 Diensi

1181 2318 1353 2364 episcopo,
1389 2317 1440 2352 cui
1488 2319 1571 2351 vices
1607 2315 1843 2355 commisimus,
1877 2323 1930 2349 aut

1181 2367 1250 2401 aliis
1265 2367 1374 2412 legatis
1395 2366 1523 2410 nostris,
1544 2366 1570 2400 si
1587 2377 1652 2406 605,
1672 2365 1703 2399 iu
1719 2364 1819 2399 Gallia
1834 2376 1931 2411 syno-

1182 2416 1257 2450 dum
1284 2415 1496 2450 celebiaturos
1517 2414 1711 2469 cognoverit,
1729 2425 1762 2448 se
1781 2425 1932 2460 praesen-

1183 2473 1247 2499 tare
1275 2477 1331 2512 pio
1353 2464 1514 2499 ieddenda
1541 2464 1660 2499 ratione
1687 2462 1735 2497 sui
1772 2462 1931 2504 immittis,

1185 2514 1362 2548 nullatenus
1397 2514 1639 2561 praeteimittat3
1670 2519 1724 2546 aut
1756 2511 1796 2546 ad
1819 2523 1877 2545 nos
1900 2512 1930 2545 in

1185 2575 1325 2610 pioxima
1354 2563 1518 2597 testivitate
1556 2561 1706 2596 Omnium
1741 2560 1930 2594 Sanctorum

1185 2613 1302 2647 veniat:
1326 2612 1526 2648 commonitis
1553 2611 1644 2646 etiam
1671 2609 1818 2644 lratiibus
1840 2609 1932 2643 6ι35-

1988 2248 2065 2269 Abbati
2096 2252 2147 2268 vero

1962 2274 2104 2296 committenti.
2125 2276 2148 2294 nt

1962 2303 1988 2322 de
2003 2302 2090 2322 introitu
2108 2305 2146 2320 mo

1962 2326 2147 2349 rationemreddat

1963 2361 2034 2376 coram
2061 2355 2147 2379 aposto-

1963 2383 2002 2402 lico
2018 2380 2104 2403 vicario.
2115 2379 2146 2399 vel

1963 2409 1983 2428 in
1998 2414 2008 2428 s
2022 2407 2077 2428 nodo
2086 2422 2091 2430 ‚
2110 2407 2147 2426 aut

1963 2435 1990 2456 ad
2006 2433 2083 2455 bedam
2093 2433 2147 2462 Apo·

1963 2463 2058 2482 stolio-aru
2068 2460 2146 2480 vemat.
