2180 3205
230 278 280 304 Au.
300 278 328 305 C.
351 281 416 306 lli-tt
481 271 549 301 75'4

428 335 481 368 rali
506 333 698 380 providentia
725 333 861 373 oluiare,
890 344 927 366 ue
950 345 1076 378 gregem
1106 333 1172 367 Do-

428 384 578 417 minicum
603 383 743 425 invadat,
771 390 800 416 et
826 382 957 416 diversis
984 394 1054 417 eunt
1080 383 1171 417 vitio-

425 445 493 466 rum
532 432 687 467 morsibus
722 433 845 468 laceret.
878 431 953 465 lude
984 442 1047 473 est,
1085 433 1168 479 quod

237 486 266 508 Μ
293 489 407 511 mmm<-
424 483 598 516 vehementi
632 495 686 516 cor
720 491 860 517 nostrum
888 480 1005 516 doloris
1030 482 1170 528 pulsatur

225 520 407 574 {liiii's13'jssi'“‚fsfssf
422 531 567 572 stimulo,
595 532 702 566 audito
726 532 808 579 quod
833 532 862 565 iu
892 531 1031 578 partibus
1060 533 1169 567 vestris

225 580 300 604 '‘¹⁰¹¹’‘
420 582 451 615 in
476 591 596 616 tantuin
620 581 716 616 libido
738 581 874 616 crudelis
896 589 926 614 et
945 582 1045 628 turpis
1066 594 1166 617 excre-

420 631 508 676 verit,
544 640 578 666 ut
610 631 764 678 quaedam
798 630 946 665 mulieres
980 631 1058 677 proli
1093 644 1167 667 suae

419 688 590 727 procurent
624 681 803 722 interitum,
839 692 1011 727 earumque
1050 693 1167 716 corru-

418 738 523 775 ptores
551 740 613 766 tarn
641 731 798 765 horrendo
827 737 857 764 et
884 729 1058 764 detestabili
1095 732 1167 765 faci-

417 781 485 814 nori
509 793 569 815 non
590 780 691 815 solum
716 779 912 819 consentire,
942 792 1048 814 verum
1072 781 1163 816 etiam

416 830 606 876 persuadere
644 838 862 877 praesumant:
902 829 951 863 alii
988 829 1164 865 incestuosa

415 880 652 923 coniunctione,
675 880 814 927 plerique
836 891 907 913 cum
931 879 1078 914 iumentis
1093 880 1165 915 aho-

414 929 559 964 minanda
582 941 616 964 se
631 929 802 975 pollutione
817 929 1058 964 commaculent.
1076 929 1164 972 Quae

413 987 564 1025 quantum
592 979 655 1014 sint
680 979 803 1025 gravia,
838 986 869 1012 et
895 977 1033 1013 Creatori
1057 988 1164 1015 nostro

412 1029 538 1074 penitus
552 1029 690 1070 inimica,
709 1029 772 1075 ipsa
786 1027 914 1063 sceleris
931 1029 1076 1063 atrocitas
1090 1030 1164 1064 satis

412 1078 617 1119 demonstrat,
644 1091 737 1125 quan]
763 1091 819 1113 uec
848 1077 1041 1112 audientium
1073 1092 1163 1114 aures

411 1128 480 1162 sine
507 1128 626 1175 ingenti
663 1136 795 1175 possunt
830 1128 958 1162 horrore
987 1128 1158 1176 percipere.

459 1178 492 1211 Si
516 1179 612 1218 euim,
635 1178 687 1224 qui
711 1178 823 1212 iactato
847 1178 877 1211 in
902 1185 1013 1211 terram
1041 1179 1161 1213 semine

270 1264 280 1273 ,
324 1231 396 1279 ‘'gfff-⁰
411 1228 531 1274 prolem
555 1227 679 1262 nolebat
705 1239 741 1262 cx
771 1239 866 1261 uxore
894 1228 1064 1273 suscipere,
1085 1240 1162 1274 per-

213 1299 217 1318 .
263 1266 397 1313 3.'¹,.‘12:.:>;i
410 1290 523 1312 cussus
539 1290 553 1311 a
569 1277 705 1311 Domino
727 1276 921 1311 Testamenti
944 1275 1067 1311 Veteris
1082 1279 1162 1313 serie

213 1324 250 1343 '¹¹¹⁵
270 1324 604 1369 dcc¹³³¹⁴'·¹¹¹¹sdiuoscitur;
647 1339 708 1374 qua
749 1338 850 1372 poena
889 1326 1049 1361 feriendus
1094 1341 1161 1362 esse

409 1384 612 1421 monstratur,
635 1377 688 1423 qui
712 1385 819 1410 natum
843 1376 1004 1423 proprium
1025 1389 1087 1411 nou
1113 1377 1161 1412 ab·

407 1426 515 1461 horret
537 1427 693 1471 occidere,
719 1434 750 1460 et
768 1426 884 1460 mavult
919 1425 1046 1461 interire
1067 1439 1159 1473 quam

407 1477 534 1511 vivere?
564 1475 666 1511 Cuius
697 1476 804 1522 utique
827 1475 967 1510 criminis
995 1488 1094 1522 poena
1122 1477 1161 1511 il-

406 1526 460 1560 lud
489 1526 582 1560 etiam
606 1525 832 1573 persuadentes
859 1525 905 1560 vel
928 1527 1160 1561 consentientes

409 1576 536 1613 involvi,
559 1576 668 1611 beatus
689 1575 885 1621 Augustinus
913 1575 1068 1615 ostendit,
1103 1576 1160 1610 di—

407 1638 499 1660 ceus:
528 1624 570 1660 Se
598 1625 772 1673 periculose
805 1624 978 1671 decipiunt,
1013 1625 1065 1672 qui
1089 1626 1158 1660 eai—

407 1675 535 1709 stimant
568 1687 622 1709 eos
650 1683 770 1709 tantum
806 1673 980 1708 homicidas
1011 1675 1156 1716 existere,

406 1725 460 1771 qui
484 1724 632 1759 manibus
659 1724 819 1759 hominem
843 1723 1010 1768 occidunt,
1037 1732 1067 1758 et
1094 1737 1156 1759 non

406 1775 513 1820 potius
548 1786 619 1818 eos,
660 1786 716 1821 per
748 1785 882 1820 quorum
922 1773 1087 1808 consilium
1127 1783 1157 1809 et

407 1823 548 1858 fraudem
576 1833 605 1858 et
626 1823 872 1859 exhortationem
897 1823 1040 1858 homines
1061 1824 1156 1858 extin—

405 1881 556 1919 guuntur.
588 1873 667 1908 Nam
702 1873 807 1908 Iudaei
835 1872 1007 1907 Dominum
1037 1885 1156 1920 nequa-

404 1935 498 1969 quam
541 1923 675 1970 propriis
720 1922 866 1958 manibus
907 1922 1154 1968 interfecerunt,

405 1973 486 2007 sicut
506 1973 658 2020 scriptum
691 1980 754 2008 est:
782 1971 882 2007 Nobis
909 1984 970 2006 non
999 1972 1069 2007 licet
1104 1973 1154 2006 in·-

405 2022 546 2057 terlicere
582 2035 772 2070 quemquam
795 2025 853 2066 (a);
886 2021 942 2056 sed
968 2028 1071 2057 tamen
1094 2022 1154 2058 illis

405 2084 490 2106 mors
516 2071 644 2107 Domini
678 2073 865 2120 imputatur,
900 2071 972 2118 quia
999 2071 1057 2118 ipsi
1079 2084 1152 2107 eum

405 2120 512 2167 lingua
533 2121 771 2167 interfecerunt,
798 2121 956 2157 dicentes:
983 2120 1152 2169 Crucifige,

405 2171 553 2217 crucifige
575 2183 659 2206 eum.

453 2220 611 2256 Incestum
637 2233 710 2256 vero
743 2228 895 2268 quantum
922 2220 1001 2255 sacri
1035 2220 1152 2256 ablior-

225 1231 287 1251 (Tutus

214 1270 217 1280 2
228 1267 241 1280 t·
250 1270 259 1280 ι·

228 1297 255 1312 tut

215 2273 492 2325 .l¹¹T,“.‘¹¹.¹>⁵.-J⁰²‘s⁰³¹¹¹
524 2282 672 2315 canones,
703 2270 873 2305 concilium
907 2269 1065 2305 Ilerdense
1096 2271 1152 2307 de-

209 2312 390 2362 i''f1'-'1.[2.f‚s:0‘1'‚‡
405 2326 574 2355 monstrat:
597 2319 680 2355 Cum
702 2320 768 2365 his,
791 2319 908 2367 inquit,
935 2320 988 2367 qui
1014 2320 1151 2356 incestus

209 2368 366 2389 '‘¹““¹¹⁰⁰¹²'²¹⁵'
404 2381 438 2404 se
460 2369 631 2417 pollutione
664 2370 910 2414 commaculant,
943 2369 1091 2416 quamdiu
1119 2371 1149 2404 in

404 2419 472 2465 ipso
495 2419 681 2454 detestando
703 2427 733 2454 et
764 2419 872 2454 illicito
904 2420 1006 2454 carnis
1037 2427 1151 2454 contu-

405 2468 514 2503 bernio
547 2477 763 2516 perseverant,
797 2481 855 2504 nec
886 2480 1011 2504 sumere
1044 2469 1149 2503 cibum

404 2518 457 2552 ulli
485 2518 737 2560 christianorum,
764 2519 844 2553 sicut
865 2518 1149 2566 Apostolusiussit‚

404 2567 520 2602 licebit.
554 2568 652 2604 Porro
680 2568 783 2603 scelus
809 2580 881 2603 cum
917 2567 1064 2603 iumentis
1094 2580 1150 2603 co-

443 2639 480 2673 (a)
501 2639 571 2665 loan.
593 2647 670 2671 xvui,
682 2640 725 2666 51.
742 2656 773 2660 —-
785 2640 812 2665 In
824 2638 948 2674 Cocquel.
960 2638 1022 2666 edit.
1034 2658 1042 2671 ,
1059 2647 1150 2667 erroro

407 2678 575 2713 typographi,
593 2679 695 2713 legitur:
715 2680 786 2706 toan.
804 2687 863 2706 xix.
882 2681 917 2714 (n.
936 2679 975 2714 T.)

1012 278 1110 299 mittat
1117 277 1196 298 ttttm
1225 277 1386 298 mmmmm

1978 276 2029 302 An.
2043 275 2072 303 C.
2094 277 2158 305 tt7o

1212 331 1354 365 euntium
1377 338 1492 377 quanta
1521 331 1560 365 sit
1590 331 1857 367 animadversione
1893 331 1960 378 ple-

1210 380 1373 419 ctendum,
1395 380 1553 426 legislator
1579 380 1702 427 Moyses
1717 381 1864 425 declarat,
1887 393 1958 416 cum

1210 429 1302 464 etiam
1327 430 1392 477 ipsa
1417 430 1549 464 interfici
1573 431 1717 464 animalia
1740 430 1852 475 iubeat,
1879 443 1959 477 quae

1211 479 1261 514 tali
1295 479 1505 525 contaminata
1527 480 1644 526 flagitio
1680 479 1839 525 indiguam
1869 480 1958 514 refri-

1210 536 1281 563 cant
1304 536 1364 564 actt
1392 540 1588 564 memoriam.
1618 570 1624 577 ι

1258 578 1338 620 Quia
1361 578 1455 625 igitur
1476 577 1739 613 abhominabilem
1764 579 1874 613 liorum
1901 592 1958 613 ex—
1979 596 2156 625 Contraquosse.

1208 639 1355 662 cessuum
1401 628 1687 676 praesumptionem
1738 640 1842 663 severa
1883 629 1956 662 satis
1971 633 2021 679 ἓξὲξ
2033 629 2156 680 Sffffiffffl'*

1207 677 1401 713 districtione
1436 678 1579 724 congruit
1604 677 1740 724 insequi,
1781 677 1957 724 praedictos
2108 674 2114 680 ⁹

1208 727 1335 774 proprie
1362 727 1460 774 prolis
1487 735 1661 768 necatores,
1688 735 1718 761 et
1751 735 1812 761 tam
1850 728 1954 774 ipsum

1207 776 1328 811 facinus
1348 777 1572 824 persuadentes
1594 789 1688 823 quam
1709 777 1954 822 consentientes,

1206 826 1363 872 quoslibet
1385 827 1569 874 parricidas:
1592 834 1729 861 autenm
1750 835 1858 867 matre,
1881 826 1953 868 filia,

1206 876 1406 917 consobrina,
1429 877 1474 911 vel
1497 887 1589 924 nepte
1610 884 1749 922 agentes,
1772 889 1864 923 quam
1881 889 1952 911 cum

1206 926 1355 961 iumentis
1382 934 1553 967 coeuntes,
1592 926 1714 960 arctiori
1745 926 1953 972 poeniteutiae

1206 974 1279 1021 iugo
1305 976 1421 1011 curetis
1454 987 1672 1023 compescere,
1708 983 1737 1009 ct
1773 975 1831 1009 nisi
1866 977 1953 1011 senio

1204 1025 1355 1068 confecti,
1386 1025 1434 1059 vel
1461 1026 1602 1072 corporis
1637 1025 1750 1059 fuerint
1777 1024 1952 1067 debilitate,

1204 1086 1258 1108 seu
1274 1083 1411 1121 egestate
1433 1077 1588 1122 oppressi,
1611 1088 1665 1109 eos
1686 1075 1722 1109 ad
1739 1074 1852 1109 Sedem
1870 1075 1953 1122 Apo-

1204 1124 1344 1159 stolicam
1367 1125 1563 1171 compellatis
1585 1127 1706 1170 venire,
1734 1137 1763 1162 et
1789 1129 1950 1167 beatorum

1204 1173 1415 1219 apostolorum
1451 1174 1534 1209 Petri
1569 1184 1599 1210 et
1625 1176 1712 1212 Pauli
1742 1178 1846 1215 limina
1882 1183 1951 1216 visi-

1205 1230 1284 1264 tare;
1317 1231 1350 1258 ut
1370 1224 1400 1258 in
1424 1224 1538 1259 sudore
1562 1225 1664 1261 vultus
1690 1228 1750 1269 sui,
1777 1238 1807 1264 et
1830 1230 1949 1267 viarum

1204 1271 1328 1317 labore,
1355 1274 1481 1320 superni
1506 1274 1620 1311 Iudicis
1647 1277 1721 1312 imm
1749 1280 1892 1321 evadere,
1919 1291 1950 1317 et

1203 1321 1303 1368 ipsius
1329 1323 1574 1359 misericordiam
1602 1326 1721 1362 valeant
1748 1328 1898 1365 invenire.

1252 1372 1299 1406 Ad
1328 1371 1417 1414 haec,
1438 1374 1491 1420 qui
1514 1375 1716 1417 dormiendo,
1744 1390 1804 1412 non
1831 1380 1949 1416 volun·
1975 1388 2146 1412 Poenwconua

1203 1429 1263 1456 tate
1289 1422 1344 1456 sed
1366 1435 1440 1457 casu
1468 1423 1547 1459 filios
1570 1438 1646 1460 suos
1678 1429 1873 1474 oppressisse
1905 1421 2106 1472 in-ss'gffiff⁰''²⁸⁵
2123 1422 2145 1442 ³¹¹

1202 1471 1380 1514 veniuntur,
1409 1473 1553 1515 triennio,
1587 1476 1612 1509 si
1638 1476 1731 1511 iidem
1755 1478 1809 1512 filii
1831 1479 2020 1516 fuerintews·

1202 1519 1364 1567 baptizati:
1399 1523 1423 1556 si
1461 1535 1534 1558 vero
1561 1526 1679 1572 absque
1705 1538 1794 1562 sacro
1828 1528 1948 1576 baptis-

1201 1578 1283 1624 mate
1310 1572 1506 1617 recesserint,
1531 1576 1746 1622 quinquennio
1781 1579 1947 1624 poeniten-

1200 1627 1261 1655 tiae
1298 1621 1474 1669 disciplinis
1512 1624 1701 1660 subiaceant.
1744 1625 1945 1669 Sacerdotes,

1199 1681 1279 1715 quos
1309 1671 1349 1705 ab
1371 1671 1420 1707 his
1445 1673 1618 1709 studiosius
1649 1687 1834 1722 praecavere
1866 1690 1946 1713 con-

1199 1720 1294 1764 venit,
1315 1721 1409 1755 officii
1431 1722 1480 1756 sui
1504 1733 1652 1770 perpetua
1674 1726 1859 1761 executione
1878 1729 1944 1774 pri-

1199 1775 1319 1804 ventur.
1348 1771 1465 1806 Verum
1492 1773 1516 1806 si
1539 1774 1591 1820 qui
1621 1783 1783 1822 parentum
1798 1776 1944 1813 absentes

1198 1817 1330 1865 fuerint,
1359 1821 1485 1868 quando
1512 1834 1620 1858 eorum
1644 1823 1697 1858 filii
1732 1825 1942 1869 suffocantur,

1196 1876 1250 1903 aut
1271 1870 1296 1904 si
1320 1869 1350 1904 id
1374 1870 1432 1905 sub
1465 1871 1565 1906 aliena
1599 1874 1740 1909 custodia
1766 1876 1942 1923 contigerit,

1196 1925 1282 1953 extra
1303 1920 1427 1967 culpam
1462 1931 1571 1963 erunt;
1606 1924 1631 1958 si
1660 1933 1760 1959 tamen
1795 1937 1849 1961 eos
1879 1939 1942 1961 nou

1195 1966 1349 2010 furiosae,
1376 1970 1431 2004 sed
1453 1973 1637 2017 congruenti
1670 1973 1831 2010 custodiae
1855 1975 1942 2023 ipsos

1194 2029 1228 2052 se
1254 2019 1445 2054 crediderint
1473 2021 1647 2057 tradidisse.

1243 2067 1407 2105 Praeterea
1434 2082 1496 2104 non
1519 2071 1586 2106 sine
1607 2072 1712 2107 cordis
1732 2073 1940 2110 amaritudine
1966 2083 2138 2120 Deiisquiqum

1194 2118 1347 2164 quosdam
1382 2120 1561 2155 sacerdotes
1599 2130 1706 2157 contra
1752 2123 1939 2170 apostolicas
1953 2115 2136 2173 {lwssffss'ssoep'fflig

1194 2168 1420 2215 institutiones,
1447 2181 1518 2204 cum
1545 2171 1626 2206 sicca
1661 2172 1748 2207 faece
1779 2173 1858 2214 vini,
1892 2174 1937 2209 vel
1952 2177 2002 2211 *¹3¹⁰
2040 2177 2136 2226 ⁵}“l¹-¹⁰‘⁵⁵

1193 2229 1264 2252 cum
1287 2218 1378 2253 micis
1404 2220 1493 2266 panis
1519 2219 1590 2255 vino
1617 2221 1775 2261 intinctis,
1811 2222 1938 2258 missam
1953 2212 2037 2228 'msam
2056 2210 2136 2230 ‘mm'

1192 2267 1350 2303 celebrare
1371 2269 1566 2311 audivimus3
1587 2278 1617 2305 et
1638 2270 1746 2306 fideles
1767 2271 1863 2307 laicos
1875 2284 1937 2307 non

1192 2316 1361 2353 christiano
1388 2331 1474 2353 more
1495 2318 1614 2366 absque
1635 2320 1819 2356 sacerdotali
1845 2321 1938 2358 bene-

1192 2366 1328 2402 dictione
1348 2375 1379 2403 et
1405 2368 1516 2408 missa,
1551 2369 1786 2405 matrimonium
1813 2378 1937 2406 contra·
1965 2376 2035 2410 neque
2061 2377 2136 2410 &³²¹⁵-

1192 2415 1283 2458 here3
1313 2418 1397 2452 uude
1421 2429 1516 2465 saepe
1543 2418 1648 2453 illicita
1685 2420 1840 2466 contingit
1869 2412 2136 2458 fierissll'lfflff'lssssss

1191 2467 1348 2513 coniugia,
1370 2475 1400 2502 et
1422 2467 1503 2502 inter
1529 2467 1683 2514 legitimas
1705 2481 1854 2516 personas
1889 2469 1936 2504 di-
1950 2469 2136 2520 ffiffiffi'ffffl‘ffl‘

1190 2517 1323 2550 vortium
1350 2516 1546 2552 intervenire.
1569 2517 1653 2552 Saue
1674 2530 1746 2553 cum
1765 2531 1857 2553 omne
1872 2519 1937 2554 cri-
2051 2513 2057 2519 ¹

1191 2577 1262 2600 men
1284 2574 1378 2613 atque
1406 2578 1500 2602 omne
1526 2576 1690 2614 peccatum
1723 2567 1835 2602 oblatis
1868 2567 1936 2603 Deo

1190 2615 1352 2650 sacrificiis
1373 2615 1530 2651 deleatur:
1566 2617 1641 2664 quid
1669 2617 1708 2652 de
1735 2624 1858 2652 caetero
1881 2630 1937 2665 pro

1191 2664 1375 2701 delictorum
1410 2666 1586 2714 expiatione
1619 2665 1756 2702 Domino
1795 2666 1936 2710 dabitur,

2090 1452 2145 1473 titios
