2180 3205
419 215 487 247 521
948 221 1134 244 normaton
1164 220 1327 243 nonaxon
1931 221 1980 248 Λῃ,
2000 221 2028 250 ο,
2046 221 2112 250 1¹22

303 244 335 262 ⁴70

152 248 201 273 An.
222 246 250 272 C.
270 245 335 272 ¹¹⁴-
368 286 428 313 tate
442 277 624 325 apostolica,
643 285 673 310 ct
688 287 836 310 concessa
854 274 944 310 nobis
966 275 1117 309 «livinitus

1160 275 1262 309 ximus
1302 274 1483 309 nominibus
1520 274 1717 320 adnotanda,
1757 274 1908 311 ecclesias

369 335 530 374 potestate,
561 326 695 372 benigne
720 324 937 359 concedimus.
966 324 1040 359 Illos
1060 337 1119 358 au-
1974 311 2114 332 Enumeran-

153 334 223 356 rruce
247 334 336 360 >ignau-
1160 324 1304 358 vdelicet
1333 323 1439 358 Sancti
1467 323 1613 370 Georgii,
1647 324 1754 359 Sancti
1780 324 1908 359 Ioannis
1930 341 1967 357 mr
1995 337 2052 358 non·
2075 338 2116 358 ve-

1930 364 2032 384 ronensis
2059 364 2107 386 Eue!

229 650 338 674 oldegarii

155 679 217 698 Sed‘s
233 678 340 702 Apostoli-

155 712 191 725 (ηε
204 704 339 729 ‘egati,quae

156 733 182 751 sit
194 732 288 751 (astutas
299 745 304 754 ,
316 733 338 750 et

155 764 183 782 qn
200 764 211 777 t·
228 760 338 782 praestan-

156 791 182 804 ua
204 785 340 805 ‹sm—uicinia.

368 384 442 420 tem,
481 375 534 422 qui
566 375 692 420 signum
731 373 844 408 Crucis
879 374 945 408 suis
981 373 1118 407 restibus

368 425 425 458 liae
460 424 498 458 ‹le
533 436 626 458 causa
655 424 897 469 imposuerunt.
933 423 959 457 si
987 423 1025 457 ab
1059 422 1118 456 hoc

367 473 520 508 paseliate
536 485 636 519 usque
651 472 689 507 ad
705 472 803 516 aliud,
818 479 924 506 votum
939 484 1031 506 suum
1047 484 1119 518 per-

367 523 487 557 solvere
511 534 571 556 nou
589 522 768 568 sategerint,
791 533 807 556 a
826 521 947 567 gremio
970 520 1119 567 deinceps

367 581 492 606 sauctae
507 571 680 615 Ecclesiae,
696 571 796 605 donec
809 570 1012 611 satisfaciant,
1028 583 1119 604 sum-

370 633 542 656 movemus.
566 620 683 655 Verum
711 620 859 667 quoniam
882 619 1056 654 exercitum
1073 631 1120 653 ve-

368 679 467 705 strum
488 683 543 717 per
560 682 630 714 nos,
651 677 683 704 ut
705 669 968 709 desideraremus,
994 668 1120 703 visitare

369 721 551 766 nequimus,
587 718 785 754 carissimum
818 718 945 752 fratrem
977 725 1118 752 nostrum

368 769 590 815 (lldegarium,
616 769 885 803 Tarraconensem
907 766 1121 813 archiopisco-

371 831 462 865 pum,
487 818 526 853 ad
549 818 631 852 idem
659 830 697 852 ex
723 817 818 852 latere
846 824 951 851 nostro
976 816 1121 862 delegare

369 868 560 908 curavimus,
590 874 710 902 nostras
742 866 770 901 ei
798 865 880 900 vices
908 865 938 899 in
966 865 1027 899 hoc
1053 877 1122 912 spe-

369 917 489 952 cialiter
504 917 748 959 committentes,
771 922 805 949 ut
827 914 926 962 ipsius
937 913 1070 950 consilio
1091 923 1121 949 et

369 966 575 1013 dispositione
608 964 793 1010 corrigenda
832 963 1049 1009 corrigantur,
1092 971 1123 998 et

369 1015 597 1058 ronlirmanda,
620 1021 809 1061 cooperante
823 1012 973 1057 Domino,
1004 1012 1121 1047 confir-

370 1065 460 1099 miter
476 1068 533 1109 (1);
556 1065 580 1098 si
603 1075 684 1110 quae
705 1075 777 1097 vero
800 1062 896 1096 dubia
924 1062 955 1096 in
983 1062 1121 1096 exercitu

370 1115 480 1148 codem
508 1113 705 1153 emerserint,
728 1112 829 1159 ipsius
852 1111 1045 1158 experientia
1060 1119 1123 1146 ter-

370 1164 542 1198 minentur.
565 1163 672 1210 Ipsum
692 1161 794 1209 itaque
816 1160 975 1196 dilectioni
1003 1168 1122 1196 vestrae

372 1213 522 1247 attentius
534 1211 812 1252 commendamus3
828 1218 974 1256 rogantes
991 1218 1023 1244 ut
1038 1210 1122 1245 illam

373 1262 403 1296 in
429 1262 516 1297 vobis
543 1261 679 1296 inveniat
705 1260 878 1304 caritatem,
900 1271 979 1307 quae
1007 1272 1064 1294 nos
1084 1259 1122 1294 ad

372 1324 444 1346 eum
464 1311 553 1346 vobis
575 1309 835 1345 committendum
855 1309 1025 1356 compellit.
1044 1308 1124 1343 Om-

374 1361 521 1407 nipotens
542 1360 701 1394 Dominus
715 1358 878 1394 beatorum
901 1371 1031 1393 suorum
1046 1370 1125 1405 apo-

373 1410 524 1444 stolorum
561 1409 680 1444 meritis
728 1420 783 1442 sua
823 1420 876 1443 vos
922 1408 1125 1442 miseratione

367 1459 547 1500 custodiat,
585 1466 616 1493 et
649 1457 688 1493 ad
720 1458 887 1503 gloriosam
922 1457 961 1491 de
988 1457 1125 1491 inimicis

373 1509 615 1543 christianorum
645 1506 806 1542 victoriam
837 1514 867 1541 et
899 1505 1023 1540 felicem
1047 1518 1125 1541 con-

374 1558 618 1592 summationem
647 1557 811 1604 pervenire
838 1555 1000 1591 concedat.

422 1607 493 1641 Dat.
516 1607 660 1641 Laterani
687 1618 722 1640 lv
749 1618 824 1640 non.
846 1605 964 1652 aprilis.

434 1663 495 1693 Dat.
517 1664 564 1693 die
586 1663 604 1692 ΕΞ
628 1663 730 1702 aprilis
752 1672 829 1692 anno
845 1662 961 1692 Domini
981 1662 1067 1697 11-2-2,

621 1708 724 1747 pontif.
743 1716 820 1737 auno
839 1716 875 1737 iv.

705 1821 792 1856 XXI.

443 1891 643 1935 Priuileqium
661 1890 816 1923 canonicis
845 1890 1061 1924 Veronensibus

628 1951 797 1972 concessum
816 1940 871 1981 (⁶2).
956 1934 958 1937 ’

649 2003 863 2034 ΞΗΜΜᾹΠΙΗΜ

378 2063 594 2093 Enumerantur
612 2061 688 2091 bona
706 2061 885 2091 Veronensis
904 2061 1063 2098 Ecclesiae,
1081 2071 1129 2091 ea-

417 2118 474 2147 que
485 2107 910 2137 confirmantur.-Decretum
923 2107 1128 2136 immunitatis.

416 2169 455 2174 —
477 2152 630 2190 Pririlegia
650 2151 797 2180 Ecclesiae
816 2151 912 2180 eidem
941 2160 1081 2180 concessa
1113 2161 1128 2181 a

419 2197 603 2234 praedecess.
617 2195 668 2224 PP.
681 2196 761 2224 firma
774 2193 1129 2234 permaneant.—Calixti

418 2240 471 2269 PP.
491 2239 678 2278 subscriptio.

380 2301 481 2331 Calittus
509 2303 630 2340 epucopus
656 2310 732 2331 sei-rus
750 2310 865 2331 serrorum
887 2301 937 2339 Dei,
961 2301 1051 2331 dilectis
1078 2301 1130 2331 filiis

419 2345 554 2375 Ttwobatdo
576 2345 787 2384 archipresbytero,
824 2350 845 2374 et
867 2347 964 2375 caeteris
993 2346 1132 2376 Veronensis

421 2390 535 2419 Ecclesiae
557 2391 682 2428 canonicis,
701 2395 747 2419 tam
765 2390 932 2429 praesentibus,
950 2387 1018 2429 quain
1040 2390 1130 2429 futuris,

422 2435 444 2463 in
462 2439 607 2473 perpetuum.

1159 373 1328 419 Baptistae,
1351 373 1385 407 S.
1414 372 1575 413 Andreae,
1602 373 1636 408 S.

1160 422 1306 462 Ceciliae,
1319 422 1426 456 Sancti
1441 421 1595 461 Faustini,
1610 422 1716 457 Sancti
1726 422 1822 457 Firmi
1835 435 1907 458 cum

1161 471 1290 517 capella,
1309 479 1339 505 et
1351 470 1456 505 Sancti
1469 470 1576 505 Pauli:
1597 471 1625 505 in
1641 470 1747 517 Burgo
1761 472 1909 507 ecclesias

1160 520 1267 555 Sancti
1296 520 1421 554 loannis
1447 519 1622 567 Baptistae,
1645 519 1751 555 Sancti
1774 520 1858 555 Petri
1877 521 1908 556 iu

1161 570 1313 604 Coruario
1337 577 1366 604 et
1388 568 1494 603 Sancti
1513 568 1663 604 Iohannis
1679 569 1710 603 in
1725 569 1907 612 Quintiano:

1161 627 1296 653 castrum
1323 618 1362 653 de
1383 619 1492 653 Bruuo
1518 631 1589 653 cum
1611 618 1742 665 capellis
1767 626 1797 653 et
1831 618 1908 654 reli-

1161 669 1233 714 quis
1250 668 1446 715 pertinentiis
1463 667 1546 708 suis;
1574 675 1709 702 castrum
1728 667 1909 710 Gratianae‚

1161 717 1330 752 Martianae
1356 724 1386 751 et
1404 717 1543 762 Puliani,
1564 716 1699 761 Biuude,
1727 716 1850 752 Porcile
1879 724 1910 752 et

1162 766 1375 801 Calmasinum
1392 778 1463 801 cum
1492 765 1621 813 capellis
1642 773 1672 800 et
1693 766 1824 801 caeteris
1839 778 1911 813 per-

1163 816 1302 850 tiuentiis
1324 828 1449 850 eorum:
1474 815 1575 850 villam
1607 815 1716 857 Quinti
1742 823 1773 850 et
1807 815 1911 850 locum

1163 866 1215 910 qui
1250 865 1364 900 dicitur
1390 865 1491 906 Villa,
1519 877 1591 899 cum
1626 864 1756 912 capellis
1789 876 1909 899 earum.

1162 913 1370 948 Decerniinus
1402 926 1494 960 ergo,
1522 921 1557 948 ut
1583 913 1660 948 nulli
1687 914 1817 949 omnino
1844 915 1908 949 ho-

1165 964 1283 998 miuum
1312 964 1403 998 liceat
1434 972 1565 998 vestram
1593 963 1767 998 Ecclesiam
1795 970 1912 999 temere

1164 1013 1356 1059 perturbare,
1379 1020 1428 1047 aut
1452 1013 1521 1047 eius
1542 1013 1757 1059 possessiones
1776 1012 1910 1057 auferre,

1163 1061 1211 1096 vel
1232 1062 1351 1096 ablatas
1378 1061 1522 1103 retinere,
1553 1062 1713 1106 minuere,
1740 1062 1787 1096 vel
1810 1069 1911 1097 teme-

1164 1111 1252 1146 rariis
1286 1110 1502 1146 vexationibus
1536 1111 1681 1157 fatigare;
1717 1111 1770 1145 sed
1806 1112 1913 1147 omnia

1164 1160 1282 1207 integra
1308 1168 1554 1201 conserventur,
1589 1161 1680 1195 etiam
1715 1172 1770 1206 pro
1803 1172 1912 1196 eorum

1164 1209 1434 1254 substentatione,
1458 1222 1514 1256 pro
1533 1209 1649 1257 quibus
1675 1221 1825 1244 concessa
1839 1217 1915 1244 sunt

1165 1259 1275 1294 usibus
1310 1259 1502 1294 omnimodis
1538 1259 1708 1306 profutura.
1754 1258 1802 1293 Ad
1836 1259 1914 1294 haec

1165 1308 1348 1343 adiicientes
1376 1316 1562 1349 censemus,
1596 1316 1628 1342 ut
1659 1308 1912 1343 distributionem

1164 1357 1391 1392 beneficiorum
1409 1358 1577 1392 canonicae
1591 1364 1709 1392 vestrae
1731 1357 1837 1392 nullus
1853 1358 1916 1392 im-

1167 1407 1283 1453 pedire,
1307 1407 1492 1454 inquietare,
1520 1407 1566 1442 vel
1593 1407 1652 1441 sibi
1673 1406 1788 1442 audeat
1809 1406 1916 1441 vindi-

1166 1468 1253 1497 care3
1296 1457 1350 1491 sed
1384 1457 1465 1491 sicut
1505 1456 1680 1503 praeteritis
1718 1455 1916 1503 temporibus

1165 1506 1347 1550 constituta,
1369 1513 1399 1540 et
1429 1505 1706 1552 praedecessorum
1734 1512 1915 1540 nostrorum

1168 1555 1336 1601 privilegiis
1351 1554 1493 1589 roborata
1508 1563 1566 1598 est,
1590 1555 1628 1588 ita
1646 1562 1676 1589 et
1698 1555 1916 1600 imposterum,

1167 1604 1335 1638 auxiliante
1361 1604 1440 1644 Deo,
1464 1604 1551 1638 firma
1574 1612 1604 1638 et
1632 1603 1822 1638 inviolabilis
1844 1615 1917 1650 per-

1167 1662 1298 1688 severet.
1325 1653 1409 1687 Nulli
1437 1653 1529 1687 etiam
1557 1661 1696 1688 vestrum
1719 1652 1848 1687 facultas
1875 1653 1916 1687 sit

1167 1702 1332 1743 beneficia,
1359 1715 1440 1749 quae
1465 1702 1593 1749 capituli
1625 1702 1727 1737 solent
1753 1702 1917 1748 largitione

1168 1751 1328 1796 distribui,
1350 1752 1389 1786 de
1401 1751 1528 1786 alterius
1550 1764 1645 1786 manu
1666 1751 1843 1798 suscipere;
1861 1750 1916 1785 sed

1169 1801 1299 1848 pristina
1327 1801 1359 1835 in
1392 1801 1437 1836 eis
1464 1800 1661 1836 consuetudo
1690 1800 1803 1835 suturis
1834 1808 1915 1835 tem-

1170 1850 1298 1896 poribus
1323 1858 1535 1885 conservetur.
1571 1850 1732 1884 Praesenti
1758 1857 1916 1897 praeterea

1169 1899 1296 1934 decreto
1317 1900 1486 1940 sancimus,
1510 1907 1542 1934 ut
1563 1899 1589 1934 si
1612 1911 1764 1946 personae
1786 1898 1918 1933 idoneae

1169 1949 1199 1982 in
1223 1948 1363 1984 Ecclesia
1381 1956 1484 1983 vestra
1505 1957 1646 1996 repertae
1665 1948 1790 1993 fuerint,
1811 1947 1919 1992 nullus

1169 1997 1209 2032 de
1234 1998 1295 2033 alia
1321 1998 1460 2033 Ecclesia
1491 1998 1522 2032 in
1544 1997 1771 2046 archipresbyt.
1800 1997 1847 2032 vel
1868 2009 1920 2031 ar-

1170 2053 1391 2087 chidiaconum
1415 2052 1623 2100 praeferatur;
1650 2052 1734 2099 quod
1761 2051 1786 2086 si
1814 2050 1921 2086 archi-

1171 2107 1386 2154 presbyterum
1415 2107 1462 2141 vel
1476 2106 1732 2141 archidiaconum
1745 2116 1810 2139 uno
1824 2103 1920 2139 simul

1171 2169 1311 2207 tempore
1333 2160 1420 2195 obire
1446 2160 1622 2207 contigerit,
1649 2159 1751 2194 donec
1773 2158 1823 2193 alii
1843 2158 1921 2193 sub-

1171 2215 1352 2254 stituantur,
1377 2226 1487 2249 eorum
1512 2214 1595 2248 vices
1617 2212 1843 2247 beneficiorum
1862 2212 1919 2246 di—

1171 2267 1412 2303 stributionibus
1434 2279 1489 2314 per
1511 2267 1724 2314 praepositum
1746 2266 1919 2313 supplean-

1173 2331 1238 2362 tur,
1271 2320 1538 2368 quemadmodum
1578 2328 1609 2355 et
1642 2320 1674 2354 in
1706 2319 1827 2354 collatis
1855 2319 1919 2353 Ec-

1173 2376 1286 2410 clesiae
1308 2382 1426 2409 vestrae
1447 2373 1724 2420 praedecessorum
1739 2381 1918 2406 nostrorum

1664 373 1848 415 Clementis,
1871 373 1905 407 S.
1930 395 2000 416 eaque
2031 390 2116 412 confir-

1930 420 2030 439 mautur-

1951 922 2069 952 Decretum
2083 921 2122 942 im·

1938 952 2060 970 munitatis,

1955 1275 2071 1303 Privitogia
2083 1277 2123 1298 Ec-

1940 1305 2021 1325 clesiae
2054 1304 2126 1324 eidem

1941 1335 2127 1356 concessaaprae-

1941 1358 2056 1378 decessore
2085 1356 2124 1376 rt».

1942 1384 2006 1405 firma
2040 1388 2127 1409 penna-

1942 1413 2016 1432 neant.

1151 2427 1345 2487 'privilegiis
1376 2427 1565 2462 continetur.
1599 2426 1633 2461 Si
1667 2437 1728 2472 qua
1761 2425 1856 2471 igitur
1890 2425 1923 2459 in

1174 2482 1327 2522 futurum,
1355 2489 1414 2515 etc.

1224 2536 1296 2570 Eoo
1336 2534 1505 2570 Caunus
1545 2532 1718 2568 catholicae
1761 2531 1925 2567 Ecclesiae

1176 2590 1271 2636 episc.

432 2496 521 2530 Sicut
537 2497 650 2531 iniusta
666 2496 870 2544 poscentibus
884 2504 957 2541 ete,
972 2504 1001 2531 et
1016 2495 1132 2531 illibata

386 2553 604 2592 permaneant:
633 2546 662 2579 in
687 2546 803 2592 quibus
826 2546 904 2581 liaec
926 2546 1059 2593 propriis
1074 2545 1134 2579 du-

420 2602 459 2637 (Ι)
472 2602 548 2629 Forte
558 2604 762 2636 confirmentur.
780 2603 818 2636 (n.
830 2603 870 2638 T.)
907 2603 946 2639 (⁶2)
956 2604 994 2630 Ex
1006 2602 1133 2638 Ughellio.

1988 2555 2047 2577 Catix
2052 2555 2066 2575 ti
2091 2554 2132 2576 PP-

1949 2582 2092 2608 subscriptio.
