2180 3205
24 289 71 318 Aa.
91 288 120 316 C.
140 287 206 315 1180

56 932 190 958 Privilegium
200 948 205 956 ,

23 958 49 982 tle
64 964 106 986 quo
130 959 150 980 in
171 965 205 980 ru-

21 985 88 1008 toi-ica.

52 1135 206 1158 immunitatum

39 1163 133 1188 nviteina
157 1168 206 1183 con·

16 1209 22 1212 .
37 1192 129 1211 rmantur
139 1195 144 1209 z

55 1389 78 1410 Et
107 1389 207 1409 omnimo-

31 1415 58 1436 tla
87 1415 200 1436 manat-tw-

23 1447 67 1463 nim
90 1441 207 1468 tranquilit-

30 1470 61 1490 tas
87 1468 207 1493 stabilitum

51 1924 137 1951 ‚uiaquae
159 1930 208 1946 con-

26 1951 133 1972 ceduntur.

61 2206 118 2228 Bona
139 2208 209 2228 omnia

35 2232 101 2254 etitem
128 2236 203 2255 contir-

28 2261 115 2283 mantur.
137 2266 211 2288 perpe-

29 2286 210 2308 nineven-itatem

29 2313 98 2339 quiete
115 2313 210 2340 fruitur-zu

815 268 965 291 [cummi
976 268 1024 290 ll'S
1048 269 1068 290 ll
1094 268 1139 290 ΓΡ.

227 324 395 361 commissa
418 331 483 363 est,
512 331 544 358 ut
570 332 599 358 et
623 322 787 369 religiosas
809 322 980 369 diligamus

229 387 395 422 personas,
422 382 453 408 ct
475 373 733 420 beneplacentem
757 372 824 407 Deo
849 372 980 417 religio-

229 436 299 459 nem
328 424 513 458 studeamus
547 422 650 457 modis
683 421 833 456 omnibns
863 433 979 468 propa-

227 485 310 520 gare.
350 472 416 507 Nec
451 473 536 507 enim
576 472 643 506 Deo
676 479 783 518 gratus
809 469 979 516 aliquando

228 522 396 557 famulatus
414 521 626 569 impenditur,
648 520 672 555 si
690 531 750 554 non
767 531 803 554 ex
820 519 980 554 charitatis

229 572 334 607 radice
372 571 563 619 procedens,
599 582 614 604 a
651 569 784 615 puritate
819 568 980 613 religionis

230 621 321 656 l'uerit
347 628 562 655 conservatus.
597 619 664 652 Hoc
692 618 840 651 nimirum
875 617 980 651 cbari-

229 670 300 705 tatis
323 670 449 708 intuitu,
476 669 589 702 dilecte
604 667 634 701 in
658 667 795 701 Domino
818 666 859 700 lili
883 665 980 700 Aulio

228 719 337 760 abbas,
365 717 605 752 rationabilibus
633 715 898 763 postulationibus
917 727 980 749 an-

229 775 380 808 nuentes,
406 766 705 801 vallumbrosanum
735 765 980 804 monasterium,

229 818 278 853 cui
300 817 368 852 Deo
389 824 518 851 auctore
541 814 713 862 praesides,
736 826 808 848 cum
831 813 981 848 omnibus

229 866 430 902 monasteriis
442 865 501 900 sibi
520 864 682 903 subiectis,
702 863 761 897 sub
781 863 980 910 Apostolicae

230 915 324 951 Sedis
350 916 445 950 tutela
480 922 511 949 et
543 913 736 961 protectione
770 913 980 959 suscipimus,

229 974 259 1000 et
294 965 401 1012 scripti
439 964 551 1012 pagina
586 962 683 997 nostri
723 962 978 997 communimus:

229 1022 421 1053 statuentes,
458 1022 490 1047 ut
517 1025 621 1048 omnis
654 1019 850 1055 immunitas,
877 1023 981 1045 omnis

230 1064 370 1104 libertas,
404 1075 484 1110 qnae
506 1074 521 1097 a
546 1060 844 1108 praedecessoribus
866 1061 982 1095 nostris

232 1113 331 1148 l'elicis
353 1112 525 1147 memoriae
550 1111 689 1154 Victore,
715 1109 869 1156 Gregorio
884 1110 981 1156 septi-

231 1174 294 1206 mo,
321 1161 450 1197 Urbano
472 1169 502 1195 et
528 1160 691 1203 Pascliale,
718 1159 872 1193 Romanis
895 1159 981 1193 Pon-

231 1211 382 1255 tilicibus,
403 1210 540 1258 praefato
553 1209 743 1244 monasterio
758 1221 906 1243 concessa
923 1216 980 1245 est,

232 1260 346 1295 suturis
381 1260 543 1307 perpetuis
578 1258 774 1305 temporibus
801 1258 888 1291 lirina
926 1257 980 1291 tibi

233 1311 358 1357 tuisque
376 1308 626 1346 successoribus,
648 1320 684 1341 ac
699 1306 981 1341 vallumbrosanae

231 1359 480 1406 congregationi,
498 1357 678 1403 illibataque
694 1363 882 1404 permaneat.
898 1355 982 1390 Sane

233 1408 308 1443 nulli
332 1408 498 1444 hominum
520 1407 623 1450 liceat,
646 1417 816 1441 conversos
838 1414 888 1439 aut
912 1417 981 1439 nio-

232 1458 351 1493 nachos
386 1456 526 1492 iamdicti
558 1455 760 1499 monasterii,
796 1467 851 1489 seu
888 1454 980 1489 etiam

231 1507 326 1543 totius
347 1506 613 1553 congregationis,
636 1517 715 1540 ausu
741 1503 907 1538 temerario
930 1515 983 1538 ca-

233 1569 323 1603 pere,
348 1557 393 1591 vel
430 1564 539 1603 captos
569 1554 716 1597 retinere,
743 1566 798 1588 seu
822 1552 983 1600 aliquibus

231 1605 466 1652 fatigationibus
497 1603 657 1639 infestare.
691 1603 790 1637 Porro
822 1602 981 1637 fructuum

231 1664 406 1690 vestrorum
421 1654 571 1695 decimas,
594 1665 672 1700 quas
695 1652 826 1687 ubilibet
849 1651 983 1699 propriis

233 1704 416 1752 sumptibus
449 1703 673 1749 laboribusque
699 1701 824 1739 colitis,
863 1700 983 1747 absque

231 1754 456 1801 episcoporum
484 1751 750 1794 contradictione,
779 1750 825 1784 vel
859 1750 984 1797 episco-

232 1803 348 1850 palium
373 1802 589 1837 ministrorum
613 1801 659 1835 vel
679 1800 900 1847 plebanorum,
935 1811 985 1834 xe-

232 1852 390 1887 nodochio
411 1859 515 1886 vestro
537 1849 725 1889 reddendas,
753 1848 984 1895 possiden-'las-

231 1913 294 1949 que
308 1901 479 1936 sancimus.
502 1900 610 1935 Liceat
631 1899 719 1933 vobis
734 1898 826 1933 etiam
843 1898 983 1938 clericos,

231 1962 248 1985 e
269 1949 398 1985 saeculo
425 1950 593 1995 fugientes,
629 1960 683 1983 seu
706 1948 802 1982 laicos
834 1947 870 1981 ad
900 1959 985 1981 con-

232 2000 409 2034 versionem
420 1999 539 2046 absque
553 1997 720 2033 euiuslibet
735 1996 985 2031 contradictione

231 2049 406 2096 suscipere,
433 2056 463 2082 et
484 2048 537 2094 qui
561 2059 594 2082 se
617 2046 812 2087 devoverint,
835 2046 865 2080 in
882 2054 985 2080 vestro

231 2098 386 2132 cimiterio
407 2097 560 2144 sepelire;
582 2103 613 2130 et
631 2104 692 2130 tam
713 2096 867 2142 ipsorum,
891 2107 984 2141 quam

233 2155 428 2182 caeterorum
442 2146 582 2181 fidelium
591 2145 768 2179 oblationes
776 2145 843 2179 sine
854 2144 984 2178 aliarum

231 2196 444 2231 Ecclesiarum
470 2195 664 2242 praeiudicio
687 2194 837 2241 recipere.
866 2193 985 2227 Adiici-

233 2258 304 2280 mus
318 2257 456 2292 qnoque,
476 2252 509 2279 ut
523 2255 740 2291 quascumque
757 2245 986 2290 possessiones,

232 2305 454 2342 quaecumque
475 2293 570 2335 bona,
600 2293 660 2327 iam
683 2293 801 2326 dictum
827 2299 987 2325 monaste-

232 2345 315 2378 rium
343 2343 424 2377 iuste
453 2350 483 2376 et
515 2342 655 2387 legitime
684 2341 842 2388 possidet,
877 2348 927 2374 aut
957 2351 986 2373 in

235 2391 376 2428 futurum
416 2393 622 2426 concessione
648 2390 858 2433 Pontificum,
893 2390 987 2434 largi-

233 2442 318 2476 tione
340 2442 534 2488 principum,
562 2440 722 2473 oblatione
745 2438 906 2481 fidelium,
933 2450 986 2472 seu

234 2490 304 2524 aliis
319 2489 540 2529 iustismodis,
560 2488 796 2527 rationabiliter,
813 2495 989 2534 praestante

236 2539 386 2578 Domino,
415 2539 529 2586 poterit
557 2537 702 2585 adipisci,
725 2539 830 2583 quieta
854 2537 941 2570 vobis
959 2543 989 2569 et

235 2588 355 2634 integra
384 2595 622 2622 conserventur.
658 2587 869 2621 Decernimus
899 2597 989 2631 ergo,

235 2644 269 2670 ut
301 2637 377 2671 nulli
406 2638 537 2672 omnino
571 2636 736 2672 hominum
768 2635 813 2669 sas
842 2635 880 2669 sit
907 2634 989 2669 idem

1652 261 1720 293 565

1021 322 1245 356 monasterium
1283 330 1399 358 temere
1436 323 1630 371 perturbare,
1657 333 1709 359 aut
1742 325 1769 360 ei

1020 371 1161 405 subditas
1184 372 1350 412 ecclesias,
1387 373 1432 407 vel
1465 374 1683 420 possessiones
1713 386 1772 408 au-

1022 421 1111 457 l'errc,
1133 421 1286 461 minuere,
1310 434 1365 456 seu
1390 423 1564 457 temerariis
1592 423 1773 457 vexationi-

1022 469 1080 503 bus
1103 470 1250 515 fatigare,
1286 471 1339 505 sed
1363 472 1466 505 omnia
1497 472 1614 517 integra
1642 484 1773 507 conset·-

1022 526 1143 558 t‘entur,
1157 530 1278 559 eorum,
1302 532 1358 566 pro
1373 532 1505 567 quorum
1523 522 1772 557 substentatione

1021 575 1051 602 et
1083 567 1310 613 gubernatione
1347 580 1494 603 concessa
1534 579 1625 611 sunt,
1662 571 1770 605 usibus

1021 616 1212 650 omnimodis
1247 618 1418 663 profutura.
1453 616 1486 652 Si
1523 631 1582 665 qua
1617 620 1711 666 igitur
1741 620 1773 654 in

1023 666 1161 700 futurum
1178 666 1388 701 ecclesiastica
1403 667 1610 703 saecularisve
1626 681 1773 715 persona,

1022 715 1102 749 lianc
1114 723 1237 750 nostrae
1251 716 1487 751 constitutionis
1501 718 1644 764 paginam
1656 719 1773 759 sciens,

1021 773 1128 799 contra
1154 776 1222 799 eam
1251 773 1368 800 temere
1394 778 1499 800 venire
1522 768 1697 806 tentaverit,
1721 780 1773 802 se-

1021 813 1127 847 cundo
1155 814 1285 849 tertiove
1320 815 1531 858 commonita,
1560 816 1617 850 nisi
1642 816 1773 851 satisfa-

1022 863 1126 897 ctione
1160 875 1299 910 congrua
1338 864 1570 905 emendaverit,
1610 866 1774 912 potestatis

1023 913 1213 959 honorisque
1236 913 1283 947 sui
1305 913 1456 960 dignitate
1478 921 1598 955 careat,
1626 927 1776 962 reamque

1022 974 1055 996 se
1077 962 1184 996 divino
1218 962 1336 997 iudicio
1367 963 1500 998 existere
1527 964 1566 998 de
1598 972 1775 1010 perpetrata

1024 1011 1186 1058 iniquitate
1222 1020 1414 1057 cognoscat,
1449 1021 1479 1046 et
1512 1025 1527 1047 a
1563 1013 1776 1048 sacratissimo

1022 1060 1162 1107 Corpore
1189 1069 1218 1095 et
1245 1061 1410 1108 Sanguine
1429 1062 1485 1096 Dei
1509 1071 1539 1096 et
1557 1062 1684 1096 Domini
1709 1062 1776 1096 Re-

1022 1110 1195 1157 ‹lemptoris
1219 1112 1315 1144 nostri
1344 1111 1412 1145 lesu
1440 1110 1556 1145 Cliristi
1581 1111 1680 1146 aliena
1703 1112 1775 1152 liat,

1023 1167 1115 1205 atque
1139 1160 1168 1193 in
1197 1167 1336 1194 extremo
1364 1161 1508 1194 examine
1531 1160 1691 1195 districtae
1719 1160 1778 1194 ul-

1024 1208 1099 1242 tioni
1114 1209 1285 1243 subiaceat.
1310 1209 1444 1243 Cunctis
1462 1217 1566 1244 autem
1583 1210 1685 1244 eidem
1707 1209 1776 1244 loco

1024 1258 1103 1291 iusta
1131 1258 1329 1292 servantibus
1362 1259 1403 1292 ¹sit
1430 1271 1487 1305 pax
1516 1259 1643 1292 Domini
1675 1259 1774 1293 nostri

1025 1307 1093 1341 lesu
1128 1307 1268 1348 Christi,
1303 1317 1458 1354 qnatenus
1485 1316 1514 1342 et
1549 1308 1599 1341 hic
1635 1308 1772 1342 fructum

1025 1356 1124 1390 bonae
1151 1356 1283 1390 actionis
1306 1357 1480 1403 percipiant
1506 1365 1536 1391 et
1558 1357 1639 1404 apud
1668 1357 1777 1391 distri-

1023 1413 1108 1439 ctum
1132 1405 1270 1440 Iudicem
1295 1406 1430 1452 praemia
1452 1415 1597 1441 aeternae
1620 1407 1705 1453 pacis
1727 1407 1779 1441 in-

1024 1455 1160 1489 veniant.
1185 1455 1299 1497 Amen,
1322 1467 1425 1495 amen,
1450 1467 1553 1490 amen.

1073 1504 1187 1538 Datum
1229 1504 1311 1538 Pisis
1352 1516 1407 1551 per
1452 1517 1581 1539 manum
1622 1505 1776 1552 Aymerici

1023 1561 1149 1587 sanctae
1178 1553 1339 1588 Romanae
1366 1553 1528 1588 Ecclesiae
1562 1554 1684 1588 diaconi
1709 1567 1779 1589 car-

1024 1602 1138 1637 dinalis
1164 1611 1195 1637 et
1227 1603 1417 1643 cancellarii,
1439 1614 1522 1637 anno
1551 1604 1780 1639 incarnationis

1024 1651 1202 1686 dominicae
1227 1652 1394 1687 millesimo
1409 1653 1585 1687 centesimo
1605 1652 1778 1698 trigesimo,

1026 1701 1197 1735 indictione
1219 1709 1338 1741 octava,
1362 1702 1562 1748 pontificatus
1579 1713 1650 1736 vero
1666 1702 1776 1736 domui

1026 1750 1200 1785 lnnocentii
1229 1750 1333 1797 Papae
1360 1751 1491 1785 secundi
1520 1762 1603 1785 anno
1627 1751 1740 1797 primo.

1118 1812 1178 1842 Dat.
1201 1822 1278 1842 anno
1300 1812 1415 1842 Domini
1440 1814 1523 1850 1130,
1546 1812 1649 1852 pontis.
1669 1822 1688 1843 1.

1387 1992 1426 2027 lt.

1029 2069 1231 2115 Confirmatio
1265 2070 1413 2102 bonorum
1435 2069 1571 2102 onmium
1599 2076 1625 2101 et
1649 2068 1777 2112 privile-

1090 2124 1213 2167 9t'ortun
1241 2124 1433 2157 Cuxancnsis
1458 2123 1638 2156 monasterii
1662 2123 1718 2164 (l).

1300 2204 1514 2235 SUMitARtUM

1029 2271 1219 2300 Procemium.
1231 2286 1269 2292 —
1281 2270 1402 2299 Monast.
1422 2269 1477 2298 sub
1494 2268 1578 2298 Sedis
1596 2268 1782 2308 Apostolicae

1069 2315 1156 2344 tutela
1176 2314 1336 2353 recipitur3
1364 2330 1403 2335 —
1426 2313 1554 2352 Eiusque
1581 2313 1656 2342 bona
1683 2313 1783 2342 onmia

1068 2359 1293 2393 confirmantur,
1312 2362 1340 2386 et
1362 2357 1514 2396 privilegia
1535 2357 1630 2386 eidem
1654 2365 1668 2385 a
1689 2355 1794 2385 snm-s

1069 2404 1125 2432 mis
1162 2402 1354 2432 Pontificibus
1386 2410 1537 2430 concessa.
1568 2418 1608 2423 -
1636 2400 1733 2430 Abbas
1766 2410 1782 2430 a

1070 2447 1224 2477 monachis
1246 2446 1409 2484 eligendus.
1431 2462 1470 2467 —
1495 2445 1640 2474 Nonnulla
1673 2454 1784 2474 eonce-

1069 2492 1180 2521 duntur
1209 2490 1375 2529 privilegia.
1402 2506 1442 2511 —
1462 2488 1616 2518 Decretum
1640 2488 1785 2518 immuni-

1071 2537 1148 2565 tatis.
1169 2552 1209 2557 —
1232 2534 1341 2564 Solitae
1364 2534 1530 2564 clausulae.

1066 2602 1105 2636 (l)
1121 2602 1160 2627 Ex
1177 2599 1345 2627 Chartulario
1363 2599 1516 2625 monasterii
1540 2598 1619 2625 huius
1634 2598 1713 2625 edidit
1737 2598 1787 2624 Ba-

1032 2646 1116 2672 luzius
1133 2646 1156 2670 in
1173 2644 1320 2678 appendice
1337 2644 1439 2670 Maroae
1455 2644 1579 2677 Hispan„
1597 2650 1671 2668 num.
1689 2642 1749 2668 550.

1800 277 1850 305 An·
1869 275 1898 304 C.
1917 275 1984 303 ¹13]

1828 639 1908 660 Sntitae
1930 639 1985 659 elau*

1801 670 1867 688 sulae.
