2180 3205
435 255 504 288 546

385 332 467 355 anno
494 329 644 360 mcxtvn,
678 313 876 363 pontificatus
914 312 1022 348 domni
1060 311 1126 346 Eu-

385 369 467 416 genii
492 368 531 402 lll
554 367 656 413 Papae
678 377 759 400 anno
785 377 834 399 ιιι.

430 425 491 455 Dat.
509 424 555 454 die
572 423 610 453 ⁶25
628 423 744 461 augusti
763 431 838 452 anno
856 421 970 451 Domini
990 420 1073 457 1147,

627 466 730 507 pontif.
751 475 827 496 anno
845 474 887 496 ιιι.

190 265 242 293 An.
260 265 288 293 C.
306 267 371 293 ¹107

700 630 817 666 XXIV.

389 709 587 755 Confirmatio
615 709 838 753 possessionum
868 707 1008 741 abbatiae
1029 705 1131 738 Nini-

436 760 532 793 censi's
564 759 681 792 ordinis
705 757 1024 795 Praemonstratensis,
1046 756 1131 788 eius-

437 821 493 854 que
516 810 639 853 receptio
660 809 693 841 in
710 808 924 853 protectionem
939 806 1027 840 Sedis
1045 806 1132 850 Apo-

437 859 561 892 stolicae
587 860 641 902 (1).

654 929 866 961 SUMMARIUM

390 998 559 1028 Exordium.
576 1014 616 1019 —
632 997 784 1027 Abbatiam
804 996 859 1026 sub
878 995 1056 1034 protectione
1079 993 1133 1024 Se-

433 1042 478 1072 dis
506 1042 690 1081 Apostolicae
712 1041 857 1080 recipiens
878 1039 1018 1075 Pontifex,
1041 1038 1135 1068 eidem

432 1086 505 1116 bona
523 1086 619 1115 omnia
636 1084 966 1115 confirmat:-Horum
990 1084 1135 1113 bonorum

432 1131 572 1160 nonnulla
596 1134 757 1160 enumerat:
774 1146 813 1151 —
825 1128 959 1158 Decimas
975 1127 1010 1157 ab
1028 1137 1060 1157 ea
1077 1127 1137 1157 ullo

433 1175 518 1204 modo
537 1175 610 1213 exigi
631 1179 714 1204 vetat:
731 1191 770 1196 —
786 1173 917 1203 Debitam
941 1172 1136 1202 obedientiam

431 1229 446 1249 a
476 1219 615 1249 fratribus
645 1219 743 1248 abbati
770 1218 911 1258 praestari
930 1216 1079 1256 praecipit.
1101 1233 1140 1238 —

432 1263 562 1293 Huiusce
594 1263 739 1302 privilegii
774 1262 921 1292 roboratio
952 1261 1007 1291 sub
1042 1261 1138 1291 solitis

435 1308 589 1338 clausulis.

395 1378 526 1414 augemus
545 1378 684 1414 episcopus
698 1385 792 1407 servus
804 1384 942 1406 servorum
959 1377 1014 1410 Dei.
1034 1376 1140 1405 dilectis

440 1429 515 1462 filiis,
543 1429 658 1457 Get-ardo
688 1428 780 1457 abbati
807 1428 939 1456 Ecclesiae
973 1427 998 1454 S.
1027 1426 1142 1454 Cornelii

441 1479 602 1511 ninivensis,
631 1477 739 1514 eiusque
770 1476 915 1510 fratribus,
934 1478 992 1505 tam
1015 1482 1141 1512 praesen·

441 1529 514 1558 tibus
527 1535 605 1564 quam
614 1528 725 1560 futuris.
736 1528 890 1556 canonicam
905 1527 989 1556 vitam
1000 1526 1141 1562 professis,

442 1578 471 1606 in
490 1578 659 1614 perpetuum.

234 1659 351 1682 uxorum
447 1646 579 1688 Quoties
612 1644 688 1679 illud
715 1656 732 1679 a
769 1643 860 1678 nobis
892 1643 1023 1690 petitur,
1058 1641 1143 1690 quod

401 1696 542 1742 religioni
565 1703 595 1729 et
618 1694 771 1729 honestati
793 1705 959 1728 convenire
982 1692 1143 1738 dignosci-

401 1755 462 1786 tur,
489 1747 594 1780 animo
620 1757 678 1779 nos
700 1743 789 1778 decet
814 1742 926 1777 libenti
955 1742 1144 1783 concedere,

403 1803 433 1831 et
467 1794 635 1841 petentium
678 1792 843 1828 desideriis
876 1804 1051 1839 congruum
1084 1792 1146 1826 im-

404 1845 509 1891 pertiri
537 1843 729 1890 suffragium.
757 1842 800 1877 Ea
823 1850 960 1889 propter,
989 1842 1091 1876 dilecti
1115 1841 1145 1875 in

402 1894 539 1929 Domino
562 1893 628 1937 lilii,
650 1893 759 1927 vestris
780 1892 869 1926 iustis
888 1891 1148 1938 postulationibus

405 1944 575 1979 clementer
587 1943 766 1987 annuimus,
787 1949 818 1975 et
833 1940 1000 1989 praefatam
1014 1940 1050 1974 Β.
1067 1939 1148 1975 Cor-

405 1994 479 2028 nelii
498 1993 688 2033 Ecclesiam,
716 1992 746 2026 in
769 2003 829 2038 qua
852 1991 959 2025 divino
983 1990 1148 2037 mancipati

224 2058 332 2081 Abbauam
355 2044 481 2078 subestis
514 2042 677 2089 obsequio,
712 2041 770 2075 sub
797 2041 834 2075 B.
866 2040 952 2074 Petri
983 2048 1013 2074 et
1047 2048 1148 2074 nostra

212 2086 395 2146 ζζζᾞζξζΐῃῗζζ
410 2093 600 2140 protectione
619 2091 822 2138 suscipimus,
844 2098 873 2124 et
895 2090 1068 2137 praesentis
1080 2090 1152 2123 scri·

214 2152 319 2187 &cineas
339 2149 396 2170 Pon-
411 2143 453 2190 pti
487 2141 655 2189 patrocinio
686 2140 933 2180 commuuimus,
961 2147 1150 2183 statuentes,

214 2180 397 2233 iiiei'miiifnii'ssj
411 2200 442 2226 ut
468 2202 681 2239 quascumque
715 2189 946 2237 possessiones,
973 2200 1152 2235 quaecum-

215 2245 294 2265 s¹¹¹¹¹³²²
410 2254 470 2289 que
486 2241 564 2276 bona
582 2240 869 2287 impraesentiarum
885 2239 994 2273 eadem
1013 2237 1152 2273 Ecclesia

412 2292 492 2326 iuste
508 2298 538 2325 et
556 2290 704 2325 canonice
726 2289 876 2336 possidet,
898 2288 992 2322 autin
1014 2287 1152 2322 futurum

412 2340 616 2375 concessione
638 2338 838 2380 Pontificum,
861 2338 1022 2384 largitione
1045 2349 1153 2384 regum

413 2390 459 2424 vel
488 2390 683 2436 principum,
719 2388 874 2423 oblatione
909 2387 1063 2426 fidelium,
1099 2399 1154 2421 seu

414 2439 481 2473 aliis
516 2439 604 2473 iustis
630 2437 752 2478 modis,
778 2437 845 2472 Deo
873 2436 1017 2484 propitio,
1045 2436 1156 2482 poterit

415 2488 555 2534 adipisci,
592 2488 679 2522 firma
706 2487 794 2522 vobis
829 2487 1001 2533 vestrisque
1029 2497 1157 2519 succes-

416 2537 539 2572 soribus
560 2545 591 2571 et
613 2537 728 2571 illibata
750 2545 969 2584 permaneant3
995 2536 1025 2569 in
1042 2534 1158 2582 quibus

418 2586 494 2621 llaec
522 2587 652 2632 propriis
673 2587 820 2620 duximus
840 2585 1042 2632 exprimenda
1067 2596 1159 2619 voca-

453 2651 493 2687 (¹)
503 2651 541 2678 Ex
552 2651 659 2684 Miraeo,
670 2651 748 2686 Oper.
762 2651 913 2687 Diplomat.,
924 2654 986 2678 tom.
1000 2659 1018 2682 1,
1030 2658 1088 2686 pag.
1098 2650 1157 2677 5511.

974 256 1072 280 BULLA
1078 257 1096 278 R
1102 258 1108 278 Ι
1115 257 1158 279 UM
1182 254 1270 278 ROMA
1276 253 1341 277 NUM

1924 247 1975 275 An.
1993 246 2020 274 C.
2039 243 2104 273 ttli7

1170 309 1266 344 bulis:
1290 316 1383 343 totam
1398 307 1550 342 decimam
1566 305 1706 341 eiusdem
1728 304 1818 340 villae
1836 315 1907 340 cum
1935 308 2012 330 florum
2033 307 2104 328 “⁰¹¹⁰-

1169 357 1363 406 appendiciis
1389 357 1465 397 suis,
1499 355 1708 391 Herlincoven
1742 366 1814 389 cum
1847 362 1908 389 tota
1936 338 2096 393 ‘iffuss‘iiii'ih

1170 408 1311 449 decima,
1336 406 1601 442 Lidekerkensem
1636 404 1807 440 Ecclesiam
1839 416 1910 439 cum

1172 465 1233 493 tota
1259 457 1379 492 decima
1401 464 1431 491 et
1463 454 1658 503 appendiciis
1679 454 1761 498 suis,
1795 453 1913 488 scilicet

1170 506 1340 551 Lombeca,
1356 505 1517 545 Strithem,
1540 513 1657 552 partem
1676 502 1912 550 decimae·apud

1172 557 1278 597 Menz,
1309 564 1427 591 curtem
1454 553 1673 595 Netherwich,
1699 565 1770 588 cum
1807 560 1914 600 prato,

1173 606 1344 654 piscatione
1370 606 1401 639 in
1423 605 1549 640 Tenena
1578 603 1705 651 ubique,
1727 614 1798 637 cum
1819 601 1916 636 advo-

1172 656 1262 700 catia,
1288 656 1351 690 duo
1378 654 1557 689 molendina
1591 665 1663 688 cum
1691 652 1806 687 mansis
1833 652 1916 685 iuxta

1174 705 1344 740 Ecclesiam
1379 704 1600 744 Ninivensem,
1635 709 1754 737 curtem
1787 700 1916 735 Rubi-oc

1173 767 1246 789 cum
1283 752 1580 789 circumiacentibus
1616 749 1708 786 terris
1741 758 1772 785 et
1805 750 1916 798 sylvis,

1174 812 1286 839 terram
1321 803 1463 850 Hugonis
1501 801 1624 842 Gauiis,
1657 808 1688 835 et
1721 799 1822 834 fratris
1851 801 1918 833 eius

1175 853 1354 895 Gisleberti,
1388 853 1503 900 sylvam
1542 850 1708 896 Mentogh,
1735 862 1751 884 a
1777 848 1918 884 Gerardo

1175 903 1324 938 advocato
1363 910 1523 950 emptam,
1561 908 1680 936 curtem
1722 898 1919 933 Wendecote

1175 965 1245 988 cum
1282 950 1575 987 circumiacentibus
1613 949 1702 984 terris
1744 956 1774 983 et
1806 948 1918 995 pratis,

1178 1002 1397 1037 haereditatem
1432 1000 1561 1035 Henrici
1588 999 1738 1034 Conversi
1771 997 1810 1032 de
1840 996 1920 1031 Her-

1178 1052 1333 1091 lincoven,
1355 1050 1492 1085 alodium
1511 1050 1550 1084 ‹le
1563 1048 1686 1083 Rosilar
1703 1060 1775 1082 cum
1799 1058 1923 1081 nemus-

1178 1101 1250 1136 culo
1277 1100 1463 1140 Stonbecca,
1485 1099 1623 1134 alodium
1642 1097 1726 1145 quod
1748 1096 1833 1131 dedit
1847 1095 1922 1130 Her-

1179 1150 1316 1185 brandus
1347 1149 1386 1184 de
1414 1148 1569 1193 Merbeca,
1598 1156 1709 1182 terram
1741 1158 1813 1180 cum
1839 1145 1922 1193 sylva

1179 1200 1319 1235 Gualteri
1353 1199 1392 1233 de
1419 1198 1536 1239 Curia,
1574 1207 1684 1232 terram
1718 1207 1812 1243 quam
1838 1194 1924 1229 dedit

1179 1249 1392 1284 Theodericus
1419 1248 1458 1283 de
1496 1247 1638 1288 inferno,
1679 1254 1790 1280 terram
1830 1256 1924 1292 quam

1181 1299 1267 1334 dedit
1311 1298 1517 1333 castellanus·
1541 1295 1757 1331 Bruxeliensis
1796 1306 1925 1329 assensu

1182 1348 1340 1384 Gnidonis
1365 1355 1395 1383 et
1432 1347 1571 1382 Gualteri
1599 1345 1638 1380 de
1672 1344 1809 1379 Hosdem
1842 1342 1925 1391 apud

1182 1398 1361 1438 Senesiam;
1381 1405 1494 1432 terram
1510 1408 1603 1444 quam
1619 1394 1705 1430 dedit
1719 1393 1791 1428 Uffo
1805 1393 1928 1440 Pauper

1183 1460 1314 1483 assensu
1342 1447 1444 1481 fratris
1469 1447 1517 1481 sui
1546 1443 1681 1480 Gislardi
1703 1443 1787 1491 apud
1808 1442 1927 1484 Arken,

1185 1507 1296 1532 terram
1322 1509 1415 1544 quam
1438 1496 1526 1531 dedit
1551 1494 1717 1529 Albericus
1743 1504 1813 1528 cum
1840 1492 1928 1539 sylva

1184 1555 1215 1582 et
1241 1554 1327 1594 prato
1341 1545 1425 1593 apud
1448 1545 1590 1580 eamdem
1606 1543 1718 1578 villam.
1741 1541 1823 1577 Sane
1836 1553 1929 1588 agro-

1186 1609 1254 1631 rum
1291 1603 1483 1636 vestrorum,
1513 1606 1593 1642 quos
1626 1593 1758 1641 propriis
1785 1591 1929 1626 manibus
1955 1606 2127 1629 Decima„

1185 1654 1238 1681 aut
1253 1645 1431 1692 sumptibus
1453 1644 1564 1685 colitis,
1586 1643 1649 1678 sive
1671 1643 1710 1677 de
1731 1640 1929 1677 nutrimentis
1942 1638 2126 1691 ssssssffmfflffl

1186 1704 1359 1731 vestrorum
1386 1694 1579 1738 animalium,
1606 1692 1711 1727 nullus
1737 1705 1754 1726 a
1776 1691 1864 1725 vobis
1879 1690 1928 1725 de·
2007 1685 2011 1690 ’

1187 1746 1283 1780 cimas
1293 1745 1415 1791 exigere
1432 1751 1617 1791 praesumat.
1632 1741 1842 1776 Prohibemus
1856 1751 1931 1787 quo-

1188 1807 1260 1842 que,
1287 1803 1321 1829 ut
1347 1794 1452 1828 nullus
1478 1792 1606 1827 fratrum
1629 1799 1697 1838 post
1725 1791 1836 1825 factam
1868 1789 1930 1824 ibi-
1956 1806 2050 1828 nemim„
2075 1805 2128 1826 obe-

1189 1846 1259 1879 dem
1295 1843 1543 1891 professionem,
1579 1841 1696 1888 absque
1731 1840 1849 1875 abbatis
1882 1839 1930 1874 sui
1944 1836 2128 1890 ⁶{‡ss²¹{}¹²¹⁸;b{ffi·

1192 1893 1395 1941 permissione
1429 1905 1466 1927 ex
1501 1891 1612 1926 eodem
1650 1892 1784 1925 claustro
1818 1888 1932 1924 audeat
1945 1899 2049 1935 pra-ema
2066 1904 2128 1925 pmc-

1190 1944 1369 1984 discedere3
1401 1941 1614 1976 discedentem
1642 1953 1726 1985 vero,
1752 1939 1871 1986 absque
1892 1933 2003 1973 li-⁰¹¹'¹²'

1191 2001 1327 2028 terarum
1349 1991 1566 2027 communium
1588 1990 1730 2025 cautione
1752 1989 1858 2024 nullus
1879 2000 1934 2023 su-

1192 2043 1313 2090 scipere
1335 2042 1379 2077 vel
1411 2041 1543 2076 retinere
1565 2047 1751 2087 praesumat.
1779 2038 1935 2073 Decerni-

1194 2104 1263 2127 mus
1285 2104 1377 2138 ergo,
1412 2098 1445 2125 ut
1466 2090 1543 2125 nulli
1565 2089 1696 2124 omnino
1723 2088 1884 2123 bominum
1902 2087 1936 2121 li·
1948 2101 2040 2123 numm
2065 2101 2131 2127 μω

1193 2150 1281 2185 ceat,
1313 2140 1480 2188 praefatam
1512 2139 1683 2174 Ecclesiam
1721 2146 1838 2173 temere
1865 2149 1937 2186 per·
1949 2131 2133 2185 ¹sffi³⁵501¹5fss⁰2ffi⁴s

1195 2191 1340 2235 turbare,
1383 2198 1437 2224 aut
1462 2189 1530 2224 eius
1563 2188 1779 2236 possessiones
1804 2187 1937 2231 auferre,
1954 2194 2012 2215 §⁰¹³³-

1196 2241 1242 2275 vel
1273 2240 1389 2275 ablatas
1416 2239 1565 2280 retinere,
1600 2239 1758 2278 minuere,
1785 2250 1841 2273 seu
1867 2237 1940 2285 qui-

1195 2290 1332 2325 buslibet
1352 2288 1566 2324 'vexationibus
1588 2288 1731 2335 fatigare3
1758 2287 1812 2322 sed
1834 2287 1938 2322 omnia

1197 2340 1312 2385 integra
1332 2346 1566 2378 conserventur,
1588 2350 1708 2382 eorum,
1731 2349 1786 2385 pro
1804 2349 1939 2384 quorum

1197 2389 1423 2435 gubernatione
1457 2397 1486 2423 et
1514 2387 1761 2422 substentatione
1792 2398 1939 2421 concessa

1198 2447 1287 2483 sunt,
1314 2438 1424 2473 usibus
1445 2437 1635 2473 omnimodis
1657 2436 1832 2484 profutura:
1856 2435 1939 2470 salva

1198 2488 1289 2523 Sedis
1314 2487 1512 2535 Apostolicae
1545 2487 1728 2521 auctoritate
1755 2494 1785 2520 et
1806 2485 1941 2520 dioece-

1199 2537 1265 2572 sani
1287 2537 1424 2585 episcopi
1443 2537 1594 2572 canonica
1612 2535 1738 2571 iustitia.
1762 2534 1795 2569 Si
1813 2547 1874 2582 qua
1890 2534 1943 2581 igi-

1201 2595 1250 2621 tur
1270 2587 1300 2621 in
1333 2587 1471 2622 futurum
1502 2585 1710 2621 ecclesiastica
1737 2584 1942 2619 saecularisve

1202 2648 1350 2684 persona,
1377 2637 1456 2671 lianc
1488 2643 1609 2670 nostrae
1637 2634 1864 2670 constitutionis
1886 2645 1943 2682 pa-
