2180 3205
395 248 465 280 676

344 312 391 346 rel
414 313 547 346 aliorum
570 311 715 358 collegio,
730 310 905 346 secundum
929 310 984 345 Dei
1001 312 1096 345 timo-

345 374 409 395 reni
434 370 462 395 et
485 362 522 395 B.
546 361 715 405 Augustini
741 360 877 407 regulam
902 360 1096 407 providerint

143 412 192 464 Οἱ
208 414 328 450 serufium·e
344 410 536 455 eligendum.
577 409 780 456 Sepulturam
829 422 955 456 quoque
996 410 1096 457 ipsius

143 450 232 495 iiiiiidae
247 449 329 497 ⁰223ss
344 460 402 493 loci
422 459 552 493 liberam
581 471 649 493 esse
676 459 889 503 decernimus,
912 467 946 493 ut
972 471 1097 503 eorum,

142 508 194 525 ¹³¹⁰*
343 509 395 554 qui
423 520 456 542 se
485 508 550 542 illic
571 508 696 554 sepeliri
724 508 977 548 deliberaverim,
1000 508 1096 543 devo-

343 558 432 597 tioni⁷
460 565 490 591 ct
509 566 668 597 *extremae
693 557 854 600 voluntati,
882 558 939 592 nisi
969 570 1096 592 excom-

342 607 493 640 municati
517 607 563 640 vel
587 607 744 641 interdicti
767 606 894 651 fuerint,
919 607 1022 641 nullus
1044 607 1097 641 ob-

341 656 449 689 sistat:
472 655 556 690 salva
584 656 735 690 canonica
757 656 872 690 iustitia
897 656 1019 690 illarum
1040 656 1097 690 Ec-

341 705 522 745 clesiarum‚
550 717 565 739 a
593 705 708 750 quibus
736 714 932 739 mortuorum
964 717 1093 752 corpora

146 753 326 808 ngffigfflegg}
341 763 554 788 assumuntur.
594 754 805 789 Decernimus
825 767 901 800 ergo
917 782 924 794 ‚
955 763 988 788 nt
1018 755 1094 789 nulli

141 822 222 836 uorum.
340 804 471 838 omnino
495 804 659 838 bominum
675 804 775 844 liceat,
800 803 966 850 praefatam
984 803 1096 838 Eccle-

339 853 417 886 siam
439 862 556 887 temere
583 853 778 899 perturbare,
801 861 853 887 aut
882 853 951 887 eius
974 866 1097 899 posscs-

339 902 445 936 siones
468 901 591 936 auferre
606 930 614 942 ,
642 902 689 936 vel
712 902 830 936 ablatas
857 902 1011 943 retinere,
1035 903 1096 936 mi-

338 963 450 994 nuere,
477 963 532 985 scu
556 951 750 997 quibuslibet
776 951 991 986 vexationibus
1023 951 1096 986 fati-

338 1012 429 1045 gare;
453 1000 506 1035 sed
530 1000 646 1035 illibata
664 1008 694 1035 et
709 1001 814 1035 omnia
830 1001 948 1046 integra
965 1013 1095 1035 conser—

339 1058 462 1090 ventur,
484 1062 606 1091 eorum,
632 1062 687 1096 pro
705 1062 838 1097 quorum
866 1050 1095 1096 gubernatione

339 1107 433 1145 atque
454 1099 704 1133 substentatione
719 1111 867 1133 concessa
883 1107 967 1142 sunt⁷
985 1100 1094 1134 usibus

339 1148 532 1183 omnimodis
559 1148 736 1194 profutura:
771 1149 853 1182 salva
883 1148 977 1183 Sedis
1006 1149 1094 1195 Apo-

339 1197 467 1232 stolicae
489 1198 685 1238 auctoritate,
707 1206 738 1233 et
759 1198 937 1232 dioecesani
952 1198 1093 1245 episcopi

140 1252 326 1308 ς-ἒὲιίῡυζῖὲξΐξέξ
340 1247 488 1300 canonica
517 1247 645 1281 iustitia.
671 1247 719 1281 Ad
745 1247 895 1281 indicium
914 1255 1016 1282 autem
1034 1248 1094 1282 hu-

139 1296 177 1334 ἕω
197 1298 326 1340 persoiven-
340 1296 477 1330 iusmodi
501 1308 516 1331 a
539 1296 622 1331 Sede
636 1296 818 1343 Apostolica
839 1304 1004 1343 perceptae
1020 1309 1094 1343 pro-

139 1344 185 1364 ΜΞ·
341 1346 484 1380 lectionis
518 1345 599 1380 dnos
637 1345 756 1380 solidos
793 1346 886 1380 nobis
913 1346 1093 1393 nostrisque

339 1395 577 1430 successoribus
592 1395 727 1442 singulis
742 1395 832 1429 annis
849 1394 1042 1441 persolvetis.
1057 1395 1091 1430 Si

136 1448 326 1499 ¹¹⁵0¹i¹³e⁰1³uw
339 1456 398 1490 qua
415 1445 508 1490 igitur
530 1445 559 1478 in
582 1444 722 1479 futurum
744 1444 952 1478 ecclesiastica
974 1457 1093 1479 saecu-

145 1485 170 1500 δε
185 1480 296 1506 poenales.
339 1493 450 1527 larisve
466 1506 611 1540 persona,
626 1494 707 1528 hanc
722 1502 845 1528 nostrae
860 1493 1093 1529 constitutionis

339 1544 485 1589 paginam
509 1543 623 1582 sciens,
642 1552 750 1577 contra
765 1555 833 1577 eam
852 1551 970 1577 temere
987 1543 1092 1578 venire

338 1592 517 1631 tentaverit,
549 1592 689 1626 secundo
721 1592 852 1626 tertiove
886 1593 1091 1636 commonita,

338 1641 398 1674 nisi
412 1641 699 1688 praesumptionem
713 1653 801 1675 suam
815 1653 952 1687 congrua
969 1642 1092 1676 satissa-

338 1690 442 1724 ctione
461 1691 642 1731 correxerit,
660 1691 821 1737 potestatis
836 1690 1029 1736 honorisque
1044 1691 1090 1725 sui

338 1748 440 1774 careat
461 1739 624 1784 dignitate,
644 1752 793 1786 reamque
808 1751 840 1773 se
856 1739 960 1774 divino
977 1740 1092 1775 iudicio

338 1789 473 1823 existere
486 1789 525 1823 de
542 1797 716 1836 perpetrata
734 1789 896 1835 iniquitate
909 1798 1091 1834 cognoscat,

337 1846 367 1871 et
403 1850 418 1872 a
446 1839 656 1872 sacratissimo
691 1838 831 1885 Corpore
866 1850 900 1872 ac
930 1838 1092 1884 Sanguine

335 1886 394 1921 Dei
419 1897 449 1921 et
483 1887 610 1921 Domini
637 1887 863 1934 Redemptoris
899 1888 995 1921 nostri
1021 1887 1090 1922 [esu

337 1936 454 1969 Christi
482 1937 582 1970 aliena
606 1937 668 1978 siat,
691 1945 785 1984 atque
809 1937 839 1970 in
867 1944 1008 1971 extremo
1023 1949 1094 1971 exa-

337 1985 422 2019 mine
446 1985 606 2020 districiae
629 1986 739 2020 ultioni
762 1986 938 2026 subiaceat;
969 1987 1092 2021 cunctis

337 2043 442 2067 autem
459 2035 558 2068 eidem
571 2035 729 2069 Ecclesiae
743 2048 798 2070 sua
813 2035 879 2069 iura
894 2036 1092 2070 servantibus

337 2085 379 2117 sit
403 2095 461 2129 pax
484 2083 610 2118 Domini
635 2085 730 2119 nostri
759 2084 830 2118 Iesu
853 2083 985 2128 Christi⁷
1013 2097 1092 2131 qua-

339 2144 432 2170 tenus
453 2147 481 2171 et
510 2137 562 2172 liic
583 2138 718 2172 fructum
742 2138 843 2172 bonae
866 2138 997 2173 actionis
1020 2151 1093 2185 per—

339 2190 467 2235 cipiant,
491 2198 520 2224 et
547 2191 628 2237 apud
645 2191 819 2225 districtum
842 2191 982 2226 Iudicem
1004 2204 1094 2239 prae—

339 2245 400 2277 mia
428 2252 571 2278 aeternae
601 2246 684 2290 pacis
711 2245 879 2279 inveniant.
903 2246 1017 2280 Amen.

389 2296 461 2331 Eoo
495 2298 694 2332 Ammona
727 2299 899 2334 catholicae
932 2300 1092 2335 Ecclesiae

340 2351 519 2397 episcopus.
969 2380 974 2385 ,

142 2417 163 2435 ει
184 2413 204 2434 s.
217 2413 248 2448 ,¹³·
261 2414 326 2448 ,acet
390 2404 458 2446 Ego
475 2403 618 2438 Ubaldus
631 2404 735 2451 presb.
755 2405 841 2440 card.
865 2406 911 2440 tit.
931 2406 963 2441 S.
979 2405 1093 2441 Crucis

142 2444 318 2501 ςηῖἒᾞξὲἷῑὶὲᾞζ
341 2457 371 2491 in
400 2458 610 2492 Hierusalem.

390 2511 456 2556 Ego
483 2511 624 2546 Ubaldns
646 2510 803 2547 Ostiensis
825 2513 924 2559 episc.

389 2564 458 2610 Ego
481 2564 618 2600 lucinius
640 2565 719 2600 diac.
747 2567 831 2601 card.
854 2567 888 2602 S.
917 2567 1033 2602 Mariae
1060 2567 1092 2602 in

342 2617 524 2654 Cosinedin.

147 254 196 281 An.
216 256 244 283 C.
263 258 329 284 1165

155 2299 267 2321 Alexandri
286 2299 325 2321 PP.

937 257 1125 280 numanum
1152 257 1266 280 ROMAN
1272 258 1316 280 tm

1187 311 1256 357 Ego
1278 311 1412 346 loannes
1439 311 1601 358 presbyter
1627 310 1794 347 cardinalis
1808 310 1887 346 tituli

1140 359 1172 395 S.
1201 361 1396 395 Anastasiae.

1188 410 1253 456 Ego
1278 409 1461 444 Gnalterius
1493 409 1682 443 Albanensis
1709 410 1886 456 episcopus.

1188 459 1254 505 Ego
1280 459 1428 493 Albertns
1453 458 1556 505 presb.
1571 457 1655 493 card.
1683 450 1728 492 ti!
1750 459 1783 493 S.
1804 459 1889 493 Lau-

1141 509 1229 542 rentii
1260 508 1290 542 in
1320 508 1450 542 Lucina.

1187 557 1254 604 Ego
1276 556 1466 592 Guillelmus
1498 557 1542 591 tit.
1572 556 1606 591 S.
1635 555 1718 590 Petri
1747 556 1784 591 ad
1813 556 1889 592 Vin-
1915 556 1923 565 ⁶

1139 606 1209 640 cula
1235 607 1337 654 presb.
1361 607 1445 642 card.

1188 655 1254 702 Ego
1292 655 1367 690 Otto
1402 656 1484 690 diac.
1523 654 1623 690 card·
1646 653 1678 689 S.
1711 655 1830 690 Nicolai
1859 655 1888 690 in

1138 703 1274 739 Carcere
1287 704 1445 740 Tulliano,

1187 754 1254 800 Ego
1276 754 1360 789 Boso
1383 754 1463 789 diac.
1487 753 1573 789 card.
1587 753 1778 789 Sanctorum
1801 752 1890 788 Cos-

1139 814 1208 838 mae
1235 812 1265 838 et
1288 803 1444 838 Damiani.

1187 852 1254 899 Ego
1275 852 1401 888 Cintius
1422 853 1576 888 diaconus
1594 851 1762 887 cardinalis
1782 851 1889 886 Sancti

1138 901 1279 936 Adriani.

1186 951 1301 985 Datum
1317 950 1454 986 Senonis
1471 963 1527 997 per
1549 963 1676 986 manum
1703 950 1889 994 Hermanni,

1137 1008 1262 1035 sanctae
1285 1000 1446 1035 Romanae
1467 1000 1632 1035 Ecclesiae
1654 999 1839 1034 subdiaconi
1859 1007 1890 1034 et

1138 1050 1272 1093 notarii,
1306 1062 1336 1083 xl
1370 1050 1431 1084 kal.
1454 1049 1621 1095 februarii,
1647 1049 1822 1084 indictione
1844 1061 1888 1089 xr,

1137 1098 1363 1133 incarnationis
1408 1099 1585 1134 dominicae
1627 1110 1710 1134 anno
1749 1110 1888 1139 nicam,

1138 1148 1339 1194 pontificatus
1354 1161 1425 1183 vero
1444 1149 1551 1183 domni
1579 1148 1751 1183 Alexandri
1767 1147 1830 1182 PP.
1846 1147 1890 1182 lll

1136 1209 1219 1232 anno
1243 1210 1287 1231 iv.

1175 1255 1236 1285 Dat.
1255 1256 1302 1286 die
1320 1255 1358 1285 *22
1376 1255 1503 1284 ianuarii
1527 1264 1603 1284 anno
1625 1253 1741 1283 Domini
1764 1252 1850 1288 1163.

1385 1299 1488 1339 pontif.
1507 1308 1583 1328 anno
1605 1306 1642 1328 1v.

1493 1449 1535 1484 X.

1137 1523 1338 1564 Confirmatio
1369 1524 1518 1556 bonorum
1545 1523 1694 1560 omnium,
1723 1535 1759 1557 ac
1788 1524 1889 1568 perci-

1182 1573 1357 1605 nentiarum
1380 1573 1607 1606 monasteriide
1624 1573 1787 1609 Rorsham,
1805 1573 1889 1616 quod

1182 1622 1236 1654 sub
1254 1623 1439 1665 protectione
1460 1623 1549 1656 Sedis
1572 1622 1768 1666 Apostolicae
1782 1622 1888 1655 subii-

1183 1672 1263 1704 citur
1285 1673 1346 1713 (l).

1403 1743 1616 1774 SUMMARIUM

1132 1810 1288 1841 Exordium
1319 1829 1359 1835 -—
1386 1812 1594 1842 Monasterium
1625 1812 1679 1841 hoc
1705 1811 1761 1841 sub
1784 1816 1885 1851 prote-

1173 1856 1269 1885 ctione
1291 1855 1376 1886 Sedis
1399 1857 1586 1895 Apostolicae
1611 1856 1716 1895 recipit
1743 1855 1886 1894 Pontifex3

1173 1917 1212 1922 —
1234 1899 1372 1940 Bonaque
1401 1902 1498 1931 omnia
1528 1901 1624 1931 eidem
1647 1901 1818 1938 confirmat3
1847 1918 1887 1925 —

1173 1943 1303 1979 Quorum
1332 1945 1475 1974 nonnulla
1512 1944 1682 1982 singulatim
1721 1950 1886 1983 enumerat;

1171 2005 1211 2010 —
1238 1987 1309 2018 Cum
1333 1988 1397 2018 iure
1421 1989 1622 2026 decimarum,
1645 1989 1808 2019 salinarum
1831 1995 1885 2020 etc.

1172 2049 1212 2054 —
1232 2032 1387 2062 Decretum
1421 2041 1471 2072 pro
1499 2033 1685 2063 immunitate
1712 2033 1884 2064 eorumdem

1175 2076 1330 2106 bonorum.
1364 2094 1404 2100 —
1447 2077 1561 2107 Poenae
1592 2082 1693 2107 contra
1729 2078 1885 2109 violatores

1174 2120 1320 2159 privilegii
1342 2121 1442 2150 huius.
1460 2138 1499 2143 —-
1520 2121 1577 2151 Pax
1596 2127 1623 2152 et
1644 2122 1809 2153 benedictio
1828 2123 1884 2152 ob-

1174 2164 1370 2194 servantibus.
1387 2182 1428 2187 -
1442 2165 1599 2195 Alexandri
1618 2165 1671 2196 PP.
1691 2171 1718 2196 et
1735 2166 1763 2196 S.
1779 2166 1813 2197 R.
1829 2166 1886 2197 Ec-

1173 2209 1282 2238 clesiae
1305 2210 1499 2238 cardinalium
1518 2209 1763 2248 subscriptiones.

1134 2269 1265 2299 Alexander
1285 2271 1405 2310 episcopus
1425 2280 1503 2301 servus
1523 2280 1638 2301 servorum
1657 2272 1707 2309 Dei,
1723 2272 1815 2303 dilectis
1831 2272 1885 2302 titiis

1173 2314 1290 2344 Bernardo
1306 2316 1374 2353 priori
1393 2317 1524 2345 monasterii
1536 2317 1632 2346 sanctae
1646 2316 1709 2347 Fi'dls
1723 2317 1751 2347 de
1763 2317 1883 2355 Norsham,

1173 2359 1268 2397 eiusque
1290 2358 1458 2395 fratribuslain
1474 2359 1633 2399 praesentibus
1653 2370 1722 2399 quam
1736 2360 1824 2400 futuris,
1847 2370 1884 2391 re·

1173 2402 1279 2441 gulurein
1297 2405 1365 2433 ritant
1387 2403 1506 2443 protessis,
1530 2405 1553 2434 in
1568 2409 1714 2444 perpetuum.

1183 2464 1376 2511 Religiosam
1410 2467 1502 2501 vitain
1537 2468 1728 2514 eligentibus
1753 2477 1883 2515 aposto·-

1134 2513 1241 2548 licum-
1268 2515 1415 2550 convenit
1448 2516 1558 2551 adesse
1598 2518 1811 2564 praesidium,
1843 2530 1882 2553 ne

1135 2562 1213 2597 forte
1239 2564 1407 2600 cuiuslibet
1433 2567 1615 2601 temeritatis
1650 2568 1795 2602 incursus
1827 2574 1882 2602 aut

1168 2633 1208 2670 (l)
1224 2634 1263 2661 Ex
1284 2638 1348 2662 tom.
1370 2643 1388 2662 n
1405 2636 1517 2663 Monast.
1532 2637 1633 2671 Anglic.

1904 254 1956 281 Au.
1974 251 2004 279 C.
2022 251 2088 282 1163

1926 2482 2046 2507 Exordium.
