2180 3205
58 197 240 225 An.c.1068

66 561 181 582 peculiari«
191 569 238 583 anu·

55 588 143 608 meratio
154 594 214 609 nonni
224 590 230 611 Ι

55 615 120 635 tarum
134 615 238 637 Ecclesia-

56 646 113 664 rum,
140 642 201 663 attari
211 650 238 664 m·

72 673 97 688 ue
109 673 177 689 rerum
189 669 238 690 iuris

72 694 183 715 alei-initam
207 702 239 716 ar-

56 720 202 748 chiepiseopit

267 248 448 284 cessoribus
463 276 472 294 ,
506 261 726 297 quaecumque
761 248 1019 296 praedecessores
1063 247 1157 281 homo
1179 246 1292 281 audeat
1311 246 1476 281 temerario
1492 258 1568 280 ausu
1592 245 1729 291 aliquam
1746 247 1812 280 vio-

269 298 381 343 uostri,
404 299 623 346 imperatores,
652 311 753 345 reges,
777 298 947 345 principes,
971 297 1016 331 vel

266 347 461 394 quicumque
489 348 595 382 fideles
613 376 620 389 ,
649 356 774 382 sanctae
802 346 1017 381 Salernitanae

269 396 429 432 Ecclesiae
451 397 629 437 contulere,
652 404 682 431 ct
708 409 742 431 ea
770 408 849 442 quae
875 394 1018 429 Gisulsus

901 193 1096 216 ΑιΕΧΛΝηΕιι
1119 193 1143 215 ιι
1167 192 1215 215 1¹1².
1719 182 1756 213 31

1062 296 1188 331 lentiam
1226 295 1296 339 tihi,
1329 305 1462 342 tuaeque
1488 295 1649 330 Ecclesiae
1678 294 1809 333 inferre,

1061 345 1106 380 vel
1143 345 1290 379 iustitiam
1333 352 1383 378 aut
1423 345 1607 390 dignitatem
1649 344 1809 379 mium-re:

1059 394 1144 429 salvo
1170 394 1200 428 in
1228 393 1376 428 omnihus
1403 394 1602 441 Apostolicae
1630 393 1723 427 Sedis
1747 394 1811 439 pri·
1855 408 1948 427 >nnis-,1-
1967 418 2014 432 NJ„

1061 443 1183 488 vilegio.
1218 442 1252 477 Si
1279 443 1352 489 quis
1379 455 1451 478 vero
1484 451 1591 477 contra
1627 443 1720 476 liuius
1755 455 1811 476 no-
1845 443 1864 453 '⁸
1892 441 1899 453 ⁸
2005 448 2007 455 ’

267 445 369 480 fidelis
409 455 536 490 noster,
569 447 621 492 qui
658 457 742 480 tunic
777 444 899 479 Salerni
934 444 1016 478 clare

268 495 480 541 principatur,
513 495 632 529 liberali
676 493 889 528 munificentia
932 505 1047 538 con-gg

267 544 348 587 tulit,
369 553 399 578 et
420 544 591 579 collaturus
613 551 669 578 est.
694 542 885 577 Nominatim
912 550 1015 577 autem

265 592 420 628 dicimus:
443 593 607 628 ecclesiam
630 592 663 627 S.
681 592 824 638 martyris
847 591 921 634 Viti,
937 603 1016 638 quae

265 650 442 676 constructa
466 650 513 676 cst
539 642 620 675 iuxta
644 641 794 688 plateam,
822 653 903 687 quae
935 641 1016 674 dici-

268 699 317 725 tur
338 691 376 726 ad
403 691 529 725 Portam
554 690 651 734 Elini,
678 702 749 724 cum
774 689 923 724 omnihus
950 690 1016 724 suis

266 740 464 786 pertinentiis
479 767 487 781 ,
529 752 623 786 quam
663 738 887 773 Landimorius
932 738 1015 773 filius

264 789 425 823 Ademarii
459 790 577 836 scripto
614 788 673 823 iam
714 788 815 822 dictae
855 787 1014 822 Ecclesiae

263 837 393 872 obtulit:
428 845 459 873 et
490 838 656 873 ecclesiam
684 837 717 871 S.
753 836 906 872 Gramatii
941 849 1013 872 cum

263 889 330 922 suis
353 887 559 934 pertinentiis,
574 895 605 922 et
626 899 714 922 casas
742 886 822 927 illas,
845 897 926 933 quac
942 894 1015 920 sunt

265 937 347 971 iaxta
381 936 524 972 eamdem
551 936 751 976 Ecclesiam,
789 947 867 982 quas
900 935 1015 970 Malfrit

264 994 295 1019 et
318 985 452 1020 Adell'rit
473 994 526 1020 tuo
547 985 710 1031 episcopio
739 984 935 1020 obtulerunt:
959 984 1013 1019 sed

267 1043 297 1069 et
325 1035 548 1070 monasterium
569 1034 604 1069 S.
632 1034 709 1078 Viti,
741 1033 826 1081 quod
862 1042 1015 1069 constru-

265 1092 349 1118 ctum
384 1091 431 1118 est
470 1084 553 1118 iuxta
587 1083 754 1118 Salernum
793 1095 890 1129 prope
928 1083 1015 1117 littus

266 1133 360 1167 maris
382 1145 453 1167 cum
477 1133 543 1167 suis
570 1132 780 1178 pertiuentiis⁷
802 1131 886 1178 quod
901 1131 1014 1166 Eccle-

266 1181 309 1215 sia
338 1181 390 1216 tibi
423 1182 614 1225 commissa,
648 1193 664 1215 a
697 1181 856 1228 praedicto
891 1180 1014 1215 Gisulfo

268 1231 408 1277 principe
443 1229 700 1265 commutationis
736 1229 847 1264 ordine
879 1231 1012 1275 recepit:

267 1287 364 1313 terras
386 1291 513 1326 quoque
535 1287 565 1313 et
588 1287 700 1326 partes,
716 1291 772 1325 pro
787 1278 903 1325 quibus
918 1291 1015 1326 super

267 1327 430 1374 'l'roytium
454 1328 492 1362 de
515 1327 595 1362 Rota
619 1340 673 1374 pro
700 1335 754 1362 tuo
788 1328 951 1374 episcopio
985 1336 1015 1362 et

266 1377 399 1411 caeteris
420 1376 625 1411 Salernitanis
639 1376 791 1411 Eeclesiis
805 1376 1013 1423 interpulasti,

265 1425 350 1472 quod
381 1426 502 1460 invasas
530 1425 720 1466 detinuerit,
748 1425 832 1460 unde
853 1437 924 1459 eum
952 1425 1014 1460 Sa-

266 1474 357 1518 lerni,
384 1475 542 1510 nolentem
570 1475 720 1509 iustitiam
749 1474 862 1518 facere,
884 1486 1015 1509 excom-

264 1524 510 1564 municavimus,
532 1536 611 1570 quas
626 1531 732 1571 postea
748 1523 937 1570 resipiscens
951 1523 1014 1558 Ca-

262 1584 344 1619 puae
365 1573 394 1607 in
411 1581 548 1607 nostram
563 1585 689 1607 manum
705 1573 845 1619 legaliter
863 1572 1013 1614 redditam

262 1621 406 1656 videlicet
440 1634 650 1670 quaecunque
686 1634 749 1657 uno
781 1634 891 1663 anno,
926 1622 1014 1669 prius

265 1682 361 1716 quam
386 1671 452 1718 ipse
473 1670 552 1706 Rota
579 1672 725 1715 intraret,
747 1679 777 1706 et
799 1671 1013 1706 Salernitanae

261 1719 424 1754 Ecclesiae
447 1720 606 1761 tenebant,
626 1733 706 1768 quae
721 1720 799 1755 iaris
815 1729 884 1755 tuae
903 1720 1014 1756 Eccle-

256 1769 327 1804 siae
344 1769 441 1810 suere,
458 1769 513 1804 tibi
538 1770 661 1816 tuisque
684 1770 922 1805 successoribus
940 1770 1014 1804 red-

262 1817 368 1853 dimus
395 1827 425 1853 et
447 1818 683 1860 confirmamus,
706 1828 735 1854 et
758 1831 814 1867 per
832 1827 862 1854 te
884 1820 1014 1854 caeteris

264 1865 417 1903 Ecclesiis
444 1876 545 1903 tua....
579 1868 751 1904 Castellum
788 1881 915 1915 quoque
941 1868 1014 1903 Oli-

262 1915 348 1957 haui,
372 1924 402 1952 et
428 1916 577 1965 Cryptam
600 1918 634 1953 S.
653 1917 779 1964 Augeli,
802 1930 882 1965 quae
897 1917 1015 1952 dicitur

265 1966 383 2001 montis
404 1966 513 2011 Aurei,
541 1979 611 2001 cum
635 1967 784 2002 omnibus
805 1979 913 2001 eorum
943 1980 1013 2012 per-

265 2015 418 2056 tinentiis,
440 2024 469 2050 et
490 2024 614 2057 cuncta,
637 2028 717 2063 quae
736 2016 908 2051 Wilelmus
930 2016 1013 2050 filius

263 2063 456 2104 Tancredae,
484 2072 514 2099 et
539 2064 737 2100 Wimundus
759 2066 849 2099 miles
876 2077 952 2100 suus
980 2066 1010 2099 in

263 2121 402 2148 nostram
438 2126 563 2148 manum
598 2114 780 2149 reddidere:
803 2122 834 2148 et
856 2115 1012 2155 universa,

262 2173 343 2209 quae
370 2162 527 2209 praedicta
552 2163 749 2198 Salernitana
768 2163 910 2198 Ecclesia
933 2164 1012 2198 iuste

262 2219 294 2246 et
315 2211 457 2257 legaliter
479 2211 598 2253 habuit,
618 2212 665 2247 vel
687 2213 913 2259 qualicumque
935 2224 1012 2247 con-

263 2268 365 2295 tractu
387 2260 577 2307 acquisitura
592 2269 650 2304 est,
670 2262 724 2296 tibi
745 2270 880 2308 tuaeque
902 2261 1013 2296 frater-

263 2309 352 2344 nitati
376 2309 534 2345 Ecclesiae
555 2311 741 2346 commissae
764 2311 968 2345 concedimus
982 2319 1012 2345 et

1059 501 1140 527 strae
1167 491 1403 527 constitutionis
1432 492 1643 538 privilegium,
1676 492 1810 538 vilipen-

1059 543 1136 577 deus
1174 541 1343 588 apostolica
1383 549 1521 580 statuta,
1561 549 1678 575 temere
1718 553 1810 585 agere

1060 589 1317 637 praesumpserit,
1336 598 1389 623 aut
1409 590 1683 636 praesumentibus
1708 590 1809 623 l'autor

1057 640 1208 684 extiterit,
1236 638 1353 674 iudicio
1379 638 1486 673 Sancti
1514 638 1651 684 Spiritus
1673 640 1745 673 sciat
1776 652 1809 672 sc

1057 689 1240 724 auctoritate
1272 689 1310 723 B.
1350 688 1432 722 Petri
1468 688 1682 734 apostolorum
1716 691 1808 733 prin—

1057 739 1152 786 cipis,
1180 747 1210 773 et
1233 745 1356 777 nostra,
1384 737 1591 771 anathematis
1615 737 1738 770 vinculo
1755 739 1809 771 iu—

1057 789 1220 832 nodatum‚
1243 795 1273 821 et
1299 795 1334 822 ut
1361 795 1624 832 transgressorem
1654 787 1806 820 termino-

1058 850 1142 874 rum,
1181 849 1261 883 quos
1296 837 1393 871 saneti
1422 835 1532 870 Patres
1559 836 1654 869 nostri
1691 848 1808 881 posun-

1058 896 1141 931 runt,
1184 899 1255 921 cum
1291 885 1416 921 diabolo
1459 893 1489 919 et
1523 885 1809 930 transgressor-ibas

1056 937 1187 982 angelis,
1201 935 1352 970 canonica
1380 934 1556 974 traditione,
1572 934 1709 968 aeternis
1730 947 1809 980 sup-

1058 985 1160 1031 pliciis
1193 985 1391 1031 deputatum.
1421 983 1674 1018 Observantibus
1700 992 1806 1018 autem

1056 1043 1086 1068 et
1122 1034 1242 1069 devotis
1279 1034 1378 1080 gratia
1410 1041 1440 1067 et
1472 1032 1652 1068 benedictio
1686 1045 1700 1065 a
1737 1032 1808 1066 Do-

1057 1083 1143 1118 mino
1178 1085 1246 1119 Deo
1274 1091 1380 1117 nostro
1415 1082 1660 1129 multiplicetur:
1700 1090 1728 1115 et
1764 1084 1808 1115 in-

1056 1133 1235 1167 tercedente
1258 1132 1293 1165 B.
1318 1131 1373 1166 Dei
1402 1130 1564 1166 Genitrice
1585 1131 1695 1171 Maria,
1718 1140 1747 1164 rt
1770 1131 1804 1165 B.

1057 1180 1214 1217 il'lattliaeo
1235 1181 1378 1228 apostolo
1404 1188 1435 1215 et
1456 1180 1656 1226 evangelista,
1683 1181 1802 1215 aeterni

1058 1232 1143 1275 regni
1173 1231 1327 1278 particeps
1347 1229 1426 1264 effici
1454 1237 1628 1264 mereatur.v

1105 1279 1220 1315 Datum
1255 1279 1384 1325 Capuae
1424 1290 1457 1313 tv
1496 1278 1538 1312 id.
1579 1278 1717 1313 octobris
1752 1291 1805 1325 per

1056 1340 1168 1363 manus
1209 1328 1294 1363 Petri
1332 1328 1365 1362 S.
1400 1327 1438 1362 R.
1468 1327 1506 1361 E.
1547 1327 1733 1362 subdiaconi
1776 1336 1807 1362 et

1056 1376 1285 1412 bibliothecarii
1301 1389 1383 1411 anno
1398 1388 1458 1411 vni
1491 1376 1601 1421 pontif.
1619 1377 1703 1410 dom.
1730 1377 1806 1411 Ate-

1056 1426 1165 1461 xandri
1195 1438 1292 1474 papae
1319 1425 1357 1465 ll,
1386 1425 1556 1460 indictione
1584 1438 1642 1460 vn.

1100 1483 1161 1513 Dat.
1180 1483 1226 1513 die
1247 1483 1282 1513 12
1300 1482 1429 1512 octobris
1447 1492 1523 1512 anno
1542 1481 1656 1512 Domini
1680 1482 1763 1519 1068,

1208 1522 1311 1562 pontis.
1332 1522 1487 1552 Alexandri
1505 1531 1581 1552 anuo
1600 1531 1657 1551 vui.

1389 1643 1474 1678 Xlll.

1057 1720 1259 1765 Confirmatio
1286 1721 1435 1753 bonorum
1471 1731 1490 1752 a
1523 1719 1686 1752 Gw'llelmo
1723 1720 1807 1752 Tan-

1105 1772 1209 1802 crudae
1223 1770 1289 1813 filio
1304 1770 1397 1802 eidem
1423 1769 1640 1802 Suleruifonae
1658 1770 1806 1802 liu-clesma

1103 1819 1277 1852 oblatorum
1299 1825 1325 1851 et
1352 1819 1558 1852 restitutorium
1588 1820 1644 1859 (Ι).

1321 1891 1535 1922 SUMMARIUM

1057 1952 1190 1992 Synodus
1219 1952 1416 1992 Melpliyensis
1445 1952 1499 1982 sub
1527 1953 1689 1983 Alexandro
1708 1952 1731 1983 ΙΙ
1753 1953 1804 1983 ΡΡ.

1092 2009 1133 2014 -
1154 1992 1211 2022 Res
1238 1994 1267 2022 iu
1295 2003 1328 2022 eo
1355 1996 1455 2031 gestae
1479 2002 1530 2031 pro
1550 1992 1732 2023 Salernitana
1753 1993 1805 2022 Er-

1094 2033 1195 2062 clesia.
1226 2049 1266 2054 —
1296 2033 1359 2061 Alia
1378 2032 1560 2062 Salernitana
1596 2033 1736 2070 synodus.
1767 2049 1806 2054 —

1093 2071 1216 2102 Nomina
1235 2081 1336 2102 eorum
1356 2073 1406 2111 qui
1425 2072 1631 2102 interfuerunt.
1650 2089 1688 2094 -—
1716 2072 1773 2101 Res
1789 2083 1804 2101 a

1093 2112 1252 2148 Wilielmo,
1282 2112 1408 2150 eiusque
1428 2112 1571 2141 militibus
1598 2111 1739 2141 redditae.
1767 2128 1806 2133 --

1093 2151 1207 2181 Ezedem
1227 2161 1275 2181 res
1296 2151 1497 2181 Salernitanae
1522 2151 1671 2181 Ecclesiae
1697 2152 1805 2180 confir-

1094 2195 1210 2220 mantur
1225 2191 1350 2220 -Cum
1375 2192 1568 2221 anathematis
1592 2200 1683 2229 poena
1704 2195 1804 2220 contra

1094 2239 1194 2259 earum
1214 2231 1376 2268 invasores,
1388 2231 1614 2269 depraedatores
1626 2235 1681 2260 ete.
1697 2247 1736 2252 —
1748 2230 1803 2260 1¹1¹.

1094 2270 1273 2309 subscriptio
1293 2274 1321 2299 et
1343 2271 1563 2310 episcoporum.

1098 2336 1248 2364 Alexander
1268 2336 1408 2372 episcopus
1428 2343 1522 2364 servus
1542 2342 1680 2364 servorum
1704 2336 1758 2365 Dei.

1834 197 1883 223 An.
1901 195 1929 222 (ἶ.
1948 196 2015 223 1thss

1853 449 1857 453 ⁴
1972 445 1986 457 ll

1833 460 1905 481 horum
1931 469 1954 482 u<
1998 450 2005 482 y.

0 2443 2 2446 .
50 2426 158 2446 munitatis
172 2426 236 2447 hono-

262 2357 498 2400 confirmamus,
518 2366 548 2393 et
571 2359 600 2393 in
617 2367 806 2406 perpetuum
815 2359 1011 2400 stabilimus,

263 2415 326 2442 tam
354 2420 402 2452 ea,
429 2420 510 2454 quae
524 2408 728 2444 ecclesiastici
751 2409 913 2455 regiminis
927 2417 1012 2450 sunt,

264 2469 358 2504 quam
374 2469 453 2504 quae
470 2457 661 2493 haereditate
684 2458 778 2499 iuris;
800 2466 1013 2493 contestantes

263 2505 323 2540 sub
346 2507 570 2553 protestatione
592 2507 821 2548 anathematis,
845 2516 876 2541 ut
908 2507 1012 2542 nullos

266 2566 416 2603 umquam
439 2556 573 2592 alicuius
594 2556 753 2603 dignitatis
775 2557 822 2592 vel
851 2557 1013 2604 potestatis

76 2399 235 2421 Decffluffliffl·
1102 2398 1218 2433 Notum
1241 2398 1282 2432 sit
1303 2398 1452 2433 omnibus
1479 2398 1512 2433 S.
1535 2398 1697 2434 Ecclesiae
1721 2399 1802 2440 liliis.
1854 2411 2013 2449 εμιοτμιελιιζΑ

1054 2448 1201 2495 quoniam
1227 2448 1256 2481 in
1278 2447 1410 2495 synodo,
1432 2460 1514 2494 quae
1540 2460 1574 2483 vi
1602 2449 1804 2495 pontificatus
1836 2438 1956 2485 {ll'ssffim
1974 2445 2012 2485 Ἦ

1055 2498 1150 2532 nostri
1179 2509 1261 2531 anno
1284 2497 1363 2543 apud
1388 2496 1537 2543 Melphim
1566 2497 1597 2532 in
1619 2497 1803 2534 ecclesiaB.
1834 2490 1874 2511 ¹²¹³·

51 2457 95 2472 rum
110 2452 236 2474 huiusmodi.

1090 2568 1129 2603 (l)
1147 2567 1184 2595 Ex
1201 2567 1294 2595 eodem
1313 2567 1462 2596 Tabulario.
