2180 3205
152 219 200 243 sin.
221 216 248 243 C.
271 215 334 242 illu

188 1529 308 1550 Exordium.

200 2024 352 2045 Cnnfirmantur

167 2052 266 2078 capitula.

415 191 484 226 500

408 257 524 291 Datum
544 253 672 293 Parisiis
695 264 748 298 pei·
764 262 891 287 manum
914 247 1111 296 Chrysogoni

361 306 393 342 S.
421 306 463 339 R.
484 305 522 339 E.
547 302 671 338 diaconi
696 300 864 336 cai-(linaiis
885 311 921 333 ac
943 298 1114 333 bibliothe—

359 355 447 392 carii,
485 365 545 387 vin
586 351 656 386 idus
691 349 839 390 octobris,
879 347 986 382 indict.
1039 359 1112 387 xiii,

359 403 535 439 dominicae
589 399 812 435 incarnationis
860 410 942 431 anno
989 409 1112 434 MtLth,

359 453 558 500 pontificatus
580 458 682 485 autem
710 447 818 483 domni
841 446 950 482 Calixt's
967 446 992 480 ll
1011 445 1112 492 Papae

359 514 443 537 anno
468 514 474 535 ι
501 503 555 544 (l).

406 558 470 589 Dat.
495 558 541 587 die
561 558 577 587 3
597 555 725 585 octobris
748 564 824 584 anno
842 552 957 583 Domini
984 552 1067 587 tito,

615 600 717 640 pontis.
740 608 815 629 anno
839 608 855 628 i.

717 740 756 775 V.

361 820 562 863 Confiriimci‘o
589 818 805 863 capitulorum,
841 828 860 849 a
886 815 1042 848 monachis
1066 814 1112 847 Ci-

409 868 616 902 ster-ciensibus
640 869 803 911 suetorum,
830 866 871 898 acl
889 864 1112 898 observantiam

408 919 530 962 reyulae
556 918 591 951 S.
616 916 772 949 Benedicti
794 916 855 957 (2).

629 987 843 1019 SUMMARIUM

361 1057 526 1087 Exordium.
544 1073 582 1078 —
599 1055 815 1085 Gonfirmantur
828 1053 967 1092 capitula.
984 1069 1024 1074 —
1039 1052 1112 1082 lllud

401 1102 557 1140 praecipue
576 1100 767 1130 confirmatur
785 1108 820 1128 ne
843 1098 910 1137 quis
934 1096 1027 1126 abbas
1047 1106 1112 1126 mo-

401 1145 513 1175 nachos
525 1144 738 1174 Cistercienses
753 1144 816 1172 sine
827 1142 954 1181 regulari
965 1150 1115 1171 commen-

404 1190 521 1219 datione
538 1189 670 1227 excipiat.
698 1205 737 1210 —
764 1187 871 1217 Solitae
896 1186 1057 1216 clausulae.
1075 1203 1115 1208 —

401 1233 501 1263 Calixti
523 1232 575 1262 ΡΙ).
595 1232 783 1272 subscriptio.

362 1304 486 1333 calixtus
505 1304 645 1339 episcopus
679 1310 772 1331 servus
791 1310 930 1331 servorum
954 1303 1009 1336 Dei,
1029 1303 1114 1330 caris·

408 1354 485 1382 simis
516 1354 544 1381 in
563 1353 669 1382 Christo
702 1353 767 1381 filiis
799 1352 931 1388 Stephano
968 1352 1115 1381 venerabili

409 1403 598 1432 eisterciensis
617 1402 777 1430 monasterii
804 1402 907 1435 abbati.
928 1404 955 1430 et
978 1402 1036 1430 eius
1058 1401 1114 1429 fra·

406 1453 507 1485 tribus,
525 1452 641 1480 satutem
658 1453 685 1480 et
703 1452 879 1487 apostoticam
895 1451 1115 1479 benedictionem.

416 1520 461 1553 Ait
492 1519 550 1553 hoc
574 1519 603 1552 in
628 1518 827 1563 Apostolicae
849 1517 941 1552 Sedis
964 1517 1115 1563 regimen,

366 1568 504 1602 Domino
519 1568 716 1614 disponente,
740 1567 872 1613 promoti
891 1567 1115 1612 conspicimur,

369 1626 403 1651 ut
432 1618 498 1663 ipso
528 1625 701 1663 praestante
729 1616 913 1662 religionem
937 1628 1063 1661 augere,
1087 1627 1117 1649 et

367 1679 448 1714 quae
476 1674 570 1709 recta,
597 1674 690 1712 atque
717 1665 754 1699 ad
779 1666 910 1700 salntem
940 1666 1115 1699 animarum

366 1723 478 1750 statuta
501 1723 585 1755 sunt,
613 1714 709 1749 nostri
738 1714 909 1749 debeamus
935 1714 1117 1748 auctoritate

367 1765 457 1799 ollicii
492 1764 641 1798 stabilire.
681 1764 812 1804 Idcirco,
848 1764 902 1797 tilii
927 1764 956 1797 in
991 1763 1118 1797 Clu-isto

367 1814 532 1857 carissimi,
555 1813 696 1860 petitioni
721 1820 838 1847 restrae
860 1813 987 1847 caritate,
1013 1812 1116 1846 debita

368 1863 567 1909 impertimur
588 1874 764 1905 assensum,
787 1870 816 1896 et
839 1862 982 1907 religioni
999 1870 1118 1896 vestrae

371 1920 500 1959 paterno
522 1911 776 1958 congratulantes
790 1912 915 1951 affectu,
938 1911 994 1945 Dei
1020 1912 1120 1957 operi,

369 1961 453 2008 quod
469 1962 629 2007 coepistis,
652 1973 779 1994 manum
808 1969 931 1995 nostrae
946 1961 1120 1994 conlirma-

372 2011 465 2045 tionis
492 2012 694 2057 apponimus.
723 2009 886 2056 Siquidem
908 2022 1063 2044 consensu
1091 2018 1121 2043 et

371 2060 598 2094 deliberatione
607 2060 766 2093 communi
779 2059 925 2093 abbatum
942 2068 972 2092 et
990 2059 1119 2093 fratrum

371 2109 634 2143 monasteriorum
647 2116 834 2152 vestrorum,
844 2116 870 2142 et
886 2109 1121 2155 episcoporum,

373 2160 404 2192 in
439 2170 574 2205 qnorum
610 2158 765 2204 parochiis
792 2158 902 2191 cadem
936 2158 1121 2191 monasteria

371 2215 585 2246 continentur,
608 2206 760 2253 quaedam
784 2207 822 2241 de
839 2207 1057 2241 observatione
1079 2219 1124 2241 re-

372 2257 466 2303 gulae
483 2256 563 2291 beati
581 2255 755 2297 Benedicti,
769 2256 851 2290 etde
867 2257 935 2291 aliis
953 2256 1122 2297 nonnullis,

410 2330 448 2365 (ί)
470 2331 524 2356 Hoc
537 2329 703 2364 privilegium
716 2330 928 2365 interpolationis
938 2333 964 2356 et.
976 2330 1124 2364 subreptio-

374 2370 413 2396 nis
428 2373 568 2396 accusatur
584 2378 598 2396 a
611 2370 737 2401 Launoio,
755 2370 854 2404 inquis.
877 2370 988 2396 Vindoc.
1009 2378 1067 2404 cap.
1080 2370 1122 2395 28.

375 2409 424 2436 Sed
441 2410 557 2436 auctoris
575 2409 653 2435 huius
675 2409 806 2444 ingenium
824 2417 884 2436 acre
894 2413 920 2435 et
935 2409 967 2435 ad
985 2408 1123 2435 infirman-

376 2449 422 2475 das
438 2449 585 2484 pontificias
603 2451 787 2476 concessiones
808 2450 938 2475 intentum
955 2449 995 2475 cni
1013 2456 1065 2475 non
1079 2457 1125 2475 no-

376 2490 450 2514 tum?
469 2489 606 2515 Nescimus
621 2497 653 2515 an
671 2489 703 2515 illi
724 2489 905 2524 posthabenda
925 2489 959 2515 sit
983 2488 1124 2515 Mabillonii

375 2529 517 2555 auctoritas
536 2529 658 2562 quamvis
685 2528 708 2555 in
735 2536 812 2555 causa
840 2529 945 2563 propria
975 2528 1124 2555 scribentis.

378 2567 416 2603 (Ξ)
432 2568 469 2593 Ex
489 2568 590 2594 Baronii
608 2568 701 2595 Annai.
719 2568 751 2595 ad
771 2576 869 2596 annum
891 2568 964 2595 itit).

949 193 1050 217 Brun&
1058 194 1087 215 R!
1095 193 1138 215 [M
1161 191 1323 214 ROMANUM

1156 258 1236 293 qnae
1251 244 1353 280 ordini
1376 251 1477 279 vestro
1492 251 1521 279 et
1537 243 1608 280 loco
1630 244 1803 279 necessaria
1820 244 1904 279 vide-

1157 296 1281 335 bantur,
1308 294 1442 341 capitula
1467 294 1632 328 statuistis:
1652 306 1731 340 quae
1753 294 1902 330 nimirum

1155 345 1192 379 ail
1222 345 1371 378 maiorem
1401 343 1578 378 monasterii
1597 342 1747 389 quietem,
1774 351 1805 378 et
1828 344 1903 378 reli-

1155 394 1257 440 gionis
1297 392 1545 432 observantiam,
1584 392 1767 426 auctoritate
1809 392 1902 429 Sedis

1155 442 1354 489 Apostolicae
1378 442 1481 489 petitis
1509 441 1699 475 confirmari.
1730 442 1794 476 Nos
1828 455 1903 490 ergo

1155 501 1256 527 vestro
1275 492 1306 526 in
1329 491 1466 526 Domino
1483 490 1634 537 profectui
1654 491 1901 537 congaudentes,

1154 542 1288 589 capitula
1318 542 1367 576 illa
1395 549 1425 576 et
1456 539 1695 574 constitutiones
1720 540 1903 577 auctoritate

1153 591 1323 638 apostolica
1351 590 1584 633 confirmamus,
1607 596 1637 623 et
1658 589 1763 623 omnia
1782 589 1811 623 in
1831 602 1904 635 per-

1155 650 1283 687 petuum
1306 648 1369 675 rata
1386 650 1568 687 permanere
1587 637 1797 673 decernimus.
1821 639 1903 675 Illud

1154 690 1337 724 nominatim
1360 687 1544 724 omnimodo
1560 686 1775 734 prohibentes,
1791 700 1830 723 ne
1846 689 1903 724 ab·

1154 739 1259 774 batum
1282 739 1395 786 aliquis
1418 737 1591 773 monachos
1614 744 1733 772 vestros
1757 738 1826 773 sine
1852 751 1904 773 re-

1153 789 1252 834 gulari
1286 787 1559 823 commendatione
1591 786 1751 833 suscipiat.
1786 786 1904 835 Siqua

1154 838 1248 884 igitur
1280 838 1489 872 ecclesiastica
1512 835 1730 871 vsaecularisve
1769 848 1903 882 persona

1155 895 1278 922 nostrae
1300 886 1542 926 confirmationi,
1564 894 1594 920 et
1618 885 1835 920 constitutioni
1855 898 1904 921 ve-

1153 944 1234 971 strae
1247 937 1420 971 temeritate
1433 935 1536 982 aliqua
1554 934 1678 970 obviare
1690 947 1905 982 praesumpse-

1154 985 1205 1030 rit,
1234 994 1391 1032 tamquam
1415 984 1573 1031 religionis
1599 991 1629 1018 et
1656 984 1771 1030 quietis
1798 997 1905 1020 mona-

1155 1035 1250 1069 sticae
1288 1034 1508 1081 perturbatrix,
1536 1033 1717 1068 auctoritate
1739 1033 1903 1069 beatorum

1155 1084 1240 1118 Petri
1261 1092 1291 1119 et
1306 1083 1408 1127 Pauli,
1420 1091 1451 1118 et
1468 1090 1585 1125 nostra,
1607 1082 1707 1116 donec
1722 1083 1903 1128 satisfaciat,

1155 1133 1492 1168 excommunicationis
1525 1131 1630 1177 gladio
1667 1131 1805 1166 feriatur.
1839 1132 1902 1174 Qui

1157 1195 1228 1218 vero
1261 1190 1462 1217 conservator
1499 1187 1647 1225 extiterit,
1679 1182 1904 1227 omnipotentis

1155 1232 1213 1268 Dei
1246 1240 1275 1267 et
1309 1231 1522 1278 apostolorum
1550 1230 1618 1265 eius
1651 1229 1903 1265 benedictionem

1156 1290 1186 1315 et
1207 1282 1335 1328 gratiam
1364 1286 1586 1326 consequatur.
1602 1279 1823 1313 Interdicimus
1848 1292 1906 1319 an-

1157 1339 1232 1375 tem,
1260 1343 1298 1366 ne
1319 1331 1391 1376 quis
1425 1340 1594 1364 conversos
1615 1328 1712 1363 laicos
1746 1328 1904 1374 professos

1156 1388 1275 1415 vestros
1302 1379 1340 1414 ad
1362 1378 1567 1413 habitandum
1595 1377 1757 1424 suscipiat.

1208 1429 1276 1463 Eoo
1323 1428 1491 1463 Caunos
1535 1427 1706 1461 catholicae
1745 1426 1907 1463 Ecclesiae

1157 1479 1326 1526 episcopus
1353 1476 1535 1511 confirmavi
1557 1483 1587 1510 et
1618 1475 1804 1523 subscripsi.

1207 1528 1320 1562 Datum
1337 1525 1482 1560 Sodoloci
1498 1537 1552 1572 per
1568 1537 1693 1559 manum
1706 1524 1907 1573 Chrysogoni

1157 1585 1281 1612 sanctae
1303 1576 1464 1610 Romanae
1481 1574 1641 1609 Ecclesiae
1656 1574 1778 1608 diaconi
1804 1575 1909 1609 cardi-

1158 1626 1237 1660 nalis
1271 1637 1306 1659 ac
1341 1624 1578 1667 bibliothecarii,
1613 1623 1735 1658 decimo
1762 1623 1910 1659 kalendas

1160 1675 1305 1715 ianuarii,
1329 1673 1498 1708 indictione
1520 1685 1577 1713 xil,
1601 1672 1825 1707 incarnationis
1851 1673 1910 1709 do-

1159 1725 1292 1758 minicae
1314 1723 1480 1757 millesimo
1495 1721 1668 1756 centesimo
1683 1721 1906 1765 decimonono,

1161 1773 1359 1819 pontificatus
1380 1781 1482 1806 autem
1503 1771 1620 1805 domini
1641 1769 1752 1805 Calixti
1776 1772 1908 1807 secundi

1161 1824 1275 1870 Papae,
1303 1834 1385 1856 anno
1406 1822 1517 1868 primo.

1181 1881 1241 1910 Dat.
1265 1880 1311 1909 die
1327 1878 1364 1908 ⁶23
1388 1877 1552 1908 decembris
1576 1886 1652 1907 anno
1670 1876 1785 1906 Domini
1805 1877 1891 1915 1119,

1478 1930 1554 1951 ὓΠΠΟ
1577 1929 1595 1950 Ῑ.

1514 2044 1567 2078 vl.

1166 2122 1366 2167 Confirmatio
1401 2123 1549 2156 bonorum
1589 2121 1750 2156 omnium.
1784 2130 1907 2153 consue-

1212 2176 1351 2204 tudinarii
1387 2180 1412 2204 ct
1443 2172 1557 2204 ιἰινιίιηι
1591 2170 1815 2203 Trenorcicnsis
1852 2179 1915 2200 mo-

1213 2222 1340 2254 nasterii
1366 2222 1422 2263 (2).

1435 2282 1649 2314 SUMMARIUM

1165 2342 1331 2372 Exordium.
1353 2358 1393 2363 —-
1414 2340 1491 2370 Bona
1521 2341 1618 2370 onmia
1651 2338 1915 2369 Trenorciensibus

1205 2387 1358 2416 monachis
1371 2386 1638 2415 conlirmantnr.--
1648 2384 1800 2414 Decretum
1815 2383 1915 2411 omni-

1206 2431 1309 2460 modae
1328 2430 1471 2460 libertatis
1491 2440 1505 2459 a
1525 2431 1739 2468 cuiuscumque
1767 2436 1912 2466 personae

1201 2488 1240 2522 (1)
1252 2488 1289 2514 Ex
1300 2486 1420 2514 Chiffletii
1432 2486 1546 2513 Historia
1557 2484 1749 2511 Trenorciensi.
1759 2498 1794 2502 -
1807 2483 1837 2508 D.
1849 2482 1917 2508 Coc-

1166 2528 1285 2560 quetmes
1297 2529 1370 2561 putat
1387 2525 1525 2560 legendum
1541 2532 1613 2552 esse:
1626 2525 1754 2550 Ecclesiae
1765 2524 1791 2550 S.
1810 2523 1917 2548 Ioannis

1168 2568 1345 2599 Eionflvlisloe
1365 2566 1529 2591 Bisimunae.

1928 197 1978 224 An.
1998 197 2025 225 C.
2045 197 2110 226 titt)

1972 467 2024 488 Illud
2052 473 2115 492 prae-

1930 493 1992 519 cipue
2007 493 2116 514 confirma·

1931 522 1969 545 tur,
1980 526 2006 540 ne
2021 521 2069 547 quis
2079 520 2116 541 ab·

1930 547 1969 567 lias
1999 547 2115 568 monachos

1931 572 2081 594 Cistercienses
2090 575 2118 595 si-

1931 606 1956 620 ne
1963 601 2053 625 regulari
2061 606 2117 621 corn-

1931 627 2066 648 mendatione
2081 633 2115 648 ex-

1932 652 2003 679 eipiat.

1961 813 2042 835 solitae
2062 814 2119 835 clau·

1935 841 2000 861 sulae.

1982 1437 2058 1458 Catixti
2086 1437 2125 1458 PP.

1941 1464 2078 1491 subscriptio.
