2180 3205
786 175 987 203 PRAEFATIO
1626 173 1685 201 xxt

89 234 202 272 tinum
229 247 425 273 sermonem
453 236 580 273 servari
607 236 759 272 studiose
786 234 997 271 curavissent
1018 238 1179 280 parentes
1200 232 1234 268 hi
1256 231 1413 268 catholici
1443 231 1618 267 nominis?
1644 232 1684 266 (¹).

89 294 186 336 Quod
214 295 334 342 quanti
362 295 528 331 momenti
558 295 669 337 l'ucrit,
699 300 767 330 tam
795 293 835 329 ad
867 292 1096 338 integritatem
1125 291 1303 326 doctrinae
1331 289 1553 333 servandam,
1581 301 1685 337 quam

88 352 131 388 ad
159 353 383 388 humanitatis
411 359 500 389 artes
528 353 694 396 tuendas,
722 352 743 386 ii
772 350 1042 393 existimabunt,
1070 349 1126 396 qui
1160 348 1398 395 turpissimum
1439 353 1562 395 putant
1598 347 1684 394 poli-

88 410 191 447 tiores
219 417 319 454 artes,
348 417 484 447 nostrae
512 423 590 447 cum
618 411 697 453 sint,
725 408 859 455 ignavia
885 413 918 444 et
945 406 1102 443 socordia
1129 406 1293 442 Italorum
1322 406 1394 442 lieri
1423 406 1570 442 alienas:
1598 417 1685 452 quae

87 479 191 516 quam
219 469 286 504 late
314 475 453 516 pateant
482 469 628 504 breviter
657 467 843 502 videamus.

134 525 279 562 Saeculo
307 537 392 562 xx'111
421 532 590 570 exeunte,
618 525 759 573 quidam
787 524 821 559 in
849 523 958 558 Gallia
986 521 1238 570 pseudosophi,
1266 527 1387 557 tenues
1402 521 1597 564 homines,
1625 521 1684 556 sed

86 590 298 631 arrogantes,
320 584 488 632 imperiti,
510 582 760 631 loquacissimi,
780 582 882 617 veluti
911 581 1130 616 teterrimaae
1158 574 1293 615 belluae
1321 579 1452 614 solutae
1480 579 1622 622 catenis,
1651 579 1683 614 in

89 641 165 678 lesu
193 641 317 678 Christi
358 642 546 678 Ecclesiam
586 641 843 688 irrumpentes,
871 639 1067 675 babelicum
1099 650 1186 685 opus
1214 638 1248 672 in
1277 637 1350 672 eius
1377 637 1513 672 ruinam
1542 637 1684 672 evehere

89 700 236 747 aggressi
263 706 353 735 sunt.
382 701 454 741 Quo
482 700 517 734 in
546 698 699 746 negotio,
726 709 783 733 xvi
811 697 939 733 saeculi
980 696 1161 732 haereticis
1201 695 1265 731 sibi
1301 695 1343 731 ad
1370 695 1577 730 i1·nitandum
1606 707 1684 742 pro-

88 758 218 806 positis,
246 758 429 794 vernaculo
459 763 592 793 tantum
621 757 795 799 idiomate,
815 755 955 802 reliquis
977 753 1192 802 posthabitis,
1220 753 1390 789 utendum
1416 759 1486 788 tani
1514 752 1548 787 in
1569 753 1685 795 sacris,

88 827 192 863 quam
208 816 242 851 in
259 815 411 864 profanis
426 815 528 851 rebus
544 826 618 850 esse
633 814 803 851 dixerunt.
820 813 947 849 Verum
968 824 1075 860 quum
1095 811 1143 847 illi
1163 811 1346 852 vernacula
1365 810 1530 847 vocabula
1550 815 1684 845 tantum

89 873 123 909 in
151 885 247 910 sacra
272 873 407 920 liturgia
441 873 598 909 adhiberi
634 872 781 915 vellent,
809 870 1108 907 Dalambertianae
1136 869 1423 917 encyelopaediae
1450 868 1686 916 scriptoribus,

87 930 242 968 Voltairii
270 932 466 967 insufflante
495 932 676 975 daemone,
696 930 785 966 ultra
806 929 964 978 progredi
993 928 1102 964 visum
1123 933 1184 971 est,
1205 927 1335 974 graecis
1359 927 1542 973 latinisque
1564 926 1685 961 litteris

65 989 274 1033 ,valedict0,
301 990 505 1038 scriptisque
546 995 748 1025 novatorum
788 987 889 1023 unice
917 987 959 1022 ad
987 986 1198 1022 studendum
1227 985 1421 1033 propositis.
1451 984 1563 1020 Semel
1592 984 1684 1019 enim

89 1047 148 1095 (ita
176 1047 254 1095 ipsi)
282 1047 593 1084 ecclesiasticarum
623 1046 847 1082 traditionum
887 1045 1034 1092 abrupta
1073 1043 1183 1087 serie,
1212 1048 1245 1079 et
1285 1043 1327 1078 ab
1367 1043 1518 1090 antiquis
1560 1053 1685 1089 magno

89 1105 266 1142 intervallo
288 1106 527 1154 praesentibus
554 1104 744 1148 seiunctis,
772 1115 921 1151 pronum
956 1104 1015 1138 fiet
1042 1102 1171 1138 sensim
1199 1101 1313 1149 priora
1339 1100 1504 1144 oblivisci,
1533 1112 1572 1135 ao
1599 1112 1685 1136 nova

89 1163 227 1211 placita,
253 1163 365 1200 obsita
392 1163 532 1211 quidem
561 1163 670 1198 multa
697 1162 866 1204 barbaric,
894 1161 1055 1197 obvoluta
1088 1165 1292 1208 paupertate
1327 1158 1520 1194 incredibili
1556 1158 1683 1194 oratio-

91 1220 156 1264 nis,
183 1220 322 1256 interim
350 1221 539 1257 catholicac
577 1220 752 1256 doctrinae
785 1219 950 1262 inimica,
979 1218 1165 1253 renditare.
1194 1217 1276 1259 Quis
1304 1216 1396 1252 enim
1436 1227 1578 1263 graecae
1606 1216 1684 1251 lati-

90 1289 224 1326 naeque
250 1278 387 1325 linguae
416 1279 552 1325 ignarus
580 1289 693 1314 sacros
721 1277 855 1313 codices
884 1282 916 1312 et.
942 1277 1062 1312 Patres
1087 1275 1261 1311 Ecclesiae
1288 1274 1449 1322 perleget,
1469 1285 1588 1321 graece
1608 1274 1684 1309 lati-

90 1347 203 1383 neque
223 1336 410 1371 exaratos‘?
437 1336 518 1376 Quis
546 1347 615 1371 non
644 1335 823 1382 perlegens
851 1335 955 1369 fidem
983 1333 1112 1369 nutriet
1145 1344 1267 1380 puram
1303 1331 1493 1375 erroribus,
1522 1331 1682 1379 pietatem

89 1392 213 1429 fovebit
240 1393 274 1428 in
302 1394 363 1429 se‘?
391 1393 474 1428 Fide
516 1398 680 1428 temerata
713 1404 752 1428 ac
779 1392 904 1439 pietate
941 1396 1187 1433 evanescente,
1215 1402 1282 1437 quo
1319 1401 1387 1425 non
1416 1401 1516 1425 ruere
1542 1389 1684 1425 licebit?

136 1450 310 1487 Arcanum
337 1451 592 1498 scelestumque
619 1450 802 1499 consilium
831 1449 979 1485 Romani
1006 1449 1192 1484 Pontifices
1212 1454 1421 1488 retexerunt,
1442 1459 1553 1494 neque
1574 1447 1684 1482 hilum

88 1508 131 1545 ab
157 1520 208 1553 ca,
235 1520 339 1556 quam
367 1508 409 1544 ab
436 1508 607 1556 Apostolis
635 1519 811 1555 accepere,
839 1507 996 1542 doctrina
1022 1506 1266 1549 desciscentes,
1288 1517 1356 1541 non
1379 1505 1481 1541 modo
1503 1510 1579 1540 acta
1598 1505 1684 1540 San-

87 1571 161 1603 ctae
189 1566 298 1610 Sedis,
325 1566 551 1602 conciliorum
578 1566 726 1609 decreta,
754 1565 907 1601 osticium
928 1564 1094 1608 divinum,
1115 1575 1250 1600 sacram
1278 1563 1451 1610 liturgiam
1480 1569 1683 1610 caeteraque

87 1624 205 1660 omnia
231 1625 273 1660 ad
300 1624 360 1660 Dei
389 1624 520 1660 cultum
548 1623 774 1671 pertinentia,
801 1623 908 1658 latino
936 1633 1096 1657 sermone
1133 1622 1224 1657 inter
1250 1621 1374 1657 latinos
1391 1650 1399 1665 ,
1427 1621 1517 1657 inter
1543 1632 1683 1668 graecos

85 1693 207 1729 graeco
234 1682 349 1730 peragi
376 1682 562 1725 iusserunt,
590 1688 627 1717 ut
653 1681 696 1717 ab
724 1681 818 1717 omni
847 1681 1052 1728 antiquitate
1081 1686 1262 1727 acceptum
1291 1680 1416 1723 suerat;
1436 1691 1554 1715 verum
1581 1679 1684 1714 etiam

85 1739 120 1775 in
148 1739 335 1776 academiis
362 1745 395 1776 et
420 1739 614 1776 studiorum
649 1739 835 1787 gymnasiis
869 1739 1028 1774 homines
1062 1738 1287 1784 adlegerunt,
1315 1737 1374 1784 qui
1402 1737 1567 1772 idiomata
1594 1737 1685 1771 varia

85 1797 260 1841 callentes,
288 1798 451 1834 docerent
477 1798 628 1845 optimae
655 1797 728 1845 spei
764 1797 1024 1839 adolescentes,
1053 1795 1247 1831 difficiliora
1275 1807 1433 1842 quaeque
1461 1800 1684 1842 exponerent,

85 1855 289 1892 lautioribus
322 1855 504 1903 stipendiis
543 1855 714 1898 decretis,
742 1854 890 1902 profusis
931 1854 1053 1890 merito
1093 1853 1294 1889 honoribus.
1323 1853 1428 1888 Cuius
1467 1852 1608 1899 quidem
1636 1852 1684 1887 rei

85 1913 218 1949 illustre
243 1913 481 1949 testimonium
510 1914 605 1949 suere
625 1913 676 1960 (ut
697 1918 850 1948 caeteros
870 1911 1007 1948 silentio
1035 1912 1307 1959 praetereamus)
1328 1911 1397 1946 duo
1418 1910 1685 1946 eminentissimi

85 1970 118 2007 S.
146 1971 186 2007 R.
215 1971 252 2007 E.
280 1971 492 2015 Cardinales,
512 1983 597 2019 quos
626 1982 788 2019 praesens
810 1976 903 2006 aetas
923 1969 1091 2005 demirata
1111 1975 1172 2013 est,
1192 1969 1401 2017 posterique,
1421 1968 1473 2003 vix
1493 1969 1685 2012 credentes,

85 2028 362 2073 demirabuntur,
398 2029 464 2065 Mai
502 2035 534 2065 et
560 2029 785 2069 Mezzosanti,
823 2040 972 2076 quorum
1010 2034 1157 2064 mortem
1190 2028 1294 2063 deflet
1320 2026 1502 2074 sapientia,
1530 2038 1685 2073 quosque

86 2087 299 2123 immortales
320 2087 453 2123 futuros
468 2087 661 2134 optavisset.
683 2085 754 2130 Ille,
770 2086 813 2121 ad
834 2086 1042 2122 miraculum
1063 2086 1195 2128 doctus,
1216 2084 1367 2132 plurima
1386 2084 1571 2119 vetustiora
1591 2095 1686 2130 grae-

86 2156 206 2181 carum
245 2150 278 2181 et
311 2145 498 2180 latinarum
538 2144 730 2180 litterarum
770 2143 987 2179 monimenta
1021 2142 1149 2190 ubique
1177 2154 1217 2178 ex
1244 2142 1423 2178 tabulariis
1458 2141 1569 2184 eruit,
1597 2151 1685 2187 quae

86 2202 229 2255 periisse
257 2202 513 2238 arbitrabantur
539 2202 729 2250 sapientes:
759 2202 826 2244 hic,
847 2212 932 2236 novo
960 2201 1029 2236 sere
1057 2200 1283 2247 inauditoque
1310 2199 1479 2247 exemplo,
1499 2199 1685 2234 innumera

87 2271 234 2296 noscens
260 2260 364 2296 totius
392 2260 483 2296 orbis
511 2259 688 2303 idiomata,
709 2258 907 2307 ephebeum
935 2258 1018 2294 illud
1038 2257 1170 2293 mundo
1191 2257 1400 2304 percelebre,
1415 2257 1505 2304 quod
1526 2257 1575 2292 De
1593 2257 1683 2292 Pro-

85 2317 246 2366 payanda
271 2317 360 2354 Fide
387 2317 522 2361 dicitur,
543 2317 789 2353 administrans
810 2316 891 2364 (quo
920 2327 959 2351 ex
987 2321 1137 2362 quatuor
1163 2314 1272 2350 ventis
1299 2314 1433 2350 alumni
1461 2313 1684 2356 conveniunt,

86 2375 216 2412 mirum
242 2376 349 2426 dictu!
377 2375 413 2411 in
440 2376 574 2411 unitate
601 2374 771 2410 sermonis
798 2373 972 2410 Ecclesiae
999 2372 1126 2408 latinae
1154 2372 1233 2408 fidei
1262 2372 1430 2408 unitatem
1452 2371 1683 2419 adquisituri),

87 2444 170 2470 cura
188 2439 222 2469 et
240 2433 366 2478 studio,
388 2433 487 2469 dictis
508 2439 610 2480 atque
631 2432 799 2480 exemplis
820 2431 964 2467 mirifice
986 2430 1091 2474 auxit,
1112 2429 1303 2473 illustravit,
1324 2429 1492 2466 innovans
1513 2429 1683 2477 quodam-

123 2589 159 2625 (t)
179 2589 246 2617 Vide
268 2590 396 2625 opellam,
413 2589 455 2617 cui
472 2589 578 2617 titulus:
603 2590 718 2617 Titomss
738 2588 888 2615 VALLAL'ml
915 2589 953 2615 Dc
978 2587 1080 2615 latinis
1102 2587 1279 2614 christianae
1306 2586 1463 2621 sapientiae
1486 2586 1684 2620 Scriptoribus

89 2634 210 2668 Oratio,
234 2635 334 2662 habita
354 2635 458 2662 studiis
482 2635 537 2662 rite
560 2633 749 2668 auspicandis
775 2634 805 2659 in
830 2632 978 2660 auditorio
1002 2632 1130 2659 maximo
1161 2631 1196 2658 R.
1217 2631 1453 2665 Archiyymnasii
1483 2630 1681 2664 Taurinensis,

87 2685 116 2706 ιιι
130 2687 201 2717 nom
213 2680 367 2715 novembr„
383 2687 432 2707 an.
449 2685 576 2706 unccctv.
594 2680 733 2714 Augustae
747 2677 938 2711 Taurinorum,
956 2685 988 2704 ex
1004 2676 1113 2704 officina
1129 2676 1213 2711 regia,
1231 2684 1274 2703 an.
1291 2681 1464 2702 M.1)ccc.1„v.

1745 1442 1913 1466 Novatoribus

1700 1473 1847 1497 restiterunt
1862 1474 1913 1497 Ro-

1700 1504 1907 1529 maniPOntifices
