2180 3205
48 248 97 277 Aa.
109 248 138 276 C.
159 247 225 275 tttm

242 299 303 335 sub
330 298 365 333 B.
389 299 473 334 Petri
495 306 525 334 et
552 305 654 334 nostra
680 297 874 345 protectione
896 298 991 332 susci·

242 348 365 396 pimus,
403 357 431 383 ct
468 349 640 396 praesentis
672 348 779 394 scripti
818 346 992 393 patrocini-0

61 405 108 428 uma
123 411 150 426 uu
169 405 227 440 ¹fines
241 398 486 432 communimus.
510 398 606 443 Igitur
634 396 910 444 praedecessorum
935 408 991 429 no-

46 434 390 493 ἰ”,ξᾯωῖζῗᾷᾎξεῑνοτιιηῃ
418 446 548 492 Pelagii,
577 445 764 489 Alexandri,
793 445 931 482 Urbani,
962 452 992 478 et

46 498 169 550 ''fffiflffium
195 495 416 549 gi-tnnocentii
449 495 665 530 aut-toritatem
701 502 880 541 sequentes,
909 493 991 527 illius

47 534 229 587 Riilssfpassi'ilgii
244 545 413 592 praecipue
443 544 677 579 constitutionis
700 552 840 577 tenorem
863 555 991 576 servan-

46 590 227 642 ‘'mffissssssffissu'
243 601 307 636 tes,
341 606 434 640 quam
471 594 693 639 praedecessor
722 599 826 626 noster
859 591 924 625 Leo
947 591 990 625 lx

47 630 157 677 culmem,
183 654 228 672 ratu
243 642 326 689 Papa
349 643 490 686 sancivit,
512 650 542 676 et
563 641 702 688 synodali
724 640 854 681 iudicio,
883 648 911 673 et
935 641 990 686 pri-

47 682 122 720 ¹¹9¹³⁰¹³
242 691 346 738 vilegii
376 691 487 737 pagina
526 690 733 733 coulirmavit,
773 689 827 723 tibi
866 689 991 734 tuisque

242 740 500 783 successoribus,
549 739 700 773 canonice
739 737 990 782 substituendis,

243 789 480 836 patriarchalem
508 788 715 823 concedimus
741 787 939 831 dignitatem,
961 795 991 821 et

243 838 454 884 magisterium
482 837 656 872 Gradcusis
683 836 855 879 Ecclesiae,
885 848 991 881 geren-

241 887 316 922 dum
346 887 376 921 in
405 886 452 921 bis
470 894 588 921 tantum
619 885 734 919 linibus
755 886 990 925 confirmamus,

241 935 294 983 qui
315 948 368 982 per
382 935 580 982 supradictos
597 934 853 980 praedecessores
868 941 992 968 nostros

241 984 344 1020 eidem
389 992 563 1019 noscuntur
612 983 774 1017 Ecclesiae
817 983 989 1017 constituti.

241 1033 376 1068 Crucem
410 1045 536 1080 quoque
567 1040 639 1067 ante
667 1041 694 1066 te
731 1032 890 1066 serendam
923 1044 991 1066 esse

241 1082 457 1121 concedimus,
484 1082 543 1116 nisi
571 1093 643 1116 cum
666 1081 787 1115 Romae
809 1081 914 1118 fueris,
939 1089 991 1114 aut

242 1132 273 1166 in
297 1131 471 1177 praesentia
494 1131 541 1165 vel
563 1131 712 1166 comitatu
737 1129 870 1164 Romani
899 1130 991 1164 Pon-

244 1180 351 1214 tificis:
394 1180 520 1227 pallium
559 1180 652 1214 etiam
688 1179 870 1213 fraternitati
903 1187 990 1219 tuae,

201 1232 206 1237 '
242 1228 469 1276 plenitudinem
498 1228 641 1263 videlicet
670 1228 858 1274 pontificalis
879 1227 990 1267 oflicii,

242 1289 280 1312 ex
297 1278 496 1324 Apostolicae
515 1277 606 1312 Sedis
624 1277 808 1311 liberalitate
831 1276 991 1321 largimur,

242 1339 306 1373 quo
329 1328 408 1361 intra
442 1326 616 1361 Ecclesiam
652 1335 735 1360 tuam
760 1325 796 1359 ad
825 1326 989 1360 missarum

242 1376 394 1410 solemnia
418 1376 460 1409 uti
476 1375 656 1410 memineris
671 1375 715 1409 eis
730 1374 853 1418 diebus,
876 1374 991 1421 quibus

205 1444 211 1450 ·
243 1424 500 1470 praedecessores
521 1432 592 1459 tuos
620 1436 693 1458 usas
717 1423 811 1458 fuisse
834 1435 894 1458 nou
923 1436 991 1457 am-

242 1473 400 1519 bigimus,
444 1473 536 1508 videl.
573 1474 602 1507 iu
641 1472 807 1507 Nativitate
841 1472 990 1515 Domini,

243 1521 435 1569 Epiphania,
453 1522 643 1569 Ypopanton
666 1525 720 1565 (l),
748 1520 848 1556 tribus
870 1521 991 1556 festivi-

242 1570 358 1606 tatibus
379 1570 412 1606 S.
441 1571 567 1612 Mariae‚
604 1571 709 1606 Coena
733 1570 875 1609 Domini,
910 1569 992 1604 Sab-

243 1619 315 1655 bato
326 1619 453 1660 Sancto,
464 1620 707 1655 Resurrectione
721 1619 861 1658 Domini,
876 1619 993 1654 Ascen—

242 1668 342 1712 sione,
365 1668 568 1710 Pentecoste,
593 1669 624 1704 in
648 1668 787 1704 natalitio
808 1668 842 1703 S.
865 1668 992 1703 Ioannis

243 1717 422 1764 Baptistae,
455 1726 486 1753 et
521 1719 662 1753 omnium
698 1718 933 1763 apostolorum,
960 1717 990 1751 in

243 1766 463 1802 festivitatibus
489 1779 615 1814 quoque
645 1767 679 1802 S.
714 1767 828 1807 Marci,
859 1766 892 1801 S.
918 1778 992 1812 pro-

243 1815 444 1863 thomartyris
467 1815 619 1863 Sepbani,
642 1816 676 1850 S.
693 1816 865 1855 Laurentii,
884 1815 991 1849 Sancti

242 1863 380 1905 Martini,
402 1865 432 1899 in
456 1865 654 1900 solemnitate
677 1865 829 1900 Omnium
855 1864 991 1899 Sancto-

244 1925 325 1954 rum,
340 1921 370 1948 et
392 1914 618 1961 principalibus
632 1914 794 1949 Ecclesiae
809 1922 878 1948 tuae
894 1913 991 1953 sestis,

244 1974 368 2002 necnon
395 1963 426 1997 in
448 1963 663 2005 ecelesiarum,
695 1963 928 2009 episcoporum,
963 1970 992 1996 et

243 2018 438 2047 caeterorum
466 2012 653 2047 clericorum
684 2011 992 2054 consecrationibus,

244 2068 275 2095 et
304 2061 517 2096 anniversario
551 2061 795 2097 consecrationis
828 2069 897 2095 tuae
930 2060 994 2094 die,

66 2115 120 2152 Bona,
133 2121 216 2152 quaque
244 2108 420 2144 Statuimus
443 2111 550 2153 etiam,
577 2119 610 2145 ut
643 2122 864 2157 quaecumque
900 2109 992 2153 bona,

65 2147 218 2204 offlgmelinagm
244 2170 462 2206 quascumque
492 2159 706 2204 possessiones
731 2158 904 2194 Gradensis
929 2158 994 2192 Ec-

245 2208 338 2242 clesia
361 2208 653 2254 impraesentiarum
677 2208 757 2242 iuste
779 2216 810 2242 et
839 2207 993 2242 canonice

245 2256 395 2303 possidet,
417 2265 469 2291 aut
492 2258 522 2290 in
546 2257 685 2291 futurum
710 2257 799 2291 iustis
818 2256 920 2290 modis
935 2267 994 2302 po-

245 2306 317 2351 terit
344 2305 489 2352 adipisci.
518 2305 605 2340 firma
635 2305 688 2339 tibi
717 2307 840 2351 tuisque
863 2317 991 2339 succes-

68 2364 218 2402 Aeprqeeipuo
246 2353 369 2389 soribus
396 2362 427 2389 et
453 2354 567 2389 illibata
595 2362 809 2401 permaneant.
837 2353 994 2388 Redditus

54 2394 362 2452 322201⁴5⁴J¹},⁸,²‘¹1¹1';Zautem‚
384 2404 438 2449 qui
461 2403 526 2438 sive
552 2403 583 2437 in
611 2402 896 2449 Constantinopoli,
930 2403 994 2437 sive

55 2457 106 2507 ¹⁴25?
124 2455 233 2507 ftym-
248 2452 278 2486 in
302 2452 429 2492 Histria,
457 2464 511 2486 seu
537 2452 568 2486 in
597 2451 740 2496 Venetia,
764 2451 801 2485 ab
824 2452 994 2498 episcopis,

84 2488 215 2545 ’ξωξῗᾶῗῖο
246 2500 424 2542 abbatibus,
446 2501 591 2541 ducibus,
616 2501 791 2541 iudicibus,
819 2508 848 2534 et
878 2502 995 2546 populo

246 2549 409 2590 Venetiae,
442 2549 738 2597 praedecessoribus
771 2550 850 2593 tuis,
884 2549 996 2584 Domi-

282 2610 322 2647 (l)
334 2611 399 2638 Vide
417 2611 540 2647 superius
559 2619 617 2647 pag.
638 2612 695 2638 157.
718 2611 754 2646 (a⁴
773 2611 812 2646 τ.)

897 243 1008 266 Lucius
1032 244 1052 266 ΙΙ
1078 244 1124 266 ΙἸ).

1668 237 1728 267 tat

1035 297 1104 331 nico
1129 297 1219 330 videl.
1248 305 1279 332 et
1305 297 1413 331 Ioanni
1437 297 1629 339 Gradonieo,
1655 312 1783 333 eorum-

1033 358 1093 393 que
1115 347 1364 386 suecessoribus,
1387 356 1415 380 ct
1443 347 1599 382 Gradcusi
1624 348 1783 384 Ecclesiae

1034 396 1113 429 iusto
1140 408 1318 433 concessos,
1341 397 1421 429 sieut
1449 409 1556 430 (uirum
1574 397 1697 443 scriptis
1713 410 1784 432 con-

1034 444 1187 487 tincptur:
1233 445 1381 477 ccclesias
1413 458 1550 490 quoque,
1582 458 1596 480 a
1631 447 1784 493 religiosis

1035 493 1106 527 viris
1127 493 1227 526 eidem
1245 493 1404 527 Ecclesiae
1418 494 1554 528 Graden.
1578 495 1707 535 oblatas,
1729 510 1783 542 per

1035 542 1197 588 parocliias
1219 542 1360 575 eiusdem
1385 543 1562 588 proxinciae
1585 545 1782 586 constitutas,

1032 603 1102 625 cum
1125 591 1284 631 omuibus,
1319 603 1398 637 quae
1430 592 1458 625 iu
1490 592 1607 626 eisdem
1633 593 1782 629 Ecclesiis

1034 640 1086 686 tui}
1119 640 1196 673 iuris
1236 652 1305 673 esse
1343 649 1534 685 noscuntur,
1568 642 1621 675 tibi
1658 644 1781 690 tuisque

1033 688 1269 723 successoribus
1287 688 1383 723 libere
1398 690 1631 724 contii-mamas.
1655 692 1780 733 Quanto

1034 738 1147 784 itaque,
1175 737 1288 772 dilecte
1311 739 1339 771 in
1374 738 1501 773 Christo
1527 740 1635 781 frater,
1672 742 1778 776 maiori

1034 787 1244 832 praerogativa
1286 788 1425 821 nosceris
1459 788 1666 829 sublimatus,
1694 797 1779 825 tanto

1034 836 1220 882 propensius
1249 835 1302 869 tibi
1328 837 1449 869 noveris
1473 837 1713 879 attendendum,
1749 849 1780 874 ut

1035 886 1062 918 in
1087 885 1282 930 corrigendis
1304 885 1438 919 subditis
1457 886 1525 931 plus
1541 899 1600 932 :ipu
1616 887 1621 919 l
1640 896 1667 921 te
1683 890 1782 933 possit

1034 934 1121 974 ratio,
1144 946 1237 980 quatu
1264 942 1417 980 potestas:
1446 943 1538 981 atque
1562 943 1590 969 te
1614 936 1686 970 boui
1707 938 1782 972 dul-

1033 995 1113 1026 cem,
1140 991 1170 1016 et
1193 983 1263 1016 mali
1288 983 1373 1029 pium
1401 984 1534 1017 scuti-aut
1561 994 1782 1022 correctorem:

1034 1044 1183 1078 personas
1210 1031 1338 1077 diligas,
1361 1032 1432 1066 vitia
1461 1035 1673 1080 persequaris:
1696 1048 1734 1070 nc
1756 1037 1781 1070 si

1032 1081 1121 1115 aliter
1136 1093 1228 1126 agere
1243 1080 1320 1115 sorte
1340 1081 1485 1125 volueris,
1506 1090 1641 1117 transeat
1663 1084 1693 1118 in
1709 1097 1783 1119 cru·

1033 1129 1190 1164 delitatem
1213 1129 1377 1169 eorrectio,
1400 1138 1429 1165 et
1457 1132 1567 1176 perdas
1586 1145 1666 1178 quos
1680 1145 1782 1168 emen·

1034 1179 1107 1213 dare
1135 1178 1314 1219 desideras,
1341 1179 1450 1225 sicque
1473 1181 1585 1214 vulnus
1604 1182 1700 1217 debes
1726 1183 1783 1217 ab·

1032 1227 1188 1267 scindere,
1220 1235 1253 1261 ut
1287 1240 1348 1261 uon
1380 1229 1479 1275 possis
1509 1229 1663 1274 ulcerare,
1697 1232 1781 1277 quod

1033 1289 1144 1310 sanum
1172 1285 1236 1316 est,
1264 1289 1301 1310 ne
1329 1277 1354 1310 si
1380 1277 1449 1323 plus
1476 1291 1569 1325 quain
1598 1292 1646 1314 res
1668 1281 1781 1326 exigit,

1034 1325 1148 1360 ferrum
1173 1326 1382 1372 impresseriS,
1411 1335 1521 1361 noceat
1548 1328 1596 1361 cui
1632 1330 1780 1375 prodesse

1034 1374 1178 1416 lestinas3
1202 1382 1230 1408 et
1252 1375 1295 1409 sic
1318 1375 1450 1409 alterum
1478 1376 1644 1411 condiatur
1670 1390 1707 1412 ex
1736 1379 1782 1412 al-

1033 1431 1109 1463 tero,
1145 1432 1301 1470 quatenus
1323 1431 1352 1457 et
1384 1424 1457 1458 boni
1490 1426 1625 1460 babeant
1646 1428 1781 1462 amando

1033 1472 1114 1519 quod
1147 1480 1294 1513 caveant,
1330 1480 1361 1507 et
1394 1473 1464 1507 mali
1493 1475 1663 1510 metuendo
1696 1477 1780 1523 quod

1033 1521 1174 1567 diligant.
1203 1521 1412 1556 Deeernimus
1434 1535 1526 1568 ergo,
1559 1533 1589 1557 ut
1613 1525 1689 1559 nulli
1712 1537 1782 1560 om-

1034 1571 1107 1604 nino
1124 1570 1288 1605 bominum
1303 1571 1346 1604 sas
1360 1572 1399 1605 sit
1419 1572 1586 1617 praefatam
1607 1573 1781 1609 Ecclesiam

1034 1628 1149 1654 temere
1173 1619 1371 1665 perturbare,
1400 1628 1451 1654 aut
1476 1622 1544 1656 eius
1567 1623 1782 1668 possessiones

1033 1681 1086 1703 seu
1112 1668 1251 1703 redditus
1273 1669 1406 1710 auferre,
1430 1670 1583 1714 minuere,
1606 1681 1655 1705 aut
1677 1672 1781 1719 aliqui-

1035 1718 1091 1752 bus
1127 1718 1346 1753 vexationibus
1374 1731 1429 1752 seu
1457 1719 1708 1755 infestationibus
1737 1723 1782 1756 l'a-

1035 1767 1147 1813 ligate,
1179 1767 1233 1800 sed
1263 1768 1367 1801 omnia
1391 1768 1510 1813 integra
1537 1780 1781 1812 conserventur,

1033 1828 1155 1855 eorum,
1178 1828 1235 1862 pro
1257 1828 1390 1862 quorum
1414 1817 1642 1862 gubernatione
1664 1828 1692 1854 et
1711 1820 1783 1853 sub-

1033 1865 1219 1899 stentatione
1250 1877 1398 1899 concessa
1423 1875 1512 1908 suut,
1542 1867 1652 1902 usibus
1679 1870 1782 1902 ouini-

1034 1914 1136 1948 modis
1165 1914 1340 1960 profutura;
1360 1915 1443 1949 salva
1467 1915 1615 1950 nimirum
1636 1918 1666 1951 in
1681 1918 1783 1951 omui-

1035 1963 1092 1996 bus
1116 1962 1315 2009 Apostolicae
1341 1963 1435 1998 Sedis
1457 1965 1648 2000 auctoritate.
1673 1967 1705 2001 δί
1722 1979 1783 2013 qua

1035 2013 1128 2058 igitur
1142 2012 1171 2045 in
1188 2012 1327 2046 futurum
1346 2013 1558 2047 ecclesiastica
1574 2015 1782 2050 saecularisve

1037 2072 1187 2106 persona,
1213 2061 1293 2095 banc
1317 2069 1440 2096 nostrae
1467 2063 1702 2098 constitutionis
1728 2077 1783 2111 pa-

1034 2122 1139 2155 ginam
1163 2122 1276 2154 sciens,
1307 2118 1413 2144 eontra
1442 2123 1510 2145 eam
1539 2120 1655 2146 temere
1679 2114 1784 2148 venire

1036 2159 1220 2198 tentaverit,
1248 2159 1387 2193 seeundo
1414 2160 1541 2194 tertiove
1576 2163 1782 2204 commonita,

1035 2208 1058 2241 si
1086 2220 1146 2241 nou
1167 2208 1376 2242 satisfactione
1398 2220 1536 2254 congrua
1559 2211 1782 2252 emendaverit,

1037 2257 1196 2302 potestatis
1215 2257 1408 2303 honorisque
1430 2259 1476 2291 sui
1496 2267 1597 2293 eareat
1619 2260 1782 2305 dignitate.

1036 2317 1117 2339 ream
1167 2318 1183 2340 e
1218 2318 1251 2340 se
1287 2305 1394 2340 divino
1429 2307 1546 2341 iudicio
1578 2308 1710 2343 existere
1744 2310 1783 2344 de

1037 2318 1207 2400 perpdffata
1235 2355 1399 2401 iniquitate
1421 2365 1602 2401 cognoscat,
1629 2365 1659 2392 ct
1684 2370 1700 2392 a
1732 2371 1784 2392 sa-

1032 2403 1209 2437 cratissimo
1238 2403 1379 2449 Corpore
1406 2416 1440 2438 ac
1471 2404 1632 2451 Sanguine
1661 2406 1718 2440 Dei
1753 2416 1784 2442 et

1036 2452 1161 2486 Domini
1190 2452 1413 2499 Redemptoris
1445 2455 1541 2488 nostri
1568 2455 1636 2490 Iesu
1665 2456 1783 2491 Christi

1036 2501 1136 2534 aliena
1177 2501 1239 2539 liat,
1274 2511 1368 2548 atque,
1406 2502 1435 2536 in
1469 2513 1610 2538 extremo
1638 2507 1784 2541 examine

1037 2550 1194 2584 districtae
1215 2552 1324 2585 ultioni
1340 2551 1509 2587 subiaceat.
1533 2554 1663 2588 Cunctis
1678 2565 1783 2590 autem

1037 2599 1138 2634 eidem
1162 2600 1229 2635 loco
1253 2601 1331 2635 iusta
1357 2603 1557 2638 servantibus
1579 2605 1619 2638 sit
1642 2617 1699 2651 pax
1716 2604 1783 2639 Do-

1801 247 1850 272 λη.
1870 247 1898 273 C.
1915 246 1979 272 tt'iti

1809 706 1933 727 Auiani-tatto
1954 708 1978 728 ad

1803 736 1915 757 chricum
1941 744 1979 764 paa-
2017 739 2019 741 '

1803 768 1928 791 trini-ctiam,
1953 769 1977 788 ad

1828 799 1927 818 iustitiam
1937 815 1942 823 ,

1795 830 1921 855 aequitatem
1932 836 1980 850 unt-

1796 861 1821 879 mi
1843 863 1863 879 et
1879 861 1978 886 benigni-

1796 893 1867 910 tatem.

1810 2031 1888 2051 Sottioe
1914 2037 1967 2051 cou—

1831 2062 1946 2082 clusianae.
