2180 3205
16 254 65 282 An.
85 253 113 281 C.
133 251 199 280 1120

46 778 168 802 Emi-atum.

46 1145 105 1166 Bona
133 1144 204 1165 onmia

19 1171 204 1194 'trenorciensibus

20 1198 129 1220 monachis
155 1203 204 1218 con-

20 1225 133 1247 firmantur.

848 242 883 264 ΡΑ
890 241 967 264 SCUA
975 242 1000 264 L!
1007 241 1020 263 S
1043 243 1065 264 ΙΙ
1090 242 1137 264 ΡΡ.

270 295 413 324 molestia.
435 311 474 317 —
496 294 711 325 Confirmantur
726 305 842 334 (pioque
853 305 977 325 consue-

267 339 385 368 tudines
409 339 558 369 Ecclesiae
583 340 611 369 S.
633 339 773 378 Stephani
802 339 898 368 favore
927 348 977 369 eo-

267 383 400 413 rumdem
432 385 652 413 monachorum.
670 401 710 406 —
731 384 812 413 Aliae
844 384 976 414 decimae

268 436 319 456 scu
338 428 567 457 consuetudines
590 432 618 457 et
642 429 703 457 iura
723 427 978 467 approbantur.—

267 471 375 501 Solitae
391 472 553 502 clausulae.
571 489 610 494 —
632 472 742 501 Callisti
775 471 828 500 ΡΙ).
848 471 978 501 subscri·

268 520 336 554 ptio.

227 586 352 616 calixtus
371 587 511 623 episcopus
531 594 625 616 servus
645 594 783 615 servorum
798 587 853 620 Dei,
871 587 977 615 dilectis

270 631 335 660 filiis
366 632 500 660 canonicis
535 632 690 660 Bisuntinae
718 632 851 660 Ecclesiae
887 632 977 660 Sancti

271 676 378 705 Ioannis
397 677 594 712 Evangelistae,
611 678 669 705 tam
690 676 878 713 praesentibus
898 683 977 712 quam

272 721 387 754 futuris,
404 721 432 749 in
450 723 621 758 perpetuum.

276 788 366 824 Sicut
406 788 520 823 iniusta
556 788 760 836 poscentibus
795 788 900 823 nullus
931 797 978 824 est

230 837 420 873 tribuendus
446 838 589 881 effectus,
614 838 659 872 sic
686 837 825 884 legitima
851 838 978 873 deside-

229 887 364 922 rantium
394 899 454 922 non
478 886 704 922 estdiffcrcnda
723 888 840 934 petitio.
856 887 978 929 Quam-

228 936 353 977 obrem,
387 936 562 971 charissimi
590 937 619 970 in
648 935 775 971 Christo
803 937 873 978 filii,
897 937 979 984 peti-

230 986 306 1021 tioni
330 993 449 1021 vestrae
470 986 640 1020 clementer
657 986 841 1031 annuimus,
864 994 892 1020 et
915 995 976 1021 tam

232 1047 287 1070 vos
308 1047 402 1082 quam
431 1042 531 1070 vestra
547 1035 651 1070 omnia
668 1035 860 1082 protectione
887 1035 979 1070 Sedis

230 1083 429 1132 Apostolicae
443 1087 631 1125 munientes,
644 1097 724 1131 quae
740 1085 769 1118 in
788 1086 978 1132 praesentia-

232 1146 299 1168 rum
323 1133 461 1180 legitime
490 1133 648 1179 possidcre
671 1133 785 1168 debere
817 1134 977 1174 videmini,

229 1183 318 1217 vobis
341 1183 513 1230 vestrisque
540 1183 778 1218 successoribus
805 1183 834 1217 in
864 1196 979 1231 perpe-

230 1242 317 1268 tuum
339 1233 580 1273 confirmamus,
610 1232 754 1267 videlicet
780 1232 891 1267 domos
921 1247 978 1267 re-

230 1291 322 1322 stras,
344 1293 424 1327 quae
451 1289 524 1316 sunt
543 1281 621 1315 infra
641 1282 776 1316 exterius
795 1282 977 1323 claustrum,

229 1331 392 1366 ecclesiam
416 1330 521 1365 Sancti
549 1330 698 1365 Iohannis
714 1330 871 1378 Baptistae
895 1331 977 1366 iuxta

231 1380 356 1426 Nigrum
387 1387 507 1426 portam
537 1391 608 1414 cum
636 1379 766 1414 decimis
800 1388 828 1414 et
856 1393 978 1427 appen-

231 1429 318 1464 ditiis
346 1429 428 1463 suis:
463 1428 650 1473 claustrum,
682 1428 740 1463 suli
775 1429 877 1464 curias
912 1430 979 1475 epi-

230 1478 318 1526 scopi
356 1478 468 1517 situm:
503 1478 625 1512 tertiam
649 1486 767 1525 partem
795 1478 979 1513 Bisnntinae

232 1536 396 1569 monetae3
418 1527 495 1562 itaut
518 1539 610 1562 nemo
639 1528 678 1562 de
701 1535 779 1562 terra
808 1527 840 1562 S.
864 1527 979 1562 Iohan-

232 1577 280 1612 nis
302 1589 369 1612 eam
385 1576 459 1611 alibi
483 1577 661 1617 transferre,
683 1577 729 1612 vel
749 1577 846 1624 ipsius
869 1590 979 1612 moue-

233 1634 281 1661 tae
308 1626 450 1661 examina
477 1625 629 1670 facienda,
651 1625 780 1661 inferius
801 1639 816 1661 a
840 1627 979 1673 cappella

235 1676 341 1711 Sancti
368 1675 514 1717 Quintini
550 1683 758 1710 transmutare
786 1685 978 1723 praesumat:

233 1725 409 1760 molendina
424 1724 461 1759 de
475 1724 598 1764 Batent,
609 1725 824 1759 molendinum
842 1726 871 1759 in
887 1725 979 1772 Ripa,

232 1782 263 1808 et
295 1773 379 1808 aliud
408 1774 438 1807 in
473 1773 618 1813 Curvata,
654 1774 737 1820 quod
770 1774 808 1808 ab
845 1774 980 1820 Hugone

235 1823 328 1858 fratre
351 1830 456 1857 nostro
490 1823 590 1857 felicis
622 1824 790 1857 memmiae
812 1823 980 1858 Bisuntino

233 1873 484 1927 archiepiscopo
497 1880 527 1906 et
548 1884 692 1907 mansum
710 1873 739 1906 in
762 1872 845 1928 Alfo,
867 1881 897 1908 et
911 1885 981 1907 mo-

233 1922 318 1956 dium
343 1921 403 1955 vini
420 1921 471 1955 in
465 1921 598 1956 Maiorra
615 1921 683 1956 tilla
701 1934 756 1969 pio
771 1923 980 1957 anniversario

233 1971 301 2006 eius
321 1970 468 2005 collatum
491 1979 554 2005 est:
578 1971 741 2006 eccltsiam
765 1971 870 2006 Sancti
896 1972 979 2006 Peni

236 2019 314 2054 infra
341 2020 463 2061 urbem,
482 2032 519 2054 ex
540 2019 635 2055 domo
663 2020 809 2066 Hugonis
831 2021 983 2068 archiepi-

235 2069 322 2116 scopi
350 2069 388 2103 de
419 2068 677 2104 Montefalconis:
706 2069 871 2104 ecclesiam
899 2070 982 2105 San-

235 2126 302 2153 ctae
330 2118 447 2153 Mariae
481 2118 694 2164 Magdalenae,
729 2119 765 2152 ad
798 2119 980 2153 thesaurum

237 2175 373 2202 vestrum
425 2168 649 2214 pertinentem:
695 2168 981 2202 archidiaconatum

237 2229 333 2251 unum
348 2216 387 2251 de
399 2216 498 2261 vaga,
514 2229 551 2251 ex
567 2216 650 2251 dono
665 2217 812 2263 praedicti
828 2217 982 2262 Hugonis:

237 2273 421 2312 potestatem
444 2265 575 2305 Poliaci,
598 2273 628 2300 et
658 2267 687 2299 in
711 2266 819 2300 eadem
840 2266 909 2300 villa
932 2278 985 2300 ec-

236 2315 364 2350 clesiam
392 2314 498 2349 Sancti
526 2314 632 2348 Albini
660 2327 731 2349 cum
755 2315 902 2349 omnibus
923 2328 985 2361 ap-

242 2363 398 2411 pendiciis
436 2363 520 2398 suis:
554 2363 657 2397 villam
693 2363 798 2397 Sancti
828 2364 890 2397 Viti
913 2376 983 2398 cum

237 2413 370 2448 ecclesia
409 2420 439 2447 et
461 2412 674 2459 appendiciis:
699 2412 729 2446 in
752 2412 910 2447 Marciano
932 2425 986 2448 ec·

238 2461 365 2497 clesiam
389 2461 495 2496 Sancti
532 2461 655 2496 Martini
692 2473 764 2495 cum
792 2461 924 2496 decimis
957 2470 986 2496 et

207 2554 210 2557 ἢ
239 2510 446 2558 appendiciis,
460 2522 587 2545 mansos
598 2511 750 2558 quinque,
766 2519 796 2545 et
812 2511 913 2545 villam
928 2511 986 2545 Sa-

240 2559 345 2595 liniaci
369 2572 439 2594 cum
467 2560 597 2594 ecclesia
621 2559 808 2594 etomnibus
831 2560 987 2606 appendi-

241 2609 305 2651 tiis,
327 2609 429 2644 villam
452 2608 651 2651 cussiacum,
678 2621 750 2646 cum
774 2608 842 2644 villa
870 2609 987 2644 Roma-

1646 232 1709 265 501

1019 296 1112 336 uella,
1152 303 1181 330 ct
1216 309 1285 331 cum
1323 297 1453 331 ecclesia
1488 304 1518 331 et
1551 297 1764 344 appendiciis,

1017 346 1180 379 ecclesiam
1197 346 1304 380 Sancti
1328 347 1465 381 Mauritii
1487 347 1515 381 in
1534 346 1672 381 Gradico
1691 359 1762 382 cum

1018 394 1148 428 ‹lt-ciniis
1169 403 1197 428 et
1221 396 1417 439 appendiciis
1438 396 1517 430 suis:
1543 396 1571 430 in
1603 396 1672 430 villa
1697 397 1762 444 Ay-

1019 452 1144 483 mestez,
1181 444 1211 477 in
1237 444 1386 479 Bruciaco
1414 453 1443 479 et
1471 446 1642 480 Averniaco
1669 447 1766 492 quid-

1018 492 1092 539 quid
1126 492 1273 527 collatum
1302 502 1348 527 est
1376 507 1429 540 pro
1462 494 1614 529 Lentaldo
1635 496 1762 530 comite:

1019 542 1048 575 in
1072 541 1186 576 Salinis
1213 542 1375 576 ecclesiam
1399 544 1505 578 Sancti
1529 544 1668 578 Mauricii
1691 557 1763 579 cum

1018 591 1150 625 decimis
1171 598 1200 625 et
1212 592 1406 637 appendiciis
1427 593 1502 633 suis,
1522 594 1763 629 ctnnnlietatem

1019 640 1168 675 ecclcsiae
1205 640 1338 675 Sanctae
1376 641 1503 686 Mariae,
1530 651 1560 676 et
1590 643 1763 689 cappellam

1018 689 1124 724 Sancti
1159 689 1260 724 Petri:
1291 690 1319 724 in
1353 691 1461 724 eadem
1499 691 1566 725 villa
1596 693 1764 727 caldariam

1020 751 1112 773 unam
1136 747 1165 773 ct
1198 739 1359 774 dimidiam
1387 739 1424 773 ad
1448 740 1491 774 sal
1514 741 1762 775 conficiendum:

1020 789 1049 822 in
1073 788 1142 822 villa
1172 788 1346 823 Pontiliaco
1368 788 1531 823 ecclesiam
1554 790 1660 824 Sancti
1681 791 1766 825 Mau-

1020 838 1086 872 ricii
1106 850 1176 872 cum
1208 837 1338 872 decimis
1360 846 1390 872 et
1412 838 1604 884 appendiciis
1625 840 1705 874 suis:
1735 841 1764 874 in

1020 887 1088 921 villa
1119 887 1273 921 Cuiniaco
1308 887 1472 922 ecelesiam
1506 888 1613 922 Sancti
1651 889 1765 924 Valerii

1019 948 1090 970 cum
1111 936 1242 970 decimis
1264 944 1293 970 et
1312 936 1509 983 pertinentiis
1530 938 1608 979 suis,
1634 950 1713 984 quae
1727 939 1765 973 ad

1020 986 1201 1020 thesaurum
1233 994 1368 1020 restrum
1398 987 1574 1032 respiravit:
1614 987 1766 1034 capellam

1019 1035 1051 1069 S.
1076 1034 1203 1069 Genulli
1230 1047 1300 1069 cum
1323 1035 1520 1082 appendiciis
1541 1036 1606 1070 suis
1631 1036 1670 1070 de
1696 1036 1767 1071 villa

1019 1084 1206 1119 'saloniacot
1230 1084 1393 1119 ecclesiam
1413 1085 1452 1119 de
1476 1084 1587 1119 Sancei
1615 1098 1685 1120 cum
1705 1098 1768 1132 ap-

1021 1133 1174 1179 pendiciis
1196 1134 1275 1168 suis:
1312 1134 1476 1168 ecclesiam
1505 1133 1538 1168 S.
1562 1134 1697 1180 Benigni
1729 1135 1767 1170 (le

1022 1183 1101 1217 l’ont
1134 1196 1204 1217 cnm
1228 1183 1425 1230 appendiciis
1448 1184 1529 1217 suis:
1558 1184 1707 1219 ecclesias
1729 1184 1767 1219 ‹lc

1020 1232 1268 1273 Bonna-Maria,
1295 1232 1333 1266 de
1355 1232 1554 1278 Ansengens,
1587 1233 1626 1267 de
1652 1233 1768 1268 Malen-

1019 1282 1081 1325 gis,
1109 1282 1147 1316 de
1182 1282 1322 1324 Laveus,
1347 1281 1386 1316 de
1408 1281 1606 1323 Lavencliez,
1635 1282 1675 1316 de
1698 1282 1768 1317 Sar-

1019 1315 1089 1376 inzgi
1087 1331 1130 1370 ·,ἰ5
1170 1330 1209 1365 (le
1236 1331 1346 1370 st‘trta,
1381 1330 1420 1364 de
1459 1330 1628 1367 Catamitt
1670 1340 1699 1365 εἰ
1729 1332 1768 1366 de

1020 1379 1157 1414 ΧιιιςρΙΙιι
1174 1392 1244 1414 cnm
1269 1379 1467 1426 appendiciis
1484 1392 1605 1414 caium:
1629 1380 1767 1415 alodium

1019 1428 1171 1475 St‹pliani
1195 1429 1232 1463 de
1259 1429 1464 1472 Illontmcrel,
1499 1429 1528 1463 in
1552 1442 1614 1476 quo
1636 1430 1767 1464 ecclesia

1020 1477 1058 1512 de
1086 1478 1266 1525 1031-N0va
1289 1478 1345 1512 sita
1368 1485 1426 1513 cst.
1449 1478 1656 1513 Decernimus
1679 1491 1766 1524 ergo,

1021 1536 1052 1561 ut
1076 1518 1150 1561 nulli
1174 1527 1303 1562 omnino
1325 1528 1488 1562 hominum
1511 1527 1603 1562 liceat
1625 1529 1767 1562 eamdem

1020 1576 1193 1611 Ecclesiam
1226 1584 1344 1611 temere
1377 1576 1576 1624 perturbare,
1612 1586 1666 1611 aut
1701 1577 1768 1612 eius

1022 1627 1240 1672 possessiones
1261 1626 1394 1666 auferre,
1413 1626 1460 1660 vel
1483 1626 1600 1661 ablatas
1623 1626 1768 1666 retinere,

1022 1676 1179 1715 minuere,
1209 1675 1255 1710 vel
1279 1675 1451 1710 temerariis
1478 1675 1694 1710 vexationibus
1721 1676 1769 1711 fa-

1021 1725 1133 1769 tigare;
1165 1724 1220 1759 sed
1248 1725 1352 1759 omnia
1378 1725 1497 1771 integra
1522 1733 1768 1769 conserventur,

1021 1786 1149 1812 eorum,
1196 1786 1250 1820 pro
1285 1786 1418 1821 quorum
1457 1773 1707 1809 substentatione
1738 1783 1769 1808 et

1021 1823 1248 1868 gubernatione
1283 1835 1430 1858 concessa
1457 1831 1542 1863 sunt,
1577 1823 1685 1858 usibus
1706 1836 1771 1857 om·

1023 1872 1159 1907 nimodis
1181 1872 1353 1919 profutura.
1387 1872 1485 1907 Porro
1508 1872 1687 1907 thesaurum
1717 1885 1770 1908 ve-

1022 1930 1104 1956 strae
1120 1921 1290 1962 Ecclesiae,
1307 1922 1365 1956 nisi
1384 1922 1461 1956 sorte
1485 1934 1539 1968 pro
1554 1922 1770 1969 redemptione

1022 1972 1240 2018 captivorum,
1280 1971 1326 2005 vel
1362 1970 1452 2005 famis
1479 1972 1685 2014 necessitate,
1720 1979 1772 2005 aut

1023 2023 1182 2067 emptione
1210 2028 1384 2061 terrarum,
1422 2020 1460 2054 ab
1499 2020 1605 2067 aliquo
1638 2021 1770 2055 distrahi

1024 2069 1240 2124 prohibemus.
1285 2070 1368 2104 Sane
1407 2069 1516 2103 restris
1549 2069 1773 2116 archipresby-

1024 2119 1098 2153 ttris
1132 2126 1162 2153 et
1196 2118 1428 2153 archidiaconis
1467 2118 1706 2158 interdicimus,
1740 2126 1773 2152 ut

1024 2168 1180 2202 Etclesias
1204 2176 1332 2211 testias‚
1359 2175 1390 2201 et
1423 2179 1528 2201 earum
1553 2146 1772 2214 ρ155ὶιμριό5,

1025 2229 1079 2250 seu
1103 2217 1245 2258 clericos,
1270 2225 1391 2271 praeter
1418 2216 1644 2262 archiepiscopi
1667 2226 1697 2250 et
1722 2224 1774 2251 to·-

1026 2266 1086 2300 tius
1108 2265 1234 2312 capituli
1260 2266 1350 2300 testri
1385 2277 1553 2300 commune
1583 2265 1772 2304 consilium,

1028 2315 1257 2349 interdictionis
1273 2315 1446 2349 sententiae
1461 2313 1596 2348 subdere
1613 2326 1675 2348 non
1691 2326 1776 2362 prae-

1026 2372 1161 2398 sumant.
1185 2363 1349 2398 Praeterea
1371 2364 1467 2410 quieti
1483 2370 1602 2398 vestrae
1615 2363 1776 2398 Ecclesiae

1028 2413 1214 2459 propensius
1249 2413 1471 2452 intendentes,
1497 2420 1528 2446 et
1553 2412 1621 2446 eius
1653 2425 1777 2448 servare

1028 2463 1177 2496 iustitiam
1207 2462 1382 2508 cupientes,
1412 2461 1669 2506 consuetudines,
1699 2475 1777 2509 quas

1028 2511 1114 2546 Beati
1142 2511 1294 2558 Stephani
1317 2511 1449 2545 ecclesia
1476 2511 1502 2545 ei
1522 2523 1559 2545 ex
1582 2511 1711 2558 antiquo
1727 2511 1778 2546 de-

1029 2561 1100 2595 bere
1123 2560 1336 2606 cognoscitur,
1359 2568 1387 2594 et
1410 2572 1490 2606 quae
1518 2560 1719 2595 continentur
1746 2561 1776 2595 in

1030 2610 1108 2646 libro
1147 2610 1198 2656 qui
1237 2617 1437 2657 nuncupatur
1474 2609 1616 2655 Regula,
1662 2609 1780 2644 contir-

1788 251 1836 277 An.
1856 249 1884 278 C.
1904 249 1971 277 1¹20

1818 1502 1853 1522 Ιιι-»ι
1867 1504 1921 1521 -ιιιΙι
1925 1508 1982 1521 iom-

1798 1508 1895 1557 mni-uliae
1921 1529 1961 1548 litet

1800 1555 1848 1601 lium
1874 1561 1886 1575 -ι
1915 1555 1971 1574 suin

1834 1587 1983 1607 ιιιυ51ιι5Γ5ι-

1799 1615 1818 1628 ιι
1829 1609 1953 1629 5ιιιι155ιι.;ι

1836 2366 1988 2387 confirmantur

1804 2398 1887 2418 quoque
1900 2399 1987 2413 constit*-

1803 2419 1886 2439 tudines
1915 2419 1988 2439 Est-lt·-

1803 2446 1848 2466 siau
1864 2446 1886 2466 S,
1898 2446 1988 2471 Stes-ha-

1803 2473 1823 2492 ni
1833 2472 1901 2491 sarm-²
1909 2478 1988 2492 eornm·

1804 2499 1850 2519 dvm
1875 2500 1988 2519 monar'lw-

1804 2532 1856 2546 Plllss.
