2180 3205
173 228 225 256 Αιι.
242 228 273 256 C.
287 229 354 256 ssim

178 1568 333 1588 Ariminensem

164 1597 281 1618 Ecclesiam
308 1598 348 1618 soli

165 1628 278 1652 Romanae,
294 1629 350 1649 eius-

179 1666 218 1687 que
229 1659 337 1681 Pontifici-

173 1690 210 1711 bus
225 1690 341 1711 subiectam

204 1721 312 1746 declarat·

191 2003 322 2031 censumque

165 2035 237 2054 anuuit
257 2040 347 2055 annuum

166 2063 302 2086 Lau—fanensi
314 2072 349 2093 pa-

166 2096 215 2116 latio
226 2096 350 2122 persolven-

165 2127 212 2146 ‹lum
227 2133 264 2153 pro
279 2127 347 2153 bonis,

179 2162 232 2183 quac
249 2158 274 2178 de
291 2159 335 2178 iure

165 2187 184 2206 S.
202 2186 258 2209 Petri
278 2190 349 2215 possi-

165 2218 208 2238 det.

422 219 492 253 498

370 283 400 317 iu
424 291 525 317 castro
552 281 658 316 Conce
681 292 752 315 cum
775 278 909 314 oratorio
924 277 1030 312 Sancti
1048 276 1119 311 Ste-

370 332 477 377 phani
505 332 564 366 sito
590 332 671 364 iuxta
701 331 821 376 ipsam,
851 327 974 375 plebem
1011 327 1118 361 Sancti

367 380 503 419 Erasini
537 380 698 414 ecclisiain
727 378 834 413 Sancti
872 376 1020 419 Andriam
1049 376 1118 423 ple·

369 430 438 464 bem
461 429 568 463 Sancti
591 428 715 467 Sibini,
737 427 902 462 ecclesiam
924 425 1032 460 Sancti
1064 425 1120 459 lo-

367 479 458 513 annis
481 479 508 512 iu
532 478 698 520 pasciano,
732 476 857 523 plebem
885 475 1013 518 Inferni,
1039 487 1118 522 quae

367 536 496 562 vocatur
523 527 657 562 Sanctae
683 525 869 566 Columbae,
892 525 1054 559 ecclesiam
1083 524 1117 558 S.

366 576 482 610 Donati
509 585 538 611 et
557 576 662 610 Sancti
687 575 823 618 Martini,
844 574 976 608 Sanctae
1002 574 1118 607 Mariae

367 626 396 659 in
423 626 509 666 Uria,
536 625 643 660 Sani-ti
678 625 772 664 Petri,
799 635 879 671 quae
908 632 1033 657 vocatur
1056 624 1119 656 Ac-

366 675 455 714 corti,
477 674 583 710 Sancti
602 674 686 709 Petri
711 675 741 708 in
763 673 900 708 Laureto
922 672 1000 706 infra
1019 672 1117 718 ipsam

367 724 502 770 plebem,
523 724 646 770 plebem
673 723 781 758 Sancti
807 722 967 757 Laurentii
992 721 1022 755 in
1039 721 1114 755 Bar-

366 773 445 812 cola,
467 782 497 808 et
522 774 678 820 praedict-i
699 772 898 812 monasteria,
921 780 950 805 et
971 771 1118 806 ecclesias

366 834 489 866 omneS,
511 835 590 869 quae
610 823 639 856 in
658 822 851 856 Ariminensi
879 821 1026 855 comitatu
1041 821 1118 854 sitae

365 881 450 915 sunt,
473 883 543 906 cum
562 871 759 918 pertinentiis
779 883 899 910 earum,
916 869 969 903 tibi
991 870 1118 915 tuisque

365 921 603 955 successoribus
632 921 865 955 confirmamus.
889 918 1001 953 Eidem
1024 920 1115 953 etiam

364 969 556 1004 Ariminensi
592 970 751 1004 Ecclesiae
788 969 971 1003 roboramus
995 977 1116 1014 portam

365 1019 471 1053 Sancti
500 1019 632 1063 Donati,
660 1032 741 1065 quae
769 1027 896 1052 vocatur
922 1016 1030 1051 Sancti
1050 1018 1117 1051 An-

364 1068 460 1107 dreae,
492 1077 586 1102 totam
610 1069 639 1102 in
663 1069 831 1114 integrum,
854 1066 1054 1101 medictatem
1077 1066 1116 1100 de

366 1126 451 1171 porta
480 1117 616 1156 Gallica,
637 1130 717 1164 qnae
738 1125 864 1151 vocatur
886 1116 991 1149 Sancti
1020 1115 1116 1155 Petri,

365 1168 520 1221 poiticum
554 1175 651 1201 totum
693 1180 723 1200 in
760 1167 914 1212 integinm
951 1177 1005 1211 per
1031 1165 1115 1219 quod

365 1217 504 1262 pergitur
525 1217 561 1250 ail
589 1229 691 1259 mate,
724 1223 754 1250 et
782 1215 936 1270 porticum
963 1214 1045 1249 unde
1067 1227 1117 1248 ιιι-

363 1276 489 1310 gressus
523 1274 568 1300 cst
596 1266 632 1300 ad
668 1265 882 1312 episcopium,
916 1263 1115 1298 medietatem

363 1322 458 1348 totam
483 1328 520 1349 tx
544 1316 664 1355 intesio
685 1314 896 1362 ripaelittoris
914 1313 1020 1352 maris,
1044 1325 1115 1347 cum

363 1364 529 1398 medietate
552 1365 591 1398 de
610 1350 753 1398 ilisa-ictu
776 1375 851 1402 suo,
874 1374 954 1409 quae
976 1362 1012 1396 ad
1034 1362 1116 1409 ripas

363 1412 476 1447 littoris
500 1415 644 1460 pertinet,
671 1414 736 1447 sire
764 1413 802 1447 (le
825 1412 960 1450 ludaeis,
993 1412 1056 1446 sive
1078 1412 1116 1445 (le

363 1461 564 1500 Christianis,
598 1475 706 1497 verum
740 1462 832 1496 etiarn
865 1470 894 1495 et
923 1461 995 1494 litus
1024 1462 1116 1495 maris

363 1511 536 1546 decutiens
557 1524 573 1546 a
596 1511 767 1546 flumicello
791 1524 889 1556 usque
919 1510 957 1544 ad
985 1510 1115 1555 sstunen,

362 1561 444 1607 qnod
470 1561 777 1596 iocatu1·)laiiciil·i.
802 1560 848 1594 Ad
873 1559 1117 1606 l1¹iec,praede-

363 1622 524 1644 cessoium
549 1620 726 1645 nostrornm
757 1610 853 1654 iestig
859 1609 895 1643 iis
919 1587 1115 1663 insistentes,

363 1659 443 1693 sicut
480 1660 518 1694 ab
552 1660 598 1695 eis
635 1660 790 1694 sancitum
826 1667 892 1702 est,
930 1658 969 1692 ita
996 1667 1027 1692 et
1059 1670 1116 1692 nos

364 1720 546 1743 mansurum
576 1710 606 1743 in
632 1718 783 1756 peipetno
805 1708 843 1742 de
865 1715 987 1742 caetero
1010 1708 1116 1742 sanci-

363 1770 450 1801 mus,
473 1767 504 1792 ut
527 1758 737 1792 Ariminensis
758 1757 899 1792 Ecclesia
924 1756 1000 1791 nulli
1026 1756 1115 1791 alteri

362 1807 414 1841 alii
451 1808 638 1854 metiopoli,
677 1808 735 1842 nisi
771 1815 890 1841 tantum
929 1814 1056 1841 sanctae
1087 1814 1116 1840 et

361 1857 554 1912 apostolicae
576 1857 738 1892 Romanae
765 1856 902 1891 subiecta
936 1856 977 1890 sit
1003 1855 1116 1890 Eccle-

362 1907 439 1950 siae,
463 1906 624 1961 ipsiusque
646 1906 776 1941 antistes
796 1913 915 1940 lantum
935 1917 951 1939 a
972 1904 1116 1939 [nomano

361 1955 516 1990 Pontilice
538 1968 623 1990 omni
652 1964 793 2003 tempoie
820 1962 1032 1989 consecretur.
1069 1954 1116 1988 De

362 2005 552 2051 supradictis
591 2012 696 2040 autem
737 2005 831 2039 rebus
871 2003 946 2038 iuris
990 2012 1116 2038 sanctae

364 2053 524 2089 Romanae
545 2054 718 2098 Ecclesiae,
740 2066 817 2101 quas
841 2053 976 2101 praefata
998 2053 1117 2087 Arimi-

364 2108 470 2142 nensis
497 2108 636 2143 Ecclesia
674 2108 831 2155 possidet,
859 2116 891 2142 tu
927 2115 956 2141 et
980 2107 1022 2141 tui
1044 2119 1118 2141 suc-

364 2173 504 2196 cessores
528 2174 584 2222 pro
601 2162 751 2209 pensione
766 2162 891 2208 triginta
915 2161 1127 2196 denariorum·

364 2215 483 2251 solidos
505 2217 595 2251 annis
622 2216 756 2263 singulis
778 2216 978 2250 Laterineusi
1003 2216 1117 2262 palatio

366 2269 560 2328 persolxetis.
599 2269 730 2304 Plebcm
761 2282 830 2304 ieio
857 2269 965 2304 Sancti
1002 2269 1118 2304 Pater-

365 2323 448 2357 niani
477 2335 550 2357 cnm
579 2323 711 2358 decimis
734 2331 764 2358 et
785 2324 916 2358 caeteris
942 2324 1009 2358 suis
1042 2335 1117 2370 pei-

364 2376 516 2417 tineutiis,
537 2389 594 2412 nec
609 2389 669 2412 non
685 2389 755 2412 eum
774 2377 822 2420 iis,
839 2389 918 2424 quae.
933 2378 1011 2412 beati
1030 2376 1115 2412 Petri

363 2429 441 2464 iuris
461 2438 532 2464 sunt
555 2432 584 2465 in
609 2431 705 2466 fundo
723 2432 916 2477 Arginariae,
936 2431 995 2466 sub
1011 2443 1116 2466 annuo

363 2495 458 2518 censu
484 2485 591 2531 viginti
617 2493 750 2531 quatuor
772 2484 973 2519 denariorum
997 2485 1117 2520 Lucen-

363 2536 459 2581 sium
483 2538 574 2572 nobis
594 2539 772 2585 nostrisque
799 2538 1036 2574 successoribus
1057 2551 1117 2573 an-

364 2590 498 2626 nualiter
519 2592 742 2638 per,soliend0
768 2592 822 2627 tibi
846 2593 971 2640 tuisque
987 2604 1113 2628 succes-

948 222 1138 246 mTLLARwM
1165 221 1329 244 ROMANUM

1159 276 1283 310 sonibus
1304 274 1543 316 committimus,
1556 282 1587 309 et
1606 274 1777 330 praesentis
1801 273 1910 321 scripti

1161 326 1271 371 pagina
1287 324 1522 359 confirmanius,
1538 324 1623 359 Dec<-
1617 325 1747 359 ¹inimus
1761 336 1835 370 ergo
1850 333 1910 358 ete.

1159 374 1190 409 Si
1214 387 1274 421 qua
1291 374 1384 419 igitur
1405 382 1464 408 etc.
1483 373 1615 409 Cunctis
1641 381 1744 408 autem
1773 382 1833 408 etc.

1208 423 1278 458 Euo
1307 423 1426 458 Lucius
1447 423 1618 458 catholicae
1636 422 1797 458 Ecclesiae
1811 422 1908 469 episc.

1210 473 1276 519 Ego
1297 472 1464 508 Conradus
1490 473 1640 507 Sabiuen.
1664 472 1761 519 episc.

1208 522 1277 568 Ego
1298 522 1420 557 lmarus
1441 522 1613 557 Tusculan.
1640 519 1746 568 episc.v

1208 571 1275 617 Ego
1298 571 1410 606 Petrus
1435 571 1589 606 Albauen.
1619 572 1717 618 episc.

1210 621 1276 666 Ego
1301 620 1470 656 Rainerins
1494 621 1597 668 presb.
1613 620 1697 655 card.
1714 621 1762 654 tit.
1778 620 1911 655 Sanctae

1160 669 1294 705 Priscae.

1208 719 1274 765 Ego
1295 719 1434 754 Thomas
1458 719 1561 767 presb.
1584 719 1668 754 card.
1690 719 1736 753 tit.
1750 717 1909 754 Vestiuae.

1206 768 1274 815 Ego
1297 767 1458 804 Gilbertus
1483 768 1585 816 presb.
1616 768 1701 803 card.
1725 769 1771 802 tit.
1801 767 1907 802 Sancti

1158 819 1265 853 Marci.
1443 860 1447 864 ᾗ

1136 885 1139 935 ι
1207 868 1275 913 Ego
1305 867 1450 902 Nicolaus
1477 868 1578 913 presb.
1607 867 1689 902 card.
1721 867 1767 902 tit.
1800 866 1908 901 Sancti

1137 939 1138 942 =
1158 916 1292 964 Cyn-iaci.

1209 967 1274 1012 Ego
1297 966 1478 1001 Manli-edus
1492 966 1594 1013 presb.
1611 966 1694 1001 card.
1713 967 1757 1001 tit.
1772 966 1908 1002 Sanctae

1157 1016 1305 1051 Sabinae.

1205 1066 1274 1112 Ego
1303 1064 1452 1100 Albertus
1471 1064 1574 1111 presb.
1599 1065 1682 1099 card.
1706 1064 1750 1099 tit.
1772 1065 1907 1101 Sanctae

1157 1115 1350 1149 Anastasiae.

1205 1164 1274 1210 Ego
1300 1163 1494 1199 Octavianus
1515 1164 1595 1199 diac.
1617 1163 1702 1198 card.
1726 1163 1771 1198 tit.
1799 1164 1907 1199 Sancti

1156 1213 1276 1248 Nicolai
1300 1214 1331 1247 iu
1359 1213 1450 1248 Care.

1205 1263 1273 1310 Ego
1297 1262 1486 1310 Rodulplius
1508 1262 1661 1297 diaconus
1675 1261 1758 1297 card.
1772 1262 1906 1298 Sanctae

1156 1312 1273 1347 Luciae
1297 1313 1327 1346 iu
1346 1312 1440 1358 Septa
1462 1312 1556 1347 Solis.

1204 1362 1273 1407 Ego
1295 1361 1428 1396 Ioannes
1449 1362 1530 1396 diac.
1565 1361 1649 1396 card.
1677 1360 1811 1397 Sanctae
1838 1361 1908 1397 Ma-

1157 1411 1220 1446 riae
1241 1411 1357 1445 Novae.

1205 1460 1273 1506 Ego
1299 1460 1472 1506 Gregorius
1500 1459 1579 1495 diac.
1606 1460 1690 1494 card.
1714 1459 1748 1494 S.
1779 1460 1904 1507 Angeli.

1205 1510 1270 1555 Ego
1297 1509 1446 1544 Astalilus
1473 1509 1552 1544 diac.
1572 1508 1657 1543 card.
1679 1508 1714 1544 S.
1729 1509 1905 1545 Eustachii.

1204 1559 1321 1593 Datum
1344 1558 1489 1593 Laterani
1526 1571 1580 1605 per
1613 1570 1739 1593 manum
1770 1558 1906 1594 Batonis

1156 1608 1189 1643 S.
1207 1607 1243 1642 R.
1264 1608 1301 1642 E.
1321 1607 1476 1650 subdiac„
1491 1621 1537 1642 xu
1551 1607 1611 1642 kal.
1628 1608 1706 1648 iun„
1722 1607 1830 1642 indict.
1849 1621 1904 1650 vu,

1157 1658 1274 1692 incarn.
1306 1656 1391 1691 dom.
1429 1668 1566 1695 mcxuV.
1602 1657 1802 1703 pontificatus
1834 1669 1906 1692 vero

1157 1707 1194 1741 D.
1218 1706 1307 1740 Lucii
1330 1705 1358 1740 ll
1376 1706 1479 1752 Papae
1501 1718 1584 1741 anno
1611 1718 1632 1740 1.

1227 1762 1287 1793 Dat.
1305 1763 1351 1793 die
1369 1763 1403 1793 221
1429 1764 1498 1793 maii
1516 1772 1593 1793 anno
1615 1763 1731 1793 Domini
1751 1763 1835 1800 1144,

1415 1807 1517 1847 pontif.
1536 1816 1612 1837 anno
1634 1816 1652 1838 1.

1489 1931 1572 1966 ΧΙΙΙ.

1157 1999 1380 2032 Monasierium
1404 1999 1599 2034 cluniacense
1630 2001 1690 2033 soli
1714 2001 1906 2045 Apostolicae

1205 2049 1281 2082 Secli
1304 2049 1469 2082 subiectum
1501 2051 1692 2090 declaratur,
1720 2053 1804 2095 eique
1829 2061 1904 2082 con-

1203 2100 1370 2142 firmantur
1391 2099 1471 2132 bona
1492 2100 1609 2142 omnia,
1632 2100 1703 2133 iura
1725 2106 1826 2143 atque-
1842 2102 1904 2132 im-

1206 2148 1368 2181 munitates
1391 2149 1453 2190 (Ι).

1425 2219 1521 2250 SUMM
1527 2220 1639 2251 ΑΙῖΙΙΝ

1158 2285 1364 2316 Monasterium
1381 2285 1511 2316 Cluniae.
1527 2296 1542 2316 a
1559 2288 1652 2326 prima
1669 2288 1715 2317 sui
1734 2287 1905 2319 fundatione

1197 2328 1266 2358 Seili
1285 2330 1469 2368 apostoticae
1491 2330 1676 2360 subiectum.
1699 2336 1756 2362 eta
1776 2331 1905 2362 Summis

1197 2372 1389 2403 Pontificibus
1409 2374 1570 2413 privilegiis
1594 2375 1747 2405 donatum:
1764 2392 1803 2398 —
1818 2375 1906 2406 Eius·

1197 2427 1254 2457 que
1279 2418 1375 2454 bona,
1403 2419 1560 2456 ecclesiae,
1588 2420 1690 2449 clerici
1721 2429 1855 2459 quoque,
1876 2424 1906 2450 et

1198 2462 1265 2492 laici
1288 2462 1344 2492 sub
1373 2463 1434 2492 solo
1454 2463 1518 2493 iure
1539 2462 1624 2493 Sedis
1651 2464 1782 2493 eiusdem
1806 2463 1904 2502 positu

1195 2523 1234 2529 —
1255 2506 1323 2537 Data
1352 2507 1519 2538 omnimoda
1547 2509 1690 2547 exemptio
1713 2508 1799 2537 etiam
1818 2517 1833 2536 a
1861 2507 1906 2537 iu·

1189 2564 1230 2631 ¹(l)
1245 2564 1294 2631 Eg
1301 2565 1459 2592 Bibliotheca
1475 2565 1639 2592 Cluniacensi
1659 2564 1763 2593 Martini
1782 2564 1903 2598 marrier,

1156 2612 1186 2630 (ο
1229 2606 1260 2630 15
1280 2613 1303 2630 o

1927 217 1978 245 An.
1996 216 2024 243 C.
2040 215 2105 243 ΗΜ

1943 277 2024 299 Sattiae
2039 283 2093 299 cou-

1961 309 2069 330 elustoues

1936 340 1998 366 (quae
2017 340 2102 359 ommit-

1972 372 2063 397 luatur).

1959 426 2016 449 Lucii
2032 427 2072 448 PP.

1924 484 1946 501 οι
1960 480 1981 501 S.
1997 480 2020 502 R.
2035 480 2109 503 Recto>
2144 499 2146 501 .

1937 513 1982 532 siae
1994 512 2094 533 cardtna-

1932 544 1981 563 2ium
2004 542 2102 563 subsert-

1965 574 2056 599 ptionen-
