2180 3205
197 246 245 271 Λη.
267 245 294 271 C.
314 244 380 271 ¹122

218 942 293 963 Calixti
328 947 376 963 con-

191 974 259 989 cessio
273 969 328 990 sacia
339 970 375 989 im·

190 996 291 1021 perator-i,
306 998 328 1016 ut
342 1001 376 1016 re·

191 1022 246 1048 galia
271 1028 309 1048 per
329 1028 376 1042 sce-

195 1050 263 1074 ptrum
293 1049 371 1069 clectus

191 1075 217 1095 ab
248 1075 375 1100 imperatore

190 1102 376 1128 numacpacem-

191 1133 231 1154 que
256 1134 275 1149 ei
298 1129 373 1149 reduit.

459 227 529 261 548

453 293 489 327 Ε.
513 291 620 326 Abbas
643 288 823 323 fuldensis.

451 346 691 380 Nortlimannus
718 342 792 376 dux.

450 398 633 433 Fridericus
659 396 734 430 dux.

449 451 632 486 Boniil'acins
656 449 806 484 marchio.

447 504 636 553 Cynulphus
659 515 766 538 comes
788 502 962 537 Palatinus.

447 559 600 594 Otbertus
626 569 733 592 comes
756 556 926 591 Palatinus.

447 611 660 657 Berengarius
686 621 804 644 comes.

446 664 639 701 Godefridus
661 675 768 698 comes
789 661 961 697 Palatinus.

446 718 656 765 Berengarins
687 728 804 751 comes.

446 772 639 807 Godefridus
666 782 783 805 comes.

447 827 513 873 Ego
537 825 720 860 Fridericus
747 823 951 859 Coloniensis
978 822 1150 869 episcopis

400 889 429 916 et
451 878 656 914 cancellarius
679 876 847 923 recognovi
870 879 927 920 (1).

446 933 516 968 Euo
543 932 712 967 Cauxrcs
750 942 859 964 servus
896 941 1057 963 servorum
1091 927 1148 962 Dei

397 987 512 1022 dilecto
540 986 604 1020 filio
638 984 788 1027 Henrico‚
817 982 876 1017 Dei
903 982 1002 1028 gratia
1028 980 1149 1015 Roma-

396 1052 508 1075 norum
533 1038 713 1086 imperatori
737 1038 894 1083 Angusto,
921 1036 1062 1070 concedo
1085 1035 1149 1069 ele-

396 1095 517 1129 ctiones
550 1093 773 1139 cpiscoporum
802 1099 832 1125 et
869 1090 1016 1125 abbatum
1039 1089 1150 1123 Theu-

395 1148 489 1182 tonici
518 1146 618 1192 regni,
645 1157 726 1192 qnae
747 1144 787 1179 ad
814 1155 948 1190 regumn
979 1143 1148 1189 pertinent,

394 1199 626 1248 inpraesentia
654 1206 706 1232 tua
739 1197 822 1237 lieri,
859 1196 977 1243 absque
1013 1195 1148 1230 simonia

395 1263 426 1290 et
447 1255 550 1301 aliqua
579 1252 744 1296 violentia,
771 1259 805 1286 ut
831 1251 856 1285 si
879 1263 939 1297 qua
968 1250 1049 1284 inter
1072 1261 1148 1295 par-

397 1321 443 1347 tes
470 1310 625 1346 discordia
649 1309 825 1353 emerserit,
861 1307 1092 1354 metropolitani
1119 1314 1148 1341 et

399 1365 637 1414 provincialium
672 1364 816 1407 consilio,
849 1362 897 1397 vel
926 1361 1055 1401 iudicio,
1091 1372 1149 1394 sa-

398 1421 477 1455 niori
503 1419 580 1466 parti
619 1429 784 1453 assensum
823 1423 853 1450 et
879 1415 1028 1449 auxilium
1058 1426 1149 1460 prae-

396 1473 478 1508 beat.
497 1472 640 1507 Electum
656 1473 698 1514 (⁰2)
720 1477 823 1505 autem
842 1469 955 1514 regalia
990 1480 1045 1515 per
1078 1480 1146 1502 sce-

395 1536 499 1575 ptrum
531 1539 547 1561 a
574 1535 604 1560 te
634 1524 781 1572 recipiat,
815 1523 960 1569 exceptisv
987 1522 1147 1562 omnibus,

393 1593 474 1628 quae
498 1579 537 1614 ad
571 1579 745 1613 Romanam
782 1576 956 1611 Ecclesiam
987 1575 1146 1622 pertinere

396 1647 587 1677 noscuntur;
618 1645 648 1670 et
671 1647 751 1682 quae
773 1647 809 1668 ex
837 1633 887 1668 his
914 1633 968 1667 tibi
992 1633 1058 1667 iure
1089 1633 1147 1667 de-

399 1696 463 1735 bet,
488 1695 588 1729 faciat.
617 1693 662 1727 Ex
686 1693 753 1726 aliis
772 1704 844 1726 vero
861 1691 1000 1738 partibus
1023 1691 1146 1737 imperii

395 1760 610 1792 consecratus,
638 1750 714 1784 infra
741 1762 795 1784 sex
815 1761 939 1783 menses
962 1749 1077 1795 regalia
1093 1760 1148 1795 pei·

393 1818 554 1858 sceptrum
582 1821 599 1843 a
627 1817 655 1843 te
684 1807 824 1855 recipiat.
861 1807 908 1841 De
933 1806 1050 1854 quibus
1073 1818 1145 1841 vero

393 1868 470 1903 milii
492 1866 722 1914 querimoniam
754 1865 876 1906 seceris,
899 1864 1075 1899 secundum
1098 1863 1147 1898 os-

395 1927 458 1961 licii
486 1925 545 1960 mei
564 1924 717 1964 debitum,
746 1923 898 1967 auxilium
926 1934 1031 1956 meum
1056 1933 1146 1967 prae-

393 1983 493 2018 stabo.
516 1983 565 2017 Do
589 1981 643 2016 tibi
667 1993 772 2015 veram
789 1992 910 2027 pacem,
932 1987 963 2014 et
984 1979 1145 2022 omnibus,

395 2042 449 2089 qui
473 2041 504 2075 in
532 2047 619 2088 parte
647 2047 698 2073 tua
724 2047 797 2073 sunt
822 2038 869 2072 vel
905 2037 1032 2071 fuerunt
1062 2045 1146 2070 lem-

396 2111 471 2147 pore
493 2098 586 2133 liuius
613 2096 799 2132 discordiae.

442 2157 520 2192 Data
558 2167 642 2190 anno
688 2166 828 2198 mcxxn,

395 2214 534 2250 octobris
556 2216 611 2257 (5).

472 2271 532 2300 Dat.
557 2271 603 2300 die
621 2269 660 2299 23
680 2268 858 2308 septembris
878 2276 953 2297 anno
978 2266 1064 2296 1122.

880 2164 963 2186 nono
998 2151 1145 2186 calendas

428 2341 468 2377 (l)
485 2342 629 2376 Hucusque
641 2341 784 2367 Vaticanus
795 2338 894 2366 Codex.
917 2337 1062 2364 Subiicitur
1083 2344 1147 2363 vero

394 2385 564 2420 promissioni
590 2383 705 2415 Henrici,
735 2383 768 2409 ab
795 2381 988 2417 Urspergensi,
1017 2380 1147 2407 eiusmodi

394 2428 461 2455 sacta
483 2428 636 2463 imperatori
655 2426 799 2454 concessio.

429 2472 468 2507 (2)
485 2472 634 2506 Legendum
650 2474 776 2506 putamus
794 2471 906 2496 Electus.
945 2469 982 2504 (n.
1004 2469 1043 2504 τ.)

430 2516 469 2550 (5)
498 2516 628 2541 Hactenus
655 2514 748 2541 Calixti
774 2515 859 2549 Papae
883 2513 1027 2540 concessio.
1052 2513 1149 2538 Extant

393 2559 485 2586 eadem
497 2566 549 2592 ipsa
563 2562 731 2584 monumenta
744 2558 813 2592 apud
824 2558 979 2584 Willcmunz
988 2556 1149 2584 Malmesbu-

396 2604 519 2631 rieuseni.
541 2602 625 2636 Pei-git
645 2610 706 2628 vcro
724 2602 928 2637 Urspeigensis:

985 230 1173 255 B'SLLARlUM
1202 230 1364 254 ROMANUM

1234 283 1391 311 Huiusmodi
1406 284 1503 318 scripta
1519 286 1599 319 atque
1614 284 1753 320 rescripta,
1765 286 1875 320 propter
1890 284 1952 312 infl-

1198 328 1267 355 nilae
1298 328 1475 355 multitudinis
1509 332 1671 356 conventum
1684 350 1691 362 ,
1722 329 1779 356 loco
1808 330 1950 365 campestri

1196 373 1269 399 iuxta
1282 373 1402 400 Rhenum
1416 373 1481 400 lecta
1493 376 1566 405 sunt,
1579 373 1640 400 data
1651 377 1677 400 ct
1692 377 1798 409 accepta
1808 378 1950 410 postquam

1196 417 1367 444 multimodas
1392 417 1483 444 laudes
1512 425 1602 444 rerum
1628 417 1798 452 gubernatori
1823 418 1949 451 redditas,

1195 462 1334 489 celebratis
1347 471 1359 488 a
1382 462 1491 489 domino
1506 461 1621 489 Ostiensi
1647 462 1746 490 divinis
1761 464 1948 496 sacramentis,

1196 506 1262 533 inter
1270 514 1338 542 quae
1348 506 1486 533 dominum
1494 506 1680 541 imperatorem
1692 514 1754 533 curn
1766 507 1837 542 pacis
1847 508 1948 541 osculo,

1194 554 1338 586 sanctaque
1365 550 1552 577 communione
1580 550 1731 585 plenissime
1754 550 1946 584 reconciliavit,

1193 594 1339 621 discessum
1358 597 1397 620 est
1417 593 1451 620 ab
1466 593 1589 620 omnibus
1604 601 1665 620 cum
1683 594 1779 621 laetitia
1803 594 1912 622 infinita.

1229 639 1349 665 Alterum
1365 646 1474 673 quoque
1494 645 1546 664 non
1563 637 1647 665 multo
1663 641 1733 673 post,
1750 638 1818 666 idest
1837 639 1864 666 in
1882 639 1948 667 sesto

1192 681 1280 709 Sancti
1298 682 1412 713 Martini,
1435 681 1596 716 colloquium
1614 682 1757 717 imperator
1772 691 1833 710 cum
1849 684 1950 719 princi-

1192 726 1280 761 pibus,
1298 727 1343 761 qui
1364 726 1447 761 priori
1461 734 1514 753 non
1530 726 1652 758 aderant,
1670 726 1824 763 Babenberg
1839 728 1946 762 habuit;

1192 770 1235 797 ubi
1255 774 1281 797 et
1304 771 1407 797 cunctis
1422 771 1448 796 in
1468 778 1516 797 sua
1534 775 1595 797 vota
1622 772 1857 805 concordantibus,
1879 773 1948 800 inter

1191 815 1284 847 multa,
1305 823 1374 849 quae
1394 818 1444 841 tam
1462 815 1494 841 ad
1513 815 1596 849 regni,
1616 823 1696 850 quam
1712 817 1862 850 sacerdotii,
1883 826 1948 845 con-

1189 859 1319 894 gruebant
1339 859 1478 891 honorem,
1514 859 1644 886 maiorum
1669 861 1826 895 composita,
1850 861 1948 896 legatos

1190 903 1315 937 proprios
1339 910 1400 929 cum
1426 903 1550 929 Romanis
1575 903 1729 936 destinavit,
1755 909 1781 931 et
1807 909 1946 940 utrosque,

1191 947 1282 973 nuntia
1298 947 1413 974 simulet
1427 955 1535 974 munera
1553 947 1666 975 serentes
1678 949 1822 976 honorifica
1838 950 1947 977 domiuo

1189 992 1334 1026 apostolico
1351 991 1463 1023 Calixto‚
1486 993 1680 1026 consanguineo
1701 993 1800 1020 scilicet
1815 994 1866 1020 iam
1882 993 1946 1021 sibi-

1190 1039 1244 1062 met
1270 1036 1429 1067 unitissimo,
1450 1036 1557 1062 direxit.

1225 1081 1369 1115 Hucusque
1385 1081 1572 1115 Urspergensis
1587 1085 1666 1117 atque
1676 1081 1719 1109 hic
1735 1082 1840 1109 tandem
1856 1082 1945 1110 duris-

1189 1120 1319 1152 simorum
1338 1126 1513 1152 certaminum
1531 1125 1599 1157 finis,
1616 1133 1684 1160 quae
1709 1134 1756 1162 per
1771 1134 1854 1154 annos
1878 1127 1941 1162 plu-

1190 1169 1271 1196 rimos
1303 1169 1326 1195 vi
1352 1169 1488 1195 barbarica
1515 1170 1635 1204 tyrannis
1659 1170 1828 1206 imperatoria
1847 1176 1940 1199 contra

1189 1217 1306 1240 sanctam
1318 1213 1459 1240 Ecclesiam
1476 1214 1612 1247 excitavit,
1625 1215 1682 1242 sive
1698 1216 1778 1242 armis
1788 1216 1941 1251 pugnando,

1189 1256 1246 1282 sive
1263 1256 1346 1291 (quod
1362 1256 1483 1283 acerbius
1500 1258 1585 1284 visum
1597 1259 1647 1292 est)
1664 1259 1735 1294 ipsos
1749 1259 1814 1287 lilios
1827 1261 1942 1288 Christi-

1190 1300 1291 1333 lideles,
1308 1301 1476 1335 potissimum
1495 1309 1558 1328 vero
1586 1309 1710 1329 romanos
1725 1302 1807 1335 cives,
1832 1303 1866 1330 ab
1887 1304 1944 1339 ipsa

1189 1344 1248 1371 diro
1267 1345 1408 1372 schismate
1428 1349 1574 1380 separatos,
1595 1346 1620 1372 in
1641 1346 1725 1381 ipsam
1751 1347 1831 1382 impie
1849 1348 1942 1375 conci-

1190 1388 1279 1420 tando,
1314 1389 1372 1416 sive
1402 1388 1596 1416 funestissimos
1637 1389 1776 1424 antipapas
1809 1390 1942 1418 horrenda

1189 1437 1306 1459 monstra
1338 1433 1364 1458 in
1397 1436 1592 1460 sacrosanctam
1628 1433 1806 1469 Apostolicam
1833 1434 1940 1467 Sedem,

1189 1477 1287 1511 angelis
1307 1477 1491 1509 reverendam,
1509 1478 1665 1512 cunctisque
1685 1478 1840 1505 mortalibus
1862 1487 1943 1505 vene-

1190 1522 1309 1553 randam,
1323 1525 1394 1547 tanto
1407 1522 1487 1548 totius
1497 1522 1568 1548 orbis
1579 1522 1712 1555 scandalo,
1725 1522 1895 1556 intrudendo,
1914 1526 1942 1550 ut

1189 1566 1265 1601 plane
1284 1566 1406 1592 omnibus
1423 1567 1561 1601 perspicue
1571 1566 1694 1601 clareque
1709 1567 1866 1600 constiterit,
1888 1574 1939 1594 non

1189 1610 1268 1637 fuisse
1284 1610 1414 1637 humanae
1431 1611 1572 1645 polentiae,
1591 1614 1629 1637 tot
1653 1615 1793 1645 tantosque
1814 1609 1893 1637 simul
1912 1610 1939 1637 in

1188 1656 1257 1681 Petri
1285 1655 1432 1682 naviculam
1451 1655 1596 1681 concitatos
1617 1654 1710 1681 fluctus
1728 1654 1762 1680 ad
1778 1653 1941 1689 perdendam

1188 1708 1244 1726 eam
1266 1700 1385 1735 potuisse
1407 1699 1494 1729 vitari,
1515 1699 1619 1733 illisque
1630 1707 1681 1725 non
1699 1699 1779 1733 mergi
1799 1698 1941 1731 deorsum;

1189 1745 1235 1771 sed
1260 1744 1399 1771 sublimius
1425 1743 1516 1770 maiori
1541 1743 1622 1777 gloria
1643 1743 1705 1774 tolli,
1731 1747 1812 1778 atque
1831 1742 1940 1775 firmari,

1189 1798 1274 1824 neque
1285 1789 1462 1815 humanarum
1472 1788 1578 1820 virium,
1592 1792 1629 1815 tot
1641 1789 1703 1815 item
1712 1791 1852 1822 tantosque
1861 1788 1939 1814 simul

1188 1835 1212 1859 in
1223 1833 1342 1860 eamdem
1353 1833 1446 1859 eodem
1459 1833 1558 1867 impetu
1566 1832 1658 1863 ssantes
1672 1835 1774 1864 ventos,
1785 1840 1800 1858 e
1810 1831 1942 1867 portisin-

1187 1876 1232 1903 l'eri
1242 1885 1288 1911 pei·
1298 1877 1405 1911 angelos
1423 1876 1504 1903 malos
1515 1876 1656 1907 immissos,
1667 1875 1744 1902 simul
1753 1883 1937 1910 compescere;

1186 1922 1232 1948 sed
1241 1921 1308 1948 illius
1320 1921 1399 1947 fuisse
1407 1921 1548 1955 polentiae,
1560 1920 1602 1947 cui
1617 1928 1687 1946 mare
1700 1923 1781 1954 atque
1792 1920 1863 1946 venti
1875 1919 1941 1947 obe-

1186 1965 1261 1991 diunt
1271 1973 1278 1997 3
1291 1964 1444 1991 simulillius
1453 1964 1569 1995 virtutis,
1578 1963 1623 1998 qui
1634 1962 1729 1989 fluctus
1736 1962 1768 1989 ad
1776 1962 1941 1997 perdendum

1186 2017 1218 2035 ne
1239 2008 1333 2039 fluant,
1344 2007 1458 2035 obdurat
1469 2008 1493 2034 in
1507 2011 1619 2042 petram,
1631 2010 1657 2033 et
1668 2007 1746 2033 Petro
1757 2006 1842 2033 dixit:
1856 2007 1895 2033 Tu
1913 2014 1942 2033 es

1188 2054 1290 2085 Petrus,
1303 2057 1418 2087 ctsuper
1437 2052 1504 2078 hanc
1521 2055 1622 2086 petram
1639 2050 1780 2077 aedificabo
1798 2050 1940 2077 Ecclesiam

1188 2105 1282 2129 meam,
1294 2100 1321 2123 et
1332 2100 1423 2132 portae
1441 2096 1516 2123 inferi
1534 2104 1585 2122 non
1601 2095 1793 2131 praevalebunt
1809 2094 1939 2121 adversus

1187 2150 1244 2168 eam
1254 2142 1306 2176 (ιι);
1321 2145 1348 2167 ut
1360 2141 1453 2167 merito
1464 2141 1488 2166 in
1501 2143 1571 2166 tanta
1583 2140 1691 2166 victoria
1705 2138 1870 2173 triumphans
1884 2139 1938 2165 Ec-

1186 2186 1264 2213 clesia
1283 2186 1448 2212 concinuerit
1463 2186 1595 2212 canticum
1611 2185 1717 2211 Annae:
1739 2184 1876 2210 Exullavit
1894 2191 1941 2210 cor

1189 2239 1276 2258 meum
1298 2232 1323 2256 in
1340 2231 1462 2262 Domino,
1479 2233 1506 2256 et
1521 2229 1666 2256 exaltatum
1682 2233 1721 2255 cst
1744 2235 1826 2254 cornu
1852 2235 1940 2254 meum

1188 2276 1213 2301 iu
1231 2276 1284 2302 Deo
1301 2283 1359 2302 meo
1381 2274 1442 2309 (b):
1460 2274 1597 2301 dilatatum
1617 2278 1657 2300 est
1682 2281 1712 2300 os
1742 2280 1830 2299 meum
1858 2279 1940 2307 super

1189 2320 1310 2346 inimicos
1326 2326 1408 2350 meos,
1426 2318 1487 2353 quia
1503 2317 1597 2344 laetata
1622 2325 1681 2344 sum
1707 2316 1732 2343 in
1757 2315 1865 2343 salutari
1883 2318 1938 2341 tuo.

1190 2364 1248 2390 Non
1274 2366 1313 2389 est
1337 2365 1456 2393 sanctus,
1483 2364 1512 2387 ut
1531 2364 1570 2387 est
1595 2360 1737 2386 Dominus:
1760 2366 1844 2393 neque
1868 2359 1939 2385 enim

1187 2410 1227 2434 est
1244 2407 1310 2433 alius
1326 2410 1400 2433 extra
1432 2409 1466 2437 te,
1493 2409 1519 2432 et
1545 2413 1596 2431 non
1613 2407 1652 2430 est
1681 2403 1756 2430 fortis
1779 2403 1847 2429 sicut
1871 2402 1943 2429 Deus

1189 2455 1290 2478 noster.
1320 2450 1542 2484 Recinuerintque
1571 2447 1614 2474 filii
1639 2453 1731 2473 omnes
1755 2445 1941 2481 propheticum

1188 2503 1310 2522 carmen:
1330 2494 1423 2520 Exulta
1440 2496 1465 2520 et
1484 2492 1559 2519 lauda
1577 2491 1701 2518 habitatio
1717 2490 1790 2521 Sion,
1807 2490 1868 2524 quia
1880 2497 1939 2516 ma-

1188 2547 1268 2574 gnum
1285 2542 1324 2565 est
1346 2539 1368 2563 in
1390 2537 1475 2564 medio
1493 2537 1529 2564 tui
1549 2539 1656 2562 sanctus
1673 2533 1750 2561 lsrael
1767 2533 1816 2568 (e).

1225 2599 1264 2634 (a)
1285 2600 1378 2624 Malui.
1400 2598 1440 2624 16.
1479 2597 1516 2632 (b)
1537 2604 1556 2629 ι,
1577 2597 1638 2629 Καρ.
1656 2596 1681 2622 2.
1721 2594 1757 2630 (c)
1774 2596 1839 2620 lsai.
1857 2593 1900 2620 ¹2.

1973 244 2023 273 ΑΒ.
2042 245 2070 276 C.
2088 248 2153 278 lm
