2180 3205
42 261 90 287 An.
112 259 138 285 C.
160 261 219 288 1091

81 1504 140 1527 Quae
155 1503 216 1525 fuerit

33 1529 134 1555 definitio,

38 2340 212 2368 Compositionem

31 2367 79 2388 inde
89 2368 160 2389 initam
170 2375 213 2390 ser-

32 2394 120 2416 vandam
131 2396 213 2421 praeci·

31 2420 61 2446 pit
70 2421 165 2451 Urbanus
175 2423 213 2442 snb

31 2448 138 2476 canonicis
164 2454 214 2475 pue—

874 241 1019 264 rnmxt's

251 295 447 341 Apuliaeffl.
461 297 713 344 praesidentibus
730 296 883 341 religiosis
898 306 925 330 vt
944 310 1000 329 11·-

250 346 444 380 nerabtlibus
472 355 532 381 tam
565 348 735 393 epist-opis,
761 359 852 392 qnam
876 354 1000 381 sanctae

249 394 410 430 Romanae
433 395 595 430 Ecclesiae
611 396 834 432 cardinalibus,
857 396 921 432 sive
937 395 997 429 dia·
1019 418 1021 425 ·

248 444 396 478 conibns:
423 445 620 479 adstantibus
654 446 746 479 etiam
772 444 930 478 nobilibus
949 457 1000 478 111-

250 494 361 529 manis.
393 503 420 527 ct
449 495 617 529 comitibus
645 494 777 539 Apuliae
803 493 998 539 gloriosissi-

251 543 327 582 mis,
355 542 530 577 Boamunte
564 552 593 578 et
622 542 803 585 Gniilclmo,
831 555 863 576 re
886 544 996 576 iti-rum

247 590 302 625 diu
325 600 354 626 et
378 592 511 627 multum
548 593 714 640 inquisita,
748 591 873 625 tandem
899 592 998 638 inspi-

246 649 334 675 rante
357 640 423 675 Deo
442 641 579 676 lucidius
601 641 709 684 eluxit,
731 641 762 675 in
777 653 871 687 quam
896 642 998 688 potius

247 699 368 736 partem
417 690 533 725 iustitia
568 690 748 725 declinaret.
791 690 871 724 Cum
913 691 996 725 enim

247 746 377 786 utraque
399 751 469 785 pars
491 740 556 774 suis
583 739 673 781 nobis
694 739 935 785 allegationibus
947 740 996 774 ob·

245 787 354 832 viaret,
376 796 404 822 et
429 789 501 823 binc
520 789 697 836 pactionem
723 788 885 828 abbatum,
912 801 997 823 con-

244 835 453 872 firmationem
478 838 678 879 Pontificum,
705 837 866 872 Romanae
883 837 996 872 Eccle-

244 886 310 921 siae
349 887 542 934 legatoi·um;
585 887 669 922 illinc
708 899 778 921 vcro
822 887 994 933 legitimum

244 934 420 977 introitum,
442 945 472 971 et
486 937 669 971 canonicam
692 936 818 982 triginta
840 949 993 971 annorum

244 985 477 1032 possessionem
500 985 593 1020 nobis
614 994 830 1032 opponerent:
861 998 918 1020 nos
940 986 994 1033 qui

243 1034 385 1069 omnium
408 1034 548 1069 fidelium
564 1047 673 1070 causas
694 1047 792 1082 aequa
814 1035 903 1069 lance
923 1048 995 1081 pen-

242 1095 311 1118 sare
337 1083 502 1129 debemus,
529 1085 693 1131 utriusque
727 1084 852 1119 utilitati
888 1084 994 1131 provi-

242 1132 365 1174 dentes,
402 1133 504 1180 ipsam
541 1133 627 1169 litem
662 1133 849 1168 concordiae
872 1145 995 1168 conve-

241 1181 358 1217 nientis
370 1182 526 1230 aequitate
548 1183 694 1218 decidere
717 1182 897 1217 maluimus.
914 1182 995 1217 Om-

241 1243 298 1266 nes
332 1231 427 1278 igitur
461 1232 514 1279 qui
546 1232 713 1267 nobiscum
746 1232 890 1271 aderant,
914 1232 993 1266 banc

241 1280 430 1315 sententiam
463 1281 691 1326 collaudantes,
718 1281 994 1316 consentientibus

242 1329 412 1376 praedictis
436 1331 600 1377 utriusque
614 1331 757 1365 coenobii
782 1330 941 1369 fratribus,
964 1338 994 1364 et

241 1379 274 1413 in
296 1378 442 1414 manibus
467 1380 594 1421 nostris,
612 1380 705 1415 fidem
731 1379 918 1426 pollicendo,
941 1381 994 1413 lir-

241 1427 412 1473 manfibus,
434 1429 602 1464 concordia
624 1437 655 1464 et
677 1441 736 1476 pax
758 1429 837 1464 inter
858 1441 912 1463 eos
934 1428 993 1463 boc

240 1477 336 1513 modo
355 1478 453 1524 posita
469 1486 531 1519 est·‚
554 1488 586 1513 ut
600 1479 720 1513 scilicet
742 1478 993 1513 vindocinenses

240 1527 387 1562 monachi
414 1528 453 1563 de
479 1528 528 1563 bis
556 1528 656 1562 tribus
677 1527 842 1572 Ecclesiis,
864 1536 915 1562 aut
930 1528 993 1562 Ec-

242 1575 369 1611 clesiam
392 1576 595 1617 Manifilium,
618 1577 664 1612 vel
687 1577 793 1612 Sancti
817 1577 991 1618 Saturnini,

240 1625 306 1661 sive
320 1625 429 1661 Sancti
450 1626 598 1661 lovannis
613 1639 707 1674 supra
730 1627 872 1673 legerim,
896 1639 990 1661 unam

241 1687 336 1722 quam
362 1676 564 1722 congregatio
592 1683 654 1710 tota
676 1676 810 1711 Sanctae
831 1675 993 1710 Trinitatis

240 1723 385 1770 elegerit,
406 1737 478 1759 cum
502 1725 662 1768 omnibus,
684 1737 765 1772 quae
787 1725 826 1760 ad
848 1725 991 1760 eamdem

241 1773 417 1808 Ecclesiam
451 1781 512 1809 tam
542 1774 725 1815 mobilibus,
754 1786 848 1821 quam
876 1775 992 1809 immo-

240 1821 360 1858 bilibus
380 1823 530 1868 interius⁷
557 1824 756 1871 exteriusque
781 1824 819 1858 ad
843 1836 992 1870 praesens

242 1871 413 1918 pertinent‚
440 1872 519 1907 infra
555 1873 624 1908 dies
661 1874 788 1920 triginta
823 1881 990 1920 postquam

241 1920 372 1956 domum
398 1921 560 1963 redierint,
589 1924 778 1957 monasterio
802 1922 910 1957 Sancti
936 1923 992 1957 At-

241 1969 307 2004 bini
331 1970 362 2004 in
377 1979 564 2018 perpetuum
584 1972 718 2006 tradant.
742 1971 867 2006 Fratres
887 1974 990 2019 itaque

241 2017 348 2054 Sancti
370 2019 478 2055 Albini
508 2033 634 2055 omnem
661 2022 764 2061 litem,
799 2033 991 2068 omnemque

241 2067 430 2103 calumniam
453 2082 491 2104 ex
513 2082 606 2105 causa
637 2071 694 2105 bac
725 2071 755 2104 in
786 2082 898 2113 manus
932 2082 992 2104 no-
1035 2093 1037 2096 ι

240 2125 338 2162 stras,
359 2127 390 2152 et
410 2117 692 2154 vindocinensium
716 2119 846 2154 fratrum
869 2119 991 2154 resuta—

238 2175 331 2201 rnnt:
375 2166 625 2203 vindocinenses
655 2181 728 2203 vero
756 2180 851 2203 unam
879 2181 991 2214 snpra-

241 2215 396 2250 dictarum
422 2217 635 2252 Ecclesiaruni
672 2220 703 2251 in
729 2230 843 2252 manus
869 2226 992 2251 nostras

242 2264 461 2309 reddiderunt,
494 2277 524 2301 et
558 2280 613 2314 per
639 2279 697 2301 uos
731 2267 858 2301 eosdem
881 2279 992 2301 mona-

241 2314 320 2349 chos
346 2316 561 2350 investierunt.
584 2316 744 2351 Praesenti
773 2317 867 2362 igitur
884 2324 991 2351 aucto-

243 2363 333 2398 ritate
360 2363 583 2399 fraternitatem
617 2374 748 2399 vestram
772 2366 991 2405 :imponemus

242 2421 273 2447 et
294 2413 516 2460 praecipimus⁷
552 2423 585 2448 111
607 2413 666 2449 hoc
694 2423 821 2461 pactum
852 2427 867 2448 a
902 2414 992 2449 nobis

244 2461 419 2497 intentione
453 2464 540 2510 pacis
587 2471 617 2498 et
651 2465 767 2510 quietis
803 2465 990 2511 dispositum

279 2536 318 2571 (l)
329 2537 399 2564 Urbs
410 2538 539 2565 Lucaniae
554 2537 602 2564 hac
618 2541 774 2572 tempestate
792 2546 896 2570 eversa,
917 2540 993 2566 cuius

244 2578 384 2611 episcopus
394 2578 483 2605 Tarsi.
496 2588 508 2604 a
525 2586 579 2612 quo
598 2579 627 2603 ΓΞ
646 2578 708 2604 mili.
726 2585 796 2612 pass.
813 2578 888 2605 abest
903 2580 929 2605 in
940 2583 991 2606 ort.

245 2619 375 2642 moratur.
391 2616 544 2651 130υά131111,
564 2618 628 2644 Lex.
649 2618 746 2653 Geogr.

1682 235 1747 267 139

1043 306 1069 330 et
1093 305 1241 330 statutum
1266 297 1351 331 0111111
1381 305 1521 343 tempore
1544 306 1645 332 ratum
1679 307 1709 333 et
1746 299 1795 333 in-

1041 358 1232 379 concussum
1265 356 1396 381 teneatis
1419 357 1447 380 ct
1470 346 1653 381 observetis.
1685 347 1796 390 Quae-

1041 408 1178 441 cumque
1202 404 1303 428 111111-111
1340 408 1411 442 pars
1447 396 1526 431 banc
1560 405 1684 431 nostrae
1713 398 1796 432 dcci-

1041 445 1139 477 sionis
1155 445 1341 478 senteutiam
1360 458 1420 479 non
1433 447 1620 493 susceperit,
1636 447 1681 481 vel
1698 455 1796 481 trans-

1040 493 1127 539 gredi
1165 495 1426 539 praesumpserit,
1455 503 1515 528 tam
1548 507 1705 530 canonum
1743 508 1794 531 se—

1041 541 1160 576 veritati
1188 542 1370 586 subiaceat⁷
1405 551 1496 590 (piam
1532 543 1687 589 legitimae
1710 557 1794 579 com-

1042 590 1206 636 positionis
1243 603 1395 637 poenam,
1433 592 1529 636 idest,
1565 594 1631 628 auri
1663 603 1791 629 centum

1040 640 1189 675 librarum
1223 641 1396 681 sustineat,
1432 649 1462 675 et
1489 653 1505 675 a
1536 654 1628 677 causa
1664 644 1792 690 penitus

1039 690 1140 724 cadak

1087 739 1164 773 Data
1181 737 1306 773 Tarenti
1317 746 1424 773 octavo
1440 738 1588 775 kalendas
1601 741 1789 777 decembris.

1262 791 1312 821 Die
1331 792 1368 822 22
1388 792 1572 832 novembris.

1380 875 1450 910 xit.

1040 929 1091 962 Ad
1112 929 1290 964 Anselmum
1308 931 1516 965 ‚tsediolanem
1532 932 1791 978 archiepiscopum

1126 979 1161 1012 cle
1186 981 1432 1014 reconciliatione
1454 982 1611 1025 lapsorum
1634 983 1694 1025 (l).

1084 1034 1274 1071 Discretioni
1305 1045 1428 1072 nostrae
1456 1038 1597 1083 videtur,
1632 1048 1788 1087 quatenus

1036 1084 1209 1119 secundum
1222 1087 1378 1132 praecepti
1392 1088 1488 1122 nostri
1501 1090 1789 1136 tenorem‚quando

1036 1134 1211 1168 secundum
1239 1135 1401 1170 Ecclesiae
1438 1144 1558 1172 vestrae
1586 1150 1705 1173 morem
1734 1152 1786 1174 sa-

1035 1194 1105 1217 cros
1146 1183 1277 1219 daturus
1314 1185 1509 1231 quibuslibet
1551 1187 1620 1221 aliis
1659 1188 1788 1224 ordines

1035 1231 1222 1268 benedicere
1241 1235 1393 1280 caeperis‚
1417 1247 1470 1269 eos
1488 1247 1567 1282 quos
1590 1244 1639 1270 tua
1663 1237 1789 1273 duxerit

1035 1281 1159 1316 solertia
1188 1283 1448 1321 reconciliandos,
1481 1284 1562 1319 inter
1596 1285 1788 1322 benedicen-

1035 1330 1110 1364 dum
1143 1339 1173 1366 et
1214 1344 1326 1367 manns
1354 1333 1581 1380 imponendum
1615 1334 1710 1370 facias
1742 1337 1789 1371 in-

1036 1388 1170 1424 teresse,
1197 1381 1312 1427 quibus
1337 1390 1459 1417 caetera
1491 1383 1596 1418 omnia
1618 1396 1786 1420 consecra-

1036 1429 1128 1463 tionis
1155 1430 1362 1465 instrnmenta
1397 1440 1519 1478 praeter
1555 1433 1711 1469 unctionis
1737 1447 1788 1469 ex-

1036 1477 1151 1525 plebis,
1187 1487 1215 1513 et
1249 1481 1295 1515 sic
1322 1480 1359 1515 ad
1390 1486 1498 1516 sancta
1525 1481 1700 1518 ministeria
1736 1496 1787 1519 re-

1034 1528 1229 1563 conciliabis.

1049 241 1074 263 Π
1104 242 1152 262 ΙΨ.

1365 1617 1451 1652 XIII.

1037 1673 1237 1719 Confirmatio
1259 1676 1406 1709 bonorum
1424 1678 1573 1716 omnium,
1603 1690 1638 1712 ac
1649 1680 1786 1724 privile-

1080 1725 1203 1767 giorum
1238 1727 1417 1759 monasterii
1441 1728 1476 1760 S.
1514 1728 1650 1771 Sophiae
1684 1730 1785 1762 Bene-

1080 1780 1227 1806 ventanae
1253 1775 1405 1812 dioecesis,
1441 1777 1526 1810 cuius
1560 1778 1665 1810 abbati
1690 1780 1783 1822 qain-

1082 1823 1164 1865 qnies
1192 1824 1224 1855 in
1249 1835 1331 1856 anno
1353 1825 1595 1859 chirotltecarwn
1619 1839 1691 1861 usus
1717 1839 1785 1860 con·

1081 1872 1199 1904 ceditur
1226 1873 1287 1914 (2).

1300 1924 1516 1956 SUMMARIUM

1032 1969 1257 2001 Exordium.—
1278 1973 1485 2004 Monasterium
1518 1975 1573 2005 hoc
1605 1975 1659 2006 sub
1694 1978 1784 2007 tutela

1073 2011 1157 2040 Sedis
1179 2012 1366 2051 Apostolicae
1385 2015 1556 2053 suscipitur,
1587 2032 1626 2038 —-
1657 2018 1696 2046 Ac
1728 2018 1784 2047 soli

1072 2050 1220 2081 Romanae
1237 2051 1387 2083 Ecclesiae
1416 2054 1582 2084 subiectum
1606 2056 1782 2087 declaratur.

1070 2090 1188 2120 —lura
1209 2094 1305 2121 omnia
1329 2102 1361 2122 ac
1394 2093 1470 2123 bona
1503 2095 1724 2124 confirmantur.
1745 2112 1785 2118 -

1071 2130 1172 2159 Abbas
1196 2141 1210 2160 a
1230 2133 1382 2161 monacbis
1405 2134 1567 2169 eligendus.
1589 2151 1628 2156 —
1649 2135 1784 2165 Monachi

1072 2178 1138 2198 vero
1158 2170 1331 2200 dioecesana
1352 2173 1414 2210 lege
1437 2172 1591 2203 Ordinario
1619 2174 1785 2204 subiiciun-

1072 2212 1126 2238 tur.
1146 2210 1302 2240 —Abbati
1330 2212 1489 2250 quinquies
1522 2214 1550 2242 in
1578 2223 1654 2242 anno
1686 2214 1785 2244 chiro·

1072 2249 1222 2278 tbecarum
1256 2260 1329 2280 usus
1352 2252 1532 2281 conceditur.
1555 2269 1595 2274 —
1615 2253 1781 2285 Clausulae.

1032 2300 1153 2328 Urbanus
1169 2302 1309 2338 episcopus
1329 2311 1423 2332 servus
1448 2311 1587 2333 servorum
1609 2305 1665 2338 Dei,
1685 2306 1784 2335 dilecto

1076 2346 1105 2372 111
1124 2345 1231 2375 Christo
1250 2348 1305 2375 filio
1329 2348 1469 2381 madelmo,
1501 2349 1594 2377 abbati
1621 2352 1784 2379 venerabilis

1076 2392 1236 2419 monasterii
1255 2393 1368 2420 Sanctae
1382 2393 1493 2427 sophiae
1503 2394 1578 2421 intra
1594 2394 1782 2429 Beneventum,

1077 2435 1129 2462 sibi
1146 2436 1254 2471 suisque
1275 2438 1474 2465 successoribus
1500 2439 1666 2473 regulariter
1682 2440 1783 2469 substi-

1077 2480 1195 2513 tuendis,
1215 2480 1243 2508 in
1263 2483 1433 2517 perpetuum.

1082 2528 1274 2563 Potestatem
1311 2532 1427 2576 {ig-audi
1461 2541 1554 2578 atque
1586 2532 1724 2567 solvendi
1752 2534 1782 2569 in

1069 2587 1108 2620 (l)
1125 2587 1162 2612 Ex
1176 2587 1273 2613 famul.
1287 2588 1395 2613 Cellect.
1408 2588 1664 2621 Harduinitom.1v‚
1682 2598 1738 2623 par.
1752 2598 1782 2622 11,

1034 2622 1084 2648 col.
1105 2623 1181 2648 1050.
1221 2622 1260 2657 (2)
1277 2623 1314 2648 Ex
1332 2624 1430 2649 Concu.
1450 2628 1514 2651 tom.
1532 2632 1582 2656 xii,
1599 2624 1649 2652 col.
1668 2625 1729 2652 771).

1819 252 1868 280 An.
1881 253 1908 279 C.
1931 254 1996 280 1091

1830 1065 1859 1085 n«-
1876 1066 2000 1085 recmnvitta-

1814 1092 1871 1113 tione
1885 1093 1998 1119 lapsorum.

1843 2550 1962 2571 Exordium.
