2180 3205
43 268 92 298 Λυ.
110 271 138 297 (1.
160 270 223 299 1157

75 2307 192 2330 anrdtum.

843 278 1027 300 nstitttsxtts
1055 278 1086 299 tv
1115 277 1160 300 ΙΨ.

290 330 355 377 Ego
373 330 529 366 Heni-icus
553 332 657 380 presb.
677 333 761 368 card.
786 333 832 367 tit.
853 335 903 368 Ss.
930 333 989 368 Nc-

238 380 281 414 rei
304 389 333 414 et
355 380 490 416 Achillei
519 395 561 416 ss.

287 429 356 476 Ego
379 430 585 466 {idebrandus
608 431 712 478 presb.
745 431 830 466 card.
861 431 906 466 tit.
931 432 986 466 ba-

236 479 341 514 silicae
363 479 540 515 Duodecim
563 480 787 528 Apostolorum
807 493 849 516 ss.

288 528 354 574 Ego
375 528 450 564 Otto
474 529 554 564 diac.
591 530 759 565 cardinalis
792 529 825 565 S.
859 529 987 576 Georgii

236 578 273 612 ad
303 578 413 612 Velum
442 579 581 614 Aureum
604 591 646 614 ss.

286 627 353 673 Ego
375 626 480 663 Guido
506 628 586 664 diac.
611 627 730 664 cardin.
760 627 794 663 S.
818 628 933 663 Mariae
957 627 986 662 in

236 676 361 711 Portis-u
384 690 425 712 ss.

286 725 352 772 Ego
371 726 508 761 lacintus
533 727 684 762 diaconus
706 726 790 761 card.
814 726 847 760 S.
872 726 986 761 Mariae

235 775 266 810 in
289 775 453 810 Cosmidiu
476 788 517 809 ss.

286 824 352 871 Ego
374 825 533 860 Bonadies
560 825 714 860 diaconus
741 825 909 860 cardinalis
940 825 984 859 tit.

237 875 269 908 S.
299 874 410 921 Angeli
432 887 474 910 ss.

287 923 352 970 Ego
386 924 508 958 Arditio
531 922 682 958 diaconus
708 923 877 958 cardinalis
906 923 984 958 tituli

235 973 268 1009 S.
288 972 447 1008 Theodori
475 985 516 1007 ss.

285 1022 352 1069 Ego
378 1022 528 1058 Albertus
555 1023 707 1059 diaconus
741 1022 910 1058 cardinalis
940 1022 985 1057 tit.

234 1072 269 1107 S.
293 1072 421 1107 Adriani
445 1084 487 1107 ss.

285 1122 398 1156 Datum
422 1121 567 1157 Laterani
605 1135 660 1170 per
692 1134 820 1157 manum
852 1120 986 1155 Rolandi

234 1171 269 1206 S.
291 1170 330 1206 R.
353 1171 391 1205 E.
415 1171 500 1206 card.
532 1181 561 1206 et
592 1172 736 1213 cancell„
765 1183 838 1206 non.
867 1171 987 1218 aprilis,

236 1220 300 1255 ind.
325 1233 355 1261 v,
377 1221 497 1256 incarn.
519 1221 639 1256 domin.
663 1234 746 1256 anno
768 1233 892 1265 Μεινιι,
909 1232 987 1267 ροη-

235 1269 371 1306 tificatus
405 1282 477 1306 vero
506 1270 616 1306 domni
650 1270 782 1306 Adriani
816 1269 918 1316 Papae
946 1269 988 1303 lV

235 1331 318 1355 anuo
339 1332 383 1356 iv.

293 1376 355 1408 Dat.
374 1377 421 1408 die
440 1378 458 1408 5
480 1377 582 1418 aprilis
603 1387 678 1408 anuo
701 1378 819 1409 Domini
842 1377 927 1416 1157,

493 1427 573 1463 pont.
597 1432 673 1453 anno
693 1431 729 1453 tv.

568 1549 650 1585 xlv.

237 1623 439 1670 Confirmatio
461 1625 622 1661 bonorum,
647 1623 860 1662 donationum,
883 1630 908 1655 et
919 1623 988 1667 pri—

285 1675 477 1718 vilegiorum,
502 1685 521 1707 α
548 1673 684 1707 Summis
701 1673 903 1717 Pontificibus
923 1673 989 1706 lea-

284 1724 407 1757 vellenst‘
428 1723 581 1757 Ecclesiae
607 1734 814 1756 concessorum
838 1724 893 1765 (l).

506 1795 718 1827 SUmtARtUM

237 1854 406 1885 Exordium.
436 1870 476 1876 —
505 1853 708 1884 Raveltensem
739 1853 901 1884 Ecclesiam
935 1853 990 1883 sub

279 1899 458 1938 protectione.
480 1898 566 1928 Sedis
584 1898 684 1938 Apost.
716 1898 821 1937 recipit
848 1897 989 1927 Pontifex.

276 1959 317 1966 -
337 1942 408 1973 Eius
430 1943 505 1974 bona
519 1945 616 1973 omnia
636 1943 798 1973 confirmat.
820 1959 860 1965 —-
880 1942 990 1972 Solitae

277 1987 497 2017 conclusiones.
518 2004 558 2010 —
578 1986 717 2017 Hadriani
740 1987 794 2017 ΡΙ).
817 1992 845 2017 et
866 1987 894 2017 S.
913 1987 945 2017 R.
960 1987 990 2017 E.

278 2031 359 2061 card.
380 2031 626 2071 subscriptiones.

237 2093 351 2124 Adrianus
379 2094 499 2133 episcopus
531 2102 610 2124 set-rus
637 2103 754 2124 servor-unt
779 2093 840 2132 nei,
865 2093 991 2124 venerabili

278 2137 341 2168 fratri
362 2138 442 2168 loanni
470 2138 601 2168 Rarellensi
634 2139 750 2178 episcopo,
776 2139 872 2177 eiusque
901 2148 991 2169 succes-

277 2181 367 2213 soribus
383 2183 494 2213 canonice
510 2182 686 2221 substituendis,
703 2184 725 2212 in
748 2187 894 2223 perpetuum.

290 2245 364 2280 Piae
392 2246 560 2292 postulatio
581 2246 749 2281 voluntatis
766 2246 878 2281 effectu
897 2246 991 2281 debet

242 2304 453 2343 prosequente
479 2295 640 2342 compleri,
668 2303 823 2342 quatenus
845 2303 875 2330 et
902 2295 991 2330 dero-

241 2345 337 2380 tionis
358 2345 521 2380 sinceritas
544 2344 742 2380 laudabiliter
769 2345 937 2385 enitescat,
962 2353 992 2379 et

242 2394 522 2441 utilitaspostulata
532 2394 991 2429 viresindubitanterassumat.

242 2443 430 2491 Eapropter,
464 2443 648 2478 venerabilis
682 2444 712 2477 in
744 2443 872 2479 Christo
899 2443 993 2478 frater

242 2493 377 2528 Ioannes
402 2493 562 2541 episcope,
591 2493 651 2528 tuis
684 2493 774 2528 iustis
799 2493 993 2541 postulatio-

244 2542 338 2578 nibus
359 2543 531 2578 clementer
556 2543 740 2587 annuimus,
767 2551 798 2578 et
818 2543 991 2590 praefatam

279 2614 319 2650 (t)
340 2614 378 2640 Ex
401 2613 586 2649 authographo
605 2613 736 2640 Tabularii
763 2613 892 2641 Ecclesiae
915 2614 993 2641 huius

244 2653 325 2682 edidit
339 2654 452 2689 Ugheth,
465 2655 519 2680 ital.
538 2655 609 2687 Sao,
627 2658 691 2682 tom.
711 2663 726 2681 ι.

325 2698 399 2729 Ball.
422 2699 498 2729 Rom.
524 2699 577 2729 t'0l.
602 2699 636 2728 Il.
797 2699 831 2728 81

1661 265 1724 298 ott

1030 333 1247 367 Rawttensoin
1278 332 1463 376 Rectus-iam,
1486 333 1535 367 cui
1561 333 1628 367 Deo
1651 343 1779 367 auctoru
1805 339 1959 375 ‘nava-ummo.

1030 394 1163 428 praeesse
1198 382 1406 427 dignosceris,
1434 382 1494 416 sul)
1522 382 1601 416 beati
1631 382 1713 417 l‘etri
1749 371 1910 428 ctiss'iiffffflm
1940 373 1976 421 {⁴¹¹¹

1030 439 1133 465 nostra
1171 431 1364 478 protectione
1398 432 1600 479 suscipimus,
1628 440 1657 466 ct
1686 435 1869 485 1'1'111'-{¹2,³‚‘‡
1903 434 1976 485 vffjsfl‘ffi

1028 480 1126 514 scutis
1172 481 1277 526 scripti
1319 481 1482 527 privilegio
1526 483 1776 522 commuuimus,
1793 472 1844 516 ιρι-,Ι

1028 537 1212 569 statuentes,
1242 538 1272 563 ut
1304 542 1519 577 quascumque
1548 531 1776 576 possessiones,

1028 590 1248 624 quaecumque
1282 579 1373 619 boua,
1401 580 1510 614 eadem
1540 580 1682 615 Ecclesia
1713 581 1778 615 iun-
1806 594 1854 614 um,
1868 595 1975 613 1..

1030 628 1276 673 praesentiarum
1307 628 1386 662 iuste
1408 637 1437 663 ct
1455 630 1604 664 canonice
1627 630 1779 677 possidet,
1794 625 1828 644 ¹¹¹⁴
1844 626 1953 644 ⁹⁰¹¹¹¹¹⁴¹¹⁴¹

1028 685 1079 710 aut
1109 677 1139 710 in
1169 676 1307 710 futurum
1340 679 1543 713 concessione
1576 679 1779 723 Pontificum,

1029 725 1192 771 largitione
1217 738 1324 768 regum
1350 727 1395 760 vel
1415 728 1604 775 principum.
1620 728 1779 763 oblatione

1029 774 1181 815 fidelium,
1197 787 1251 809 seu
1268 775 1336 809 aliis
1359 775 1447 811 iustis
1464 778 1577 816 modis,
1602 786 1779 824 praestante

1029 823 1178 863 Domino,
1208 824 1321 870 poterit
1342 824 1485 871 adipisci,
1514 826 1600 861 firma
1630 827 1682 861 tihi
1701 829 1778 862 tuis-

1028 884 1089 919 que
1107 873 1345 908 successoribus
1367 883 1397 908 ct
1426 875 1538 910 illibata
1560 886 1777 922 perruaiwa1112

1028 934 1155 957 omnem
1180 934 1251 957 vero
1278 922 1429 957 ambitum
1454 923 1649 960 {mettensis
1673 926 1779 960 Eccle-

1028 971 1102 1012 siae,
1124 971 1205 1006 sicut
1231 984 1247 1006 a
1272 972 1566 1017 praedecessoribus
1593 976 1653 1010 tuis
1681 977 1778 1009 ratio-

1030 1020 1174 1055 nabiliter
1201 1033 1366 1068 possessus
1388 1030 1446 1062 cst,
1470 1024 1521 1057 tibi
1550 1024 1676 1072 tuisque
1704 1038 1778 1059 suc-

1029 1070 1207 1104 cessorihus
1246 1070 1275 1104 in
1317 1080 1503 1117 perpetuum
1539 1074 1774 1109 confirmamus.

1029 1118 1237 1154 Decerniutus
1259 1131 1344 1164 crgo,
1373 1129 1403 1155 ut
1427 1122 1503 1156 nulli
1528 1123 1656 1158 omnino
1676 1124 1778 1158 hotui-
1807 1146 1917 1167 „mmm
1934 1153 1973 1166 m„

1029 1180 1103 1203 num
1140 1169 1228 1203 liceat
1265 1169 1432 1216 praefatam
1461 1171 1633 1206 Ecclesiam
1663 1181 1778 1207 temere
1793 1179 1900 1197 0¹¹¹¹¹³¹²¹⁵²

1030 1218 1228 1264 perturbare,
1245 1226 1298 1252 aut
1318 1219 1387 1254 eius
1407 1222 1622 1266 possessiones
1640 1221 1778 1261 auferre,

1031 1267 1075 1301 vcl
1095 1267 1213 1302 ablatas
1236 1267 1387 1312 retinere,
1411 1270 1565 1312 minuere,
1589 1283 1644 1306 seu
1672 1271 1779 1319 aliqui-

1029 1315 1088 1350 bus
1101 1316 1316 1351 vexationibus
1329 1317 1466 1364 fatigare;
1476 1320 1529 1354 sed
1540 1321 1645 1355 omnia
1659 1321 1778 1367 integra

1029 1373 1271 1405 conserventur,
1294 1378 1415 1408 eorum,
1439 1381 1493 1414 pro
1508 1381 1641 1416 quorum
1662 1370 1780 1416 guber—

1029 1415 1155 1450 natione
1186 1423 1216 1450 et
1250 1415 1500 1453 substentatione
1521 1430 1671 1454 concessa
1694 1428 1779 1463 sunt,

1030 1464 1138 1499 usibus
1151 1465 1281 1499 omnino
1298 1464 1469 1511 profutura.
1489 1466 1522 1502 Si
1550 1481 1611 1515 qua
1631 1468 1726 1515 igitur
1749 1469 1779 1503 in

1031 1513 1171 1548 futurum
1189 1514 1401 1549 ecclesiastica
1415 1517 1622 1552 saecularisve
1636 1530 1780 1564 persona,

1030 1562 1110 1598 hauc
1123 1571 1248 1599 nostrae
1261 1565 1495 1600 constitutionis
1508 1567 1652 1614 paginam
1666 1567 1781 1611 sciens,

1029 1621 1138 1648 contra
1163 1625 1231 1648 eam
1255 1622 1372 1648 temere
1395 1627 1500 1651 ventre
1523 1617 1702 1657 tentaverit,
1725 1629 1780 1651 se-

1030 1662 1135 1697 cundo
1152 1663 1279 1697 tertiove
1301 1666 1504 1707 commonita,
1532 1666 1592 1700 nisi
1620 1678 1783 1713 praesum-

1031 1711 1170 1759 ptionem
1200 1724 1288 1747 suam
1315 1724 1453 1759 congrua
1475 1715 1683 1750 satisfactione
1712 1727 1782 1750 cor-

1032 1761 1160 1802 rexerit,
1176 1762 1340 1809 potestatis
1358 1762 1550 1811 honorisque
1569 1764 1616 1799 sui
1633 1764 1782 1811 dignitate

1030 1819 1150 1855 careat,
1176 1823 1325 1859 reamque
1342 1823 1375 1846 se
1398 1812 1505 1848 divino
1519 1813 1635 1849 iudicio
1649 1815 1783 1849 existere

1031 1859 1070 1894 de
1100 1868 1275 1907 perpetrata
1304 1861 1466 1907 iniquitate
1488 1872 1679 1910 cognoseat,
1707 1872 1735 1898 et
1765 1876 1782 1898 a

1031 1910 1242 1945 sacratissimo
1269 1910 1409 1956 Corpore
1435 1925 1470 1947 ac
1487 1912 1648 1960 Sanguine
1674 1913 1730 1947 Dei
1753 1921 1783 1946 et

1032 1957 1158 1993 Domini
1193 1959 1415 2005 Redemptoris
1440 1962 1536 1996 nostri
1573 1962 1642 1997 Iesu
1665 1961 1782 1996 Christi

1032 2007 1132 2043 aliena
1166 2008 1229 2053 fiat,
1269 2017 1362 2056 atque
1399 2011 1427 2045 iu
1464 2020 1603 2046 extremo
1638 2012 1782 2046 examine

1032 2056 1191 2093 districtae
1209 2058 1319 2093 ultioni
1339 2059 1509 2095 subiaceat.
1532 2060 1664 2095 Cunctis
1678 2069 1780 2095 autem

1032 2106 1134 2141 eidem
1167 2107 1236 2142 loco
1267 2121 1322 2143 sua
1355 2109 1421 2144 iura
1443 2109 1643 2144 servantibus
1666 2110 1703 2144 sit
1724 2122 1781 2155 pax

1032 2156 1160 2190 Domini
1189 2158 1286 2191 nostri
1322 2158 1391 2193 Iesu
1416 2157 1545 2198 Christi,
1573 2167 1730 2206 quatenus
1752 2167 1783 2194 et

1033 2205 1083 2239 hic
1118 2205 1253 2241 fructum
1291 2206 1391 2242 bonae
1424 2208 1557 2243 actionis
1592 2208 1783 2255 percipiant,

1033 2262 1063 2289 et
1095 2255 1178 2301 apud
1211 2255 1388 2290 districtum
1416 2256 1555 2292 Iudicem
1580 2257 1714 2303 praemia
1730 2270 1785 2292 ae-

1034 2311 1140 2338 ternae
1179 2305 1264 2352 pacis
1301 2306 1470 2341 inveniant.
1513 2307 1633 2347 Amen,
1672 2319 1783 2351 amen,

1033 2365 1136 2388 amen.

1082 2402 1155 2437 Eoo
1197 2402 1365 2439 Anninus
1406 2404 1577 2440 catholicae
1625 2405 1785 2441 Ecclesiae
1814 2430 1911 2451 ,hm-‚m
1928 2429 1966 2452 pp-

1034 2451 1202 2499 episcopus
1228 2452 1412 2500 subscripsi.

1083 2500 1151 2546 Ego
1173 2500 1316 2537 Ubaldus
1339 2502 1501 2551 presbyter
1522 2503 1687 2539 cardinalis
1705 2505 1783 2539 tituli
1801 2530 1822 2546 Μ
1836 2525 1858 2546 5,
1880 2525 1902 2545 a.
1927 2525 1982 2544 mi.

1034 2549 1168 2585 Sanctae
1191 2550 1352 2585 praxedis.

1084 2599 1151 2645 Ego
1175 2599 1316 2635 Ubahlus
1345 2601 1448 2648 presb.
1472 2601 1556 2636 card.
1581 2603 1626 2637 tit.
1648 2602 1783 2639 Sanctae

1035 2648 1147 2684 Crucis
1174 2649 1204 2683 in
1227 2648 1437 2685 Hierusalem.

1797 275 1846 302 An.
1865 276 1893 301 C.
1913 273 1978 302 tt.·57

1810 1490 1888 1510 &olnae
1914 1496 1953 1509 rou
1963 1499 1968 1504 ·

1823 1521 1938 1541 elustoaes⁴

1825 2556 1963 2577 cardinalium

1800 2587 1976 2614 subscriptiones.
