2180 3205
434 259 480 292 50

380 321 544 363 Damiani.
567 321 597 356 in
620 320 701 356 beati
723 319 827 355 Lucae
849 318 1056 363 evangelistae
1077 330 1137 352 no-

380 372 466 406 mine
501 378 747 425 consecratam⁷
776 380 832 403 nos
869 368 899 402 in
935 367 1017 402 beati
1052 366 1135 401 Petri

379 420 593 466 apostolorum
617 418 767 465 principis
791 425 958 463 nostraque
985 415 1081 451 tutela
1099 427 1135 450 ac

379 469 562 504 defensione
583 479 796 513 suscepimus,
831 465 915 501 salva
951 465 1134 505 reverentia,

378 526 409 552 et
436 518 569 553 utilitate
600 523 726 552 sanctae
759 515 920 550 Romanae
952 514 978 548 1<
982 514 1133 554 eclesiae,

378 579 524 613 eamque.
552 573 586 600 ut
607 565 645 601 ad
668 565 820 600 orationis
841 573 870 599 et
892 563 1038 599 sacrificii
1062 574 1134 609 gra-

378 616 450 650 tiam
487 615 609 661 vigeat,
642 627 678 649 ac
710 613 826 649 illibata
862 619 1060 668 permaneat,
1097 624 1134 645 cx

378 663 578 711 Apostolicae
619 664 712 699 Sedis
748 663 934 698 auctoritate
960 662 1131 696 fiimamus.

226 728 252 748 n
269 727 339 747 thema
377 713 579 761 Quapropter
613 713 808 761 quicumque
835 711 1032 758 praedictum
1060 722 1133 744 ora-

169 756 229 801 iii-‘li
232 759 350 800 ‘allud
378 763 492 797 torium
519 762 661 809 qualibet
696 762 928 796 machinatione
960 761 1006 795 vel
1028 759 1133 794 studio

169 809 206 827 ¹⁶³⁴
377 812 558 853 destruet-,e
580 812 626 846 vel
661 811 814 846 hostiliter
849 811 1034 858 impugwnaie
1061 817 1133 843 ten-

378 861 499 904 taverit,
515 861 553 896 ab
571 860 780 908 omnipotenti
797 859 864 900 Deo
882 872 918 895 ac
934 860 1025 894 beato
1039 858 1133 893 Petro

377 910 519 958 apostolo
555 908 895 946 excommunicandum
922 921 956 943 se
978 920 1046 943 esse
1068 919 1131 942 non

379 960 536 1006 ambigat3
559 968 589 995 et
607 971 706 1006 usque
728 958 765 993 ad
788 958 1034 996 satisfactionem
1054 969 1132 992 con-

377 1022 487 1055 gruam
501 1008 732 1044 excludendum
748 1020 782 1043 se
797 1020 812 1042 a
827 1007 990 1043 liminibus
1006 1014 1132 1042 sauctae

377 1058 551 1095 Ecclesiae.
565 1066 658 1105 prout
670 1057 802 1103 dignum
819 1066 876 1101 est.
902 1057 1131 1104 perhorrescat;

377 1108 460 1142 sicut
491 1107 567 1142 dicit
599 1106 786 1154 Apostolus:
815 1106 849 1141 Si
876 1107 948 1153 quis
979 1106 1130 1153 templum

377 1156 436 1191 Dei
450 1157 622 1201 violaverit,
635 1155 796 1204 disperdat
814 1163 844 1190 et
863 1156 951 1190 illurn
973 1155 1061 1190 Deus
1079 1157 1129 1199 (α).

377 1205 439 1248 Qui
463 1206 634 1254 praefatum
657 1205 764 1241 locum
779 1214 921 1240 sanctum
943 1217 997 1251 pro
1013 1204 1130 1240 Christi

376 1267 484 1290 amore
505 1255 648 1295 coluerit,
676 1263 706 1290 et
728 1255 949 1289 intemeratum
971 1263 1066 1301 atque
1081 1254 1132 1288 in—

377 1304 532 1340 columem
560 1316 684 1339 servare
711 1303 880 1347 studuerit,
909 1305 976 1351 ipse
1003 1315 1131 1350 quoque

378 1365 434 1400 per
461 1354 717 1389 intercessionem
751 1353 833 1388 beati
861 1353 946 1388 Petri
978 1353 1130 1399 templum

377 1402 496 1438 Christi
511 1403 574 1444 fiat,
597 1411 627 1438 et
646 1402 898 1438 benedictionem
922 1403 970 1438 sui
991 1402 1131 1438 Redem-

378 1452 478 1500 ptoris
498 1452 691 1488 haereditate
714 1452 884 1500 possideat.

167 270 216 296 An.
237 268 266 297 C.
285 268 352 296 1073

696 1589 803 1625 XXX.

379 1662 580 1707 Confirmatio
603 1662 758 1696 erectionis
787 1662 940 1696 Ecclesiae
968 1663 998 1695 in
1033 1663 1131 1696 lVi'sc-

426 1713 527 1756 yracl,
561 1723 639 1756 quoe
677 1713 768 1746 totius
797 1712 959 1745 Bolzemiae
990 1720 1080 1756 capue
1106 1719 1131 1745 et

426 1762 601 1806 metropolis
623 1762 799 1795 declaratur
822 1764 884 1803 (l).

647 1830 862 1861 SUMMARtt'M

380 1900 547 1931 Exordium.
572 1895 622 1923 -Ἴ
635 1900 763 1930 Historia
783 1900 965 1931 fundationis
983 1901 1131 1931 Ecclesiae

420 1941 450 1970 in
469 1941 633 1978 Wise-grad.
650 1957 690 1962 —
707 1940 784 1970 Haec
806 1940 937 1970 Ecclesia
965 1942 1054 1971 totius
1073 1941 1130 1970 Bo-

420 1981 536 2010 hemiae
563 1984 649 2019 caput
677 1985 705 2010 et
731 1980 902 2019 metropolis
932 1981 1131 2011 constituitur

419 2036 459 2042 —
474 2019 532 2049 Dos
550 2019 709 2049 Ecclesiae.
726 2036 766 2041 —
782 2019 906 2049 Annuus
929 2029 1038 2050 census
1055 2020 1133 2059 Apo-

420 2059 541 2089 stolicae
555 2059 623 2089 Sedi
642 2059 867 2098 persolvendus.
880 2077 920 2081 —
935 2059 1011 2090 [sus
1028 2060 1131 2089 mitrae

422 2103 451 2129 et
468 2099 669 2129 sandaliorum
692 2108 743 2138 pro
762 2100 967 2129 sacerdotibus
994 2100 1078 2130 altari
1100 2099 1130 2129 S.

421 2139 500 2168 Petri
531 2139 642 2168 ibidem
675 2138 922 2169 ministrantibus.
951 2156 991 2161 —
1021 2140 1131 2169 Sacra-

422 2183 520 2208 menta
538 2178 648 2208 ibidem
667 2179 824 2223 episcopus
840 2180 974 2209 cons-erre
1000 2180 1026 2208 si
1044 2189 1134 2217 nega-

422 2218 505 2254 verit,
523 2228 538 2247 a
558 2214 738 2257 quolibue'rit
760 2223 895 2263 petantur
917 2219 1065 2258 episcopo.
1094 2236 1134 2241 —

422 2257 610 2288 Confirmatio
629 2258 778 2297 praecepti
798 2258 895 2288 huius

385 2319 516 2349 Alexander
531 2329 609 2350 scrtns
630 2329 746 2350 sertorum
763 2320 815 2358 Dei,
832 2320 895 2350 urliiS
911 2320 998 2350 Rotnac
1016 2320 1134 2359 Episcopus

425 2368 448 2393 ct
462 2363 585 2402 Pupissttis
601 2364 778 2403 successorihus,
795 2374 836 2395 nce
853 2374 897 2395 non
915 2366 1035 2396 catholicis
1047 2367 1133 2405 cpisco-

425 2408 468 2447 pis,
484 2412 622 2447 sanctaeque
636 2408 751 2438 Romanae
772 2409 889 2439 Ecclesiae
907 2408 1016 2439 subiectis
1036 2410 1132 2447 cunctis,

424 2453 542 2491 utriusque
564 2454 625 2483 vitae
648 2454 824 2493 prosperitatem
846 2457 868 2483 et
889 2454 1040 2492 apostolicam
1063 2453 1134 2483 henc-

424 2497 551 2526 dictionent
568 2506 581 2526 a
602 2506 692 2527 stimmo
708 2497 756 2528 Deo
778 2507 830 2528 cunt
852 2497 959 2527 omnihus
977 2497 1074 2527 Sanctis.

423 2560 462 2593 (a)
484 2559 508 2590 1,
534 2558 654 2585 Corinth.
675 2560 702 2586 5.
740 2559 780 2594 (l)
805 2560 845 2586 Ex
870 2559 980 2586 Cosmae
1001 2560 1136 2594 Pragensis

386 2602 517 2629 Chronico
535 2602 604 2630 inter
615 2602 677 2631 lter.
687 2603 798 2636 nahem.
811 2604 907 2639 Script.
920 2604 963 2631 ed.
975 2603 1136 2639 Marquardo

387 2645 524 2674 Freherio.

968 264 1155 287 BELLARtL'M
1184 264 1345 286 noutxtm

1227 318 1291 362 Ea,
1325 330 1404 364 quae
1437 317 1595 352 Dominus
1628 318 1714 354 Deus
1748 331 1837 354 suam
1872 331 1927 367 per

1176 366 1376 401 clementiam
1413 366 1450 401 ad
1486 376 1690 414 augmentum
1725 368 1926 415 Apostolicae

1176 415 1268 450 Sedis
1295 415 1474 450 condonare
1506 416 1651 462 diguatus
1677 425 1735 458 cst,
1762 418 1799 453 ad
1835 419 1927 464 agni-

1177 464 1291 499 tIOnctn
1315 466 1556 512 omnigenarum
1579 465 1768 512 linguarum,
1792 467 1851 502 hoc
1854 447 1926 502 Dsub

1176 513 1385 561 chirographo
1412 515 1576 561 propagari
1599 515 1754 550 volumus.
1782 516 1924 550 Primum

1175 563 1303 609 quidem
1326 563 1572 599 miscricordiam
1595 563 1653 598 Dci
1675 577 1769 610 super
1790 577 1847 600 nos
1863 565 1926 600 dis-

1175 611 1275 647 susam
1299 612 1416 659 liquide
1443 613 1683 648 annunciamus.
1711 613 1924 650 Bohemorutn

1175 660 1238 696 dux
1259 661 1449 697 Wratislaus
1470 663 1517 697 vir
1538 662 1738 703 christianus,
1770 662 1843 697 fidei
1870 664 1926 698 in·-

1175 711 1363 757 tegerrimns
1383 719 1514 756 amator,
1538 712 1661 747 rebus
1654 725 1686 747 ιιι
1708 711 1829 747 bellicis
1852 725 1926 748 tna-

1174 760 1311 806 guilicus
1348 739 1521 812 triumphat
1523 774 1568 802 or,
1605 761 1688 808 quod
1723 761 1927 798 serenissime

1175 809 1292 857 ubique
1326 819 1476 845 terrarum
1504 810 1625 853 claruit,
1657 811 1766 846 limina
1797 819 1926 859 aposto-

1174 858 1276 894 lorum
1291 859 1375 895 Petri
1399 868 1429 895 et
1446 860 1536 895 Pauli
1551 860 1702 896 honestos
1721 873 1775 908 per
1791 861 1925 896 nuncios

1173 909 1311 964 quotidie
1338 909 1478 950 visitans,
1502 922 1558 944 nos
1585 917 1789 957 caeterosque
1812 910 1843 945 in
1865 910 1924 945 Dei

1173 959 1300 993 servitio
1322 958 1544 994 devotissimos
1566 971 1652 994 omni
1679 959 1834 995 beneficio
1861 972 1924 994 non

1173 1007 1302 1042 minime
1318 1009 1521 1055 pi·aeterienS‚
1542 1008 1611 1056 piae
1631 1009 1925 1045 mentis'devotione

1174 1056 1326 1091 innotuit:
1350 1059 1454 1092 Multa
1475 1066 1544 1092 ante
1570 1066 1706 1103 tempora
1732 1066 1834 1093 votum
1859 1060 1925 1092 Deo

1172 1107 1252 1145 vovi,
1277 1108 1359 1152 quod
1379 1109 1480 1141 adhuc
1496 1120 1687 1153 nequaquam
1705 1109 1835 1153 implevi.
1862 1109 1924 1142 Ec-

1172 1156 1293 1190 clesiam
1321 1157 1353 1190 in
1378 1157 1491 1190 honore
1512 1157 1687 1191 Salvator-is
1713 1159 1821 1196 nostri,
1839 1160 1923 1191 cuius

1172 1205 1283 1250 ubique
1300 1207 1486 1251 protectione
1506 1208 1652 1250 munitus,
1674 1214 1789 1240 vestrae
1799 1208 1924 1252 pietatis

1172 1256 1294 1289 auxilio
1332 1256 1493 1301 aedificare
1531 1256 1632 1301 cupio.
1671 1254 1771 1290 Dictis
1810 1255 1925 1290 talibus

1172 1303 1299 1349 auditis,
1334 1304 1522 1351 pontificalis
1547 1317 1628 1352 apex
1656 1312 1690 1339 ut
1715 1304 1924 1346 adcresceret,

1172 1361 1351 1389 sanctorum
1386 1353 1514 1388 Patrum
1558 1366 1692 1389 numero
1726 1354 1924 1409 septuaginta

1172 1401 1306 1437 duorum
1341 1403 1503 1437 communi
1537 1403 1671 1439 consilio
1699 1404 1824 1451 penitus
1851 1404 1926 1438 col-

1172 1450 1380 1487 laudaiimus.
1408 1451 1508 1498 Igitur
1541 1451 1580 1487 ad
1614 1453 1692 1488 haec
1735 1452 1925 1500 perficienda

1172 1499 1321 1537 Ioannem
1347 1501 1547 1557 episcopum
1557 1501 1830 1537 Tusculanensem
1852 1501 1926 1536 fun-

1172 1549 1353 1586 damentum
1377 1550 1452 1585 dare
1478 1550 1640 1596 misimus,
1666 1551 1757 1586 cuius
1778 1551 1810 1586 in
1833 1563 1926 1598 prae-

1172 1600 1271 1635 sentia
1293 1601 1360 1647 ipse
1383 1599 1539 1647 praefatus
1565 1600 1628 1634 dux
1654 1601 1810 1647 cophinos
1844 1608 1926 1635 terra

1172 1657 1302 1684 onustos
1335 1649 1501 1684 duodecim
1533 1649 1668 1697 propriis
1689 1650 1829 1686 humeris
1852 1662 1927 1696 por-

1172 1706 1255 1733 tasse
1288 1698 1463 1733 videbatur.
1491 1698 1597 1733 Locus
1623 1711 1710 1746 ergo,
1732 1699 1764 1734 in
1785 1711 1850 1746 quo
1876 1707 1923 1734 cst

1172 1756 1295 1789 erecta,
1330 1747 1519 1793 Wisegrada
1550 1749 1810 1795 cognominatur,
1839 1748 1925 1796 quod

1172 1806 1262 1832 sonat
1296 1797 1468 1832 liberaliter
1494 1797 1584 1832 altior
1609 1798 1798 1833 civitatibus.
1821 1798 1924 1853 Quam

1173 1855 1402 1882 sacrosanctam
1422 1846 1597 1882 Ecclesiam
1625 1848 1719 1882 totius
1746 1847 1926 1895 provinciae

1173 1905 1272 1951 caput.
1299 1896 1371 1935 dici
1403 1896 1544 1930 venerari
1571 1896 1748 1937 sanximtis;
1777 1896 1924 1943 praediis,

1173 1946 1348 1991 mancipiis,
1375 1957 1464 1985 auro,
1491 1952 1632 1991 argento,
1659 1945 1853 1992 caeterisque
1874 1958 1926 1980 or-

1175 1995 1329 2029 namentis
1362 1993 1511 2028 decenter
1526 1973 1671 2029 adimam
1697 1995 1923 2041 comperimus.

1175 2043 1323 2091 Episcopi
1344 2043 1410 2078 eius
1432 2043 1491 2078 sub
1507 2043 1648 2079 dominio
1663 2044 1729 2079 suis
1741 2044 1778 2078 de
1793 2044 1925 2079 decimis

1174 2100 1329 2128 trecentos
1350 2092 1496 2127 homines
1518 2093 1557 2127 ad
1578 2093 1721 2128 eamdem
1747 2093 1925 2128 Ecclesiam

1173 2149 1434 2189 segregaverunt;
1448 2142 1569 2189 praesul
1581 2142 1749 2189 Pragensis
1759 2142 1925 2183 ducentos,

1174 2191 1397 2227 Oloniucensis
1409 2200 1547 2232 centum,
1562 2192 1690 2226 fratrum
1704 2204 1832 2227 suorum
1844 2191 1927 2227 Con-

1175 2241 1238 2275 tadi
1261 2250 1291 2275 et
1312 2240 1438 2275 Ottonis
1457 2253 1625 2276 consensu.
1648 2241 1716 2276 Hoc
1740 2241 1846 2276 itidem
1861 2253 1927 2288 as)-

1175 2290 1239 2324 lum
1271 2290 1416 2325 tutamini
1438 2290 1519 2325 beati
1541 2290 1625 2325 Petri
1655 2290 1806 2337 principis
1842 2302 1925 2336 apo—

1175 2339 1342 2380 stololum‚
1362 2340 1548 2386 cunctisque
1564 2340 1594 2374 in
1613 2340 1682 2374 eius
1702 2339 1777 2374 sede
1791 2339 1927 2374 sessuris

1175 2388 1305 2423 firmiter
1327 2389 1568 2423 commendauit.
1592 2389 1712 2423 Marcas
1743 2400 1792 2422 xtt
1814 2388 1852 2423 de
1871 2400 1927 2423 ca-

1175 2438 1247 2472 dem
1269 2438 1411 2473 Ecclesia
1432 2438 1470 2473 ad
1494 2437 1589 2485 pedes
1612 2437 1793 2472 universalis
1809 2437 1927 2484 Papae,

1176 2487 1368 2534 quicumque
1390 2487 1460 2527 erit,
1474 2487 1560 2522 omni
1579 2498 1661 2521 anno
1676 2486 1853 2521 offerendas
1867 2487 1927 2521 sub

1177 2536 1294 2571 Christi
1318 2536 1497 2571 testimonio
1523 2535 1697 2570 destinavit.
1720 2535 1825 2570 Huius
1852 2548 1925 2571 vero

1178 2586 1368 2620 conditionis
1389 2586 1486 2630 gratia
1508 2585 1631 2620 cunctis
1645 2584 1758 2621 celsior
1773 2585 1803 2619 in
1817 2584 1928 2620 eadem

1180 2636 1305 2682 regione
1321 2643 1353 2669 ut
1366 2634 1522 2670 videretur
1531 2633 1693 2681 Ecclesiis‚
1706 2633 1929 2681 qualicumque

1947 257 1997 283 An.
2013 256 2040 284 C.
2064 257 2130 286 1073

1973 303 2041 331 Eius-t
2046 317 2092 331 tuin.

1981 624 2039 643 11th
2042 630 2072 643 ικι
2088 624 2131 643 sitn-

1949 650 1965 669 ι]
1970 653 2005 670 tio
1994 651 2039 670 onis
2061 650 2087 670 Et
2083 651 2131 670 ’,ι-[1

1948 677 1992 696 siae
2017 677 2037 697 in
2062 677 2108 697 ΜΞ
2100 682 2131 697 e-

1949 703 2006 727 {tram}

1966 1703 2024 1723 Haec
2039 1702 2135 1723 Ecclesia

1968 1730 2033 1750 totius
2055 1729 2125 1750 Bohc-
2176 1729 2180 1733 ”

1951 1757 2006 1778 miae
2027 1758 2090 1780 caput
2115 1757 2136 1776 et

1951 1783 2073 1813 metropolis
2087 1788 2136 1803 con·

1951 1812 2052 1830 stituitnr.

1965 1888 2007 1910 Dos
2019 1889 2136 1910 Ecclesiae.

1964 2392 2048 2411 Annuus
2057 2395 2133 2410 census

1959 2417 2052 2442 Apostnt.
2068 2416 2120 2437 sedi

1951 2443 2111 2470 persolvendus.
