2180 3205
193 256 241 283 An.
260 258 287 286 C.
309 258 375 286 ¹¹58

217 2156 333 2178 Erordium,

443 251 513 285 650

438 316 504 362 Ego
526 315 664 350 lacintus
685 313 788 361 presb.
818 313 903 349 card.
926 315 973 349 tit.
1005 314 1039 349 S.
1066 315 1134 349 Ma-

388 365 450 400 riae
476 366 506 399 in
529 364 710 399 Cosmedin.

435 414 505 448 Dat.
532 414 676 448 Laterani
706 426 761 460 per
788 426 900 449 manus
932 413 1066 449 Rolandi
1099 414 1132 450 S.

385 462 425 497 R.
453 463 488 497 E.
516 463 683 498 cardinalis
721 472 752 498 et
793 463 986 503 cancellarii,
1030 464 1133 499 idibus

385 513 474 552 iunii,
490 513 597 547 indict.
612 525 644 557 v,
660 514 779 548 incarn.
795 513 880 548 dom.
904 526 986 548 anno
1005 526 1132 556 alcun,

385 562 585 608 pontificatus
627 563 734 598 domni
777 563 905 598 Adriani
949 563 1053 610 Papae
1092 563 1133 597 IV

383 623 466 646 anno
494 624 542 646 111.

442 668 502 698 Β31.
521 670 568 699 die
592 670 628 699 13
652 670 723 699 iunii
743 679 818 700 anno
839 669 954 700 Domini
987 670 1072 707 1157,

640 720 719 754 pont.
738 724 814 744 anno
832 723 873 745 111.

715 883 802 918 XIX.

381 961 570 995 Monaseerio
597 962 658 995 SS.
693 961 855 994 Trinitatis
881 962 917 994 de
944 961 1048 994 Monte
1075 962 1130 995 Sa-

430 1023 480 1044 cro
512 1012 630 1044 ordinis
666 1010 804 1044 Casinen.
838 1011 1022 1055 Sipontinae
1053 1011 1129 1044 dioe-

431 1062 513 1099 cesis,
549 1062 737 1106 confirmatis
759 1061 844 1094 bonis
875 1061 1032 1098 omnibus,
1058 1073 1131 1094 non-

428 1111 515 1143 nulla
537 1111 742 1144 conceduntur
765 1111 929 1154 privileqia
957 1112 1012 1154 (1).

645 1184 859 1215 SUMMARIUM

381 1251 547 1282 Exordium.
568 1269 608 1274 —
628 1251 706 1282 Bona
739 1252 774 1282 ati
803 1252 1013 1282 monasterium
1045 1252 1131 1291 perti-

422 1297 519 1326 nentia
543 1305 719 1326 enumerans
745 1297 900 1326 confirmat
927 1296 1071 1326 Pontifex:
1092 1314 1132 1319 —

420 1341 453 1370 Et
475 1341 662 1371 donationem
685 1341 862 1370 monasterio
885 1341 989 1371 saetam
1013 1341 1049 1371 ab
1077 1340 1132 1370 lm-

421 1385 586 1415 metaticho.
603 1402 642 1407 —
659 1385 780 1414 Abbatis
799 1385 973 1415 electionem
998 1396 1049 1425 per
1070 1396 1131 1416 310-

421 1431 531 1460 3361105
551 1430 614 1460 sicri
639 1430 770 1460 mandat:
787 1447 826 1452 —
842 1430 894 1459 Cui
917 1429 1050 1459 habitum
1070 1440 1132 1459 mo-

420 1475 576 1504 nachicum
624 1474 791 1514 petentibus
837 1475 925 1504 dandi
961 1474 1130 1504 facultatem

421 1520 532 1549 tribuit.
553 1537 593 1541 —
613 1519 821 1549 Monasterium
845 1519 970 1549 liberum
990 1519 1026 1549 ab
1051 1520 1130 1549 omni

420 1564 518 1594 laicali
537 1565 580 1594 vel
602 1564 805 1594 ecclesiastica
835 1568 975 1603 potestate
1005 1564 1035 1593 in
1059 1568 1131 1594 lem-

420 1608 571 1648 poralibus
590 1609 730 1646 declarat3
746 1626 786 1631 -—
804 1608 887 1639 Salvo
907 1618 1004 1638 annuo
1039 1618 1130 1638 censu

420 1658 544 1683 monast.
563 1653 730 1684 Cassinensi
750 1653 857 1684 debito.
875 1671 915 1676 —
931 1653 1132 1683 Consecratio-

419 1707 472 1727 nes
495 1707 563 1728 vero
591 1698 744 1735 altarium,
780 1703 807 1728 et
839 1708 939 1728 sacros
969 1699 1086 1728 ordines
1115 1709 1129 1728 a

421 1742 587 1772 diceeesano
611 1743 750 1782 episcopo
782 1743 989 1782 suscipiendos
1018 1743 1131 1779 statuit,

420 1803 460 1809 —
474 1787 671 1826 Annuumque
687 1798 807 1818 censum
824 1788 972 1817 Romanae
982 1787 1131 1817 Ecclesiae

421 1836 559 1860 reservat.
581 1848 620 1853 —
641 1831 749 1861 Solitae
762 1832 923 1862 clausulae.
938 1849 977 1854 —
991 1831 1130 1862 Hadriani

423 1874 475 1904 PP.
493 1880 522 1905 et
544 1875 572 1905 S.
590 1875 623 1905 R.
646 1876 675 1905 E.
699 1876 777 1906 card.
796 1876 1038 1915 subscriptiones.

384 1946 495 1977 Adrianus
513 1948 631 1986 episcopus
648 1956 726 1977 servus
746 1956 862 1977 servorun]
890 1946 941 1985 nei,
964 1946 1055 1976 dilectis
1077 1946 1130 1977 liliis

422 1991 499 2021 abbati
526 1992 659 2021 {nonasterii
680 1991 717 2021 SS.
737 1991 856 2021 Trinitatis
883 1991 912 2021 de
945 1991 1021 2021 Monte
1054 1992 1130 2029 Sacro,

422 2037 516 2074 eiusque
535 2035 639 2066 iratribus
655 2041 701 2065 tani
719 2035 876 2075 praesentibus
894 2046 962 2074 quain
979 2036 1060 2066 suturis
1083 2046 1131 2067 1110-

423 2082 533 2111 nasticain
548 2082 617 2111 vitam
639 2080 754 2120 professis,
777 2082 800 2111 in
817 2085 964 2121 perpetuum.

433 2148 626 2196 Religiosam
657 2148 747 2184 vitam
783 2148 972 2195 eligentibus
1005 2157 1131 2197 aposto-

384 2198 479 2233 licum
516 2198 662 2233 convenit
695 2199 805 2233 adesse
844 2199 1058 2245 praesidium3
1092 2211 1131 2234 116

385 2248 463 2283 forte
485 2248 653 2283 cuiuslibet
678 2248 865 2283 temeritatis
900 2249 1045 2284 incursus
1080 2257 1132 2284 aut

385 2310 440 2332 eos
461 2310 477 2332 a
505 2298 664 2345 proposito
683 2306 818 2339 revocet,
840 2307 893 2333 aut
916 2298 1021 2338 robur,
1046 2299 1130 2346 qnod

385 2347 477 2389 absit,
504 2357 628 2382 sanctae
650 2347 811 2395 religionis
834 2348 993 2394 infringat.
1010 2349 1131 2395 1331110-

387 2405 466 2443 pter,
489 2396 594 2431 dilecti
618 2397 649 2431 in
672 2397 809 2432 Domino
829 2398 894 2443 lilii,
911 2398 1024 2433 vestris
1043 2399 1132 2433 iustis

387 2446 649 2492 postulationibus
683 2447 855 2482 clementer
881 2449 1069 2488 annuimus,
1102 2456 1132 2482 et

388 2495 555 2540 praefatum
579 2498 803 2532 monasterium
831 2496 890 2532 SS.
912 2497 1072 2532 Trinitatis
1094 2497 1132 2532 de

386 2544 493 2579 Monte
527 2545 623 2580 Sacro
657 2547 687 2580 in
724 2558 786 2594 quo
820 2547 928 2581 divino
963 2549 1131 2594 mancipati

424 2614 462 2649 (l)
477 2615 515 2641 Ex
532 2615 683 2644 authentico
699 2617 843 2652 exemplari
854 2617 937 2644 edidit
949 2617 1062 2652 Ugben„
1075 2617 1131 2644 ltal-

386 2659 458 2693 Sac.,
469 2664 531 2687 10111.
553 2669 602 2694 vn,
621 2663 662 2688 ubi
679 2663 711 2688 de
727 2664 863 2697 &pontina
879 2663 1003 2689 Ecclesia.

987 260 1175 283 BUILAmmt
1201 260 1365 283 ROMANFM

1176 315 1251 350 estis
1269 314 1433 361 obsequio,
1452 314 1488 349 ad
1512 314 1672 362 exemplar
1699 313 1924 362 praedecesso-

1175 377 1243 399 rum
1288 372 1465 399 nostrorum
1521 364 1707 400 venerabilis
1752 365 1922 400 memoriae

1174 414 1319 458 Honorii,
1344 413 1516 449 innocentii
1539 422 1569 448 et
1590 413 1736 460 Eugenii,
1759 413 1922 449 Romano-

1175 477 1243 498 rum
1266 463 1475 507 Pontificum,
1501 464 1672 510 praesentis
1698 463 1803 510 scripti
1827 464 1922 510 privi-

1174 513 1255 560 legio
1295 514 1530 548 communimus
1565 516 1627 557 (l),
1666 520 1849 553 statuentes,
1889 522 1921 548 ut

1173 575 1390 610 quascumque
1429 575 1663 610 possessiones,
1701 574 1920 609 quaecumque

1174 612 1239 647 loca
1270 613 1352 647 idem
1380 613 1604 647 monasterinm
1628 612 1917 659 impraesentiarum

1175 663 1255 697 iuste
1269 670 1299 697 et
1317 662 1468 697 canonice
1491 662 1638 709 possidet,
1661 670 1714 696 ant
1736 662 1917 696 infuturum

1173 712 1378 747 concessione
1394 712 1598 751 Pontificum,
1613 711 1778 757 largitione
1797 723 1918 757 regum,

1173 761 1357 796 liberalitate
1379 761 1569 809 principum,
1591 761 1748 796 oblatione
1766 760 1919 804 fidelium,

1172 811 1236 846 sive
1257 811 1326 846 aliis
1348 811 1438 846 iustis
1464 811 1577 855 modis,
1602 811 1670 846 Deo
1693 810 1839 858 propitio,
1864 823 1921 858 po·-

1173 861 1243 895 terit
1264 861 1408 909 adipisci,
1435 860 1523 895 firma
1547 860 1634 895 vobis
1655 861 1829 907 vestrisque
1847 873 1921 895 suc-

1172 910 1350 947 cessoribus
1372 919 1401 945 et
1422 910 1537 944 illibata
1561 919 1780 957 permaneant;
1803 910 1833 944 in
1855 911 1922 957 qui-

1174 959 1233 994 bus
1264 960 1342 995 haec
1373 960 1508 1007 propriis
1541 959 1690 994 duximus
1717 959 1919 1006 exprimenda

1173 1009 1347 1044 vocabulis:
1377 1009 1543 1044 ecclesiam
1569 1009 1714 1044 videlicet
1746 1009 1779 1044 S.
1807 1009 1921 1044 Mariae

1172 1059 1261 1093 sitam
1290 1059 1320 1093 in
1350 1060 1436 1102 loco,
1475 1060 1526 1106 qui
1561 1059 1676 1093 dicitur
1714 1058 1747 1093 S.
1775 1058 1920 1103 Qnirici,

1172 1121 1244 1143 cum
1273 1109 1338 1143 suis
1361 1108 1569 1156 pertinentiis,
1591 1108 1793 1147 Rainiariam,
1815 1116 1845 1142 et
1864 1116 1921 1143 ter-

1174 1170 1249 1201 ram,
1272 1171 1350 1206 quas
1384 1159 1415 1192 in
1444 1158 1597 1193 territorio
1631 1157 1758 1192 Riniani
1782 1157 1919 1193 habetis:

1172 1208 1336 1242 ecclesiam
1365 1207 1472 1243 Sancti
1499 1207 1646 1242 Matthiae
1673 1207 1806 1255 apostoli
1840 1207 1919 1242 infra

1173 1259 1295 1292 moenia
1322 1257 1453 1292 civitatis
1474 1257 1592 1292 Montis
1617 1256 1723 1292 Sancti
1747 1257 1871 1303 Angeli,
1890 1266 1920 1291 et

1172 1307 1336 1342 ecclesiam
1364 1307 1469 1342 Sancti
1497 1307 1656 1341 Simeonis
1682 1315 1767 1341 extra
1798 1315 1919 1354 portam

1172 1357 1315 1401 civitatis,
1341 1357 1506 1391 ecclesiam
1529 1357 1635 1391 Sancti
1653 1356 1807 1391 Vincentii
1830 1357 1919 1391 sitam

1172 1407 1201 1440 in
1242 1407 1438 1454 pertinentiis
1473 1407 1570 1453 ipsius
1609 1406 1740 1441 civitatis
1775 1405 1806 1440 in
1833 1405 1920 1448 loco,

1172 1456 1226 1503 qui
1253 1456 1367 1491 dicitur
1392 1455 1483 1501 Vota,
1510 1468 1581 1490 cum
1608 1455 1702 1490 rebus
1723 1455 1806 1491 suis:
1836 1456 1922 1503 quic-

1172 1506 1246 1552 quid
1275 1505 1396 1540 habetis
1430 1506 1459 1540 in
1487 1506 1563 1540 eccl.
1598 1504 1706 1540 Sancti
1739 1505 1864 1545 Lucae,
1891 1513 1921 1540 et

1173 1555 1266 1590 rebus
1282 1555 1318 1590 ad
1335 1567 1401 1590 eam
1418 1554 1665 1602 pertinentibus,
1687 1555 1789 1602 petiae
1810 1555 1920 1599 vineae,

1172 1612 1202 1639 et
1228 1606 1306 1640 aliae
1328 1606 1554 1652 possessiones,
1582 1617 1662 1652 quae
1685 1605 1809 1639 fuerunt
1834 1605 1921 1639 scili-

1173 1662 1221 1689 cet
1244 1655 1342 1702 ipsius
1364 1655 1498 1689 civitatis
1519 1654 1634 1689 Montis
1666 1654 1700 1689 S.
1728 1654 1863 1700 Angeli,
1890 1661 1921 1689 et

1173 1717 1282 1739 omnes
1317 1716 1366 1739 res
1393 1713 1453 1739 tam
1483 1704 1561 1739 infra
1593 1703 1709 1738 dictam
1741 1705 1920 1748 civitatem,

1172 1766 1264 1801 quam
1294 1754 1323 1788 in
1351 1754 1418 1788 eins
1441 1753 1566 1797 linibus,
1602 1762 1704 1788 vestro
1732 1754 1921 1789 monasterio

1173 1803 1382 1851 pertinentes3
1410 1803 1572 1838 6661651313
1605 1802 1712 1838 Sancti
1735 1803 1863 1851 Georgii
1887 1803 1919 1838 in

1173 1853 1252 1900 pede
1280 1853 1380 1900 ipsius
1418 1853 1534 1888 montis
1559 1852 1666 1888 Sancti
1699 1852 1810 1899 Angeli
1847 1865 1919 1888 cum

1174 1902 1371 1950 pertiuentiis
1393 1903 1469 1948 suis,
1496 1902 1622 1943 salinas,
1644 1910 1675 1937 et
1704 1903 1812 1947 maria,
1839 1914 1920 1950 quae

1173 1953 1203 1986 111
1227 1952 1369 1999 partibus
1390 1952 1512 2000 Siponti
1536 1951 1676 1993 habetis,
1698 1952 1862 1987 ecclesiam
1883 1951 1919 1988 S.

1172 2002 1295 2037 Martini
1319 2002 1358 2037 de
1371 2002 1561 2037 porcarezza
1582 2014 1654 2037 611111
1672 2014 1730 2037 5110
1750 2002 1919 2044 territorio,

1172 2052 1249 2087 eccl.
1280 2051 1413 2087 Sanctae
1447 2051 1563 2086 Mariae
1593 2051 1633 2087 de
1667 2052 1814 2087 Matinata
1846 2063 1919 2087 cum

1172 2102 1319 2136 omnibus
1341 2101 1379 2136 ad
1401 2113 1469 2136 eam
1496 2101 1740 2149 pertinentibus,
1761 2110 1791 2137 et
1809 2114 1920 2137 omncs

1172 2151 1247 2186 alias
1274 2151 1498 2199 possessiones,
1531 2163 1609 2199 quas
1634 2151 1666 2185 in
1688 2151 1797 2186 eadem
1825 2151 1920 2187 Mati-

1174 2209 1243 2236 nata
1259 2201 1391 2236 habetis.
1413 2200 1577 2236 Praeterea
1595 2201 1799 2236 concedimus
1817 2202 1919 2236 eidem

1173 2251 1363 2286 monasterio
1389 2250 1535 2294 fundum,
1567 2251 1620 2298 qui
1647 2250 1761 2286 dicitur
1785 2250 1921 2286 Matina-

1173 2300 1256 2341 tella,
1279 2309 1309 2336 et
1327 2300 1491 2335 ecclesiam
1518 2300 1550 2334 in
1577 2299 1688 2335 eodem
1716 2300 1785 2336 loco
1806 2301 1921 2336 consti-

1173 2358 1283 2391 tutam,
1314 2351 1413 2397 petias
1440 2358 1605 2394 terrarum,
1637 2358 1668 2384 et
1699 2359 1814 2392 curtes,
1841 2363 1919 2398 quas

1172 2399 1294 2435 habetis
1315 2400 1346 2434 in
1368 2400 1438 2434 loco
1459 2399 1499 2434 de
1520 2400 1658 2434 Avanto:
1682 2400 1712 2434 in
1736 2401 1918 2448 episcopatu

1172 2449 1310 2484 Vestano
1341 2450 1503 2484 ecclesiam
1539 2449 1673 2484 Sanctae
1699 2449 1828 2490 Teclae,
1865 2462 1919 2484 66-

1174 2500 1299 2534 clesiam
1331 2499 1464 2534 Sanctae
1491 2499 1667 2546 Eugeniae,
1701 2507 1731 2534 et
1755 2499 1918 2534 ecclesiam

1174 2548 1280 2583 Sancti
1304 2548 1407 2584 Lucae
1433 2561 1504 2584 cum
1533 2549 1729 2596 pertinentiis
1750 2560 1869 2590 earum,
1888 2557 1919 2584 et

1940 255 2122 284 An.c.1158

1946 573 2003 595 Bona
2026 575 2051 596 ad
2071 581 2121 596 mo·-

1933 608 2048 625 nasterium
2068 610 2121 631 pei·-

1933 636 2022 655 tinentia
2031 640 2120 656 enume-

1933 672 1981 687 rans
2008 666 2116 686 count-ruat

1932 696 2040 721 Ροῑιιίῐεις

1207 2619 1248 2655 (1)
1265 2619 1338 2653 Quae
1354 2619 1396 2647 1116
1411 2620 1526 2647 citantur
1541 2619 1678 2655 privilegia
1696 2619 1785 2647 nullibi
1801 2619 1919 2655 reperire
1964 2635 1966 2637 -

1175 2663 1269 2690 alatum·
1281 2666 1329 2691 est.
