<?xml version="1.0" encoding="UTF-8"?>
<!DOCTYPE html PUBLIC "-//W3C//DTD XHTML 1.0 Transitional//EN"
    "http://www.w3.org/TR/xhtml1/DTD/xhtml1-transitional.dtd">
<html xmlns="http://www.w3.org/1999/xhtml" xml:lang="en" lang="en">
 <head>
  <title>
</title>
<meta http-equiv="Content-Type" content="text/html;charset=utf-8" />
  <meta name='ocr-system' content='tesseract 3.04.00' />
  <meta name='ocr-capabilities' content='ocr_page ocr_carea ocr_par ocr_line ocrx_word'/>
</head>
<body>
  <div class='ocr_page' id='page_1' title='image "./bullarumdiplomat02cath_0096.png"; bbox 0 0 2180 3205; ppageno 0'>
   <div class='ocr_carea' id='block_1_1' title="bbox 167 229 1134 1468">
    <p class='ocr_par' dir='ltr' id='par_1_1' title="bbox 167 229 1134 1468">
     <span class='ocr_line' id='line_1_1' title="bbox 319 229 472 264; baseline -0.039 0"><span class='ocrx_word' id='word_1_1' title='bbox 319 261 330 264; x_wconf 79' lang='grc'>-</span> <span class='ocrx_word' id='word_1_2' title='bbox 427 229 472 259; x_wconf 64' lang='lat'>78</span> 
     </span>
     <span class='ocr_line' id='line_1_2' title="bbox 167 261 350 287; baseline -0.005 -1"><span class='ocrx_word' id='word_1_3' title='bbox 167 261 213 287; x_wconf 63' lang='lat' dir='ltr'>Ain</span> <span class='ocrx_word' id='word_1_4' title='bbox 232 261 258 285; x_wconf 69' lang='grc' dir='ltr'>(ζ.</span> <span class='ocrx_word' id='word_1_5' title='bbox 285 261 350 287; x_wconf 60' lang='grc' dir='ltr'>ΝΛΞ</span> 
     </span>
     <span class='ocr_line' id='line_1_3' title="bbox 373 287 1121 340; baseline -0.008 -12"><span class='ocrx_word' id='word_1_6' title='bbox 373 306 452 340; x_wconf 77' lang='lat' dir='ltr'>quae</span> <span class='ocrx_word' id='word_1_7' title='bbox 480 292 574 327; x_wconf 83' lang='lat' dir='ltr'>liuius</span> <span class='ocrx_word' id='word_1_8' title='bbox 610 289 766 338; x_wconf 82' lang='lat' dir='ltr'>praecepti</span> <span class='ocrx_word' id='word_1_9' title='bbox 806 289 985 335; x_wconf 81' lang='lat' dir='ltr'>decretique</span> <span class='ocrx_word' id='word_1_10' title='bbox 1023 287 1121 323; x_wconf 90' lang='lat' dir='ltr'>nostri</span> 
     </span>
     <span class='ocr_line' id='line_1_4' title="bbox 375 338 1122 390; baseline -0.007 -13"><span class='ocrx_word' id='word_1_11' title='bbox 375 344 487 390; x_wconf 79' lang='lat' dir='ltr'>pagina</span> <span class='ocrx_word' id='word_1_12' title='bbox 510 340 661 379; x_wconf 81' lang='lat' dir='ltr'>continet,</span> <span class='ocrx_word' id='word_1_13' title='bbox 688 347 749 373; x_wconf 89' lang='lat' dir='ltr'>tam</span> <span class='ocrx_word' id='word_1_14' title='bbox 773 339 826 373; x_wconf 91' lang='lat' dir='ltr'>tibi</span> <span class='ocrx_word' id='word_1_15' title='bbox 861 350 954 385; x_wconf 87' lang='lat' dir='ltr'>quam</span> <span class='ocrx_word' id='word_1_16' title='bbox 987 338 1122 382; x_wconf 77' lang='lat' dir='ltr'>cunctis,</span> 
     </span>
     <span class='ocr_line' id='line_1_5' title="bbox 374 387 1125 439; baseline -0.007 -13"><span class='ocrx_word' id='word_1_17' title='bbox 374 394 426 439; x_wconf 86' lang='lat' dir='ltr'>qni</span> <span class='ocrx_word' id='word_1_18' title='bbox 452 392 482 425; x_wconf 92' lang='lat' dir='ltr'>in</span> <span class='ocrx_word' id='word_1_19' title='bbox 506 403 554 429; x_wconf 86' lang='lat' dir='ltr'>eo,</span> <span class='ocrx_word' id='word_1_20' title='bbox 571 402 633 437; x_wconf 87' lang='lat' dir='ltr'>quo</span> <span class='ocrx_word' id='word_1_21' title='bbox 655 401 700 433; x_wconf 83' lang='lat' dir='ltr'>es,</span> <span class='ocrx_word' id='word_1_22' title='bbox 723 388 831 423; x_wconf 82' lang='lat' dir='ltr'>ordine</span> <span class='ocrx_word' id='word_1_23' title='bbox 848 387 979 434; x_wconf 90' lang='lat' dir='ltr'>locoque</span> <span class='ocrx_word' id='word_1_24' title='bbox 1001 399 1125 422; x_wconf 85' lang='lat' dir='ltr'>sncces-</span> 
     </span>
     <span class='ocr_line' id='line_1_6' title="bbox 374 436 1124 486; baseline -0.007 -11"><span class='ocrx_word' id='word_1_25' title='bbox 374 442 481 484; x_wconf 82' lang='lat' dir='ltr'>serint,</span> <span class='ocrx_word' id='word_1_26' title='bbox 504 439 551 474; x_wconf 89' lang='lat' dir='ltr'>vel</span> <span class='ocrx_word' id='word_1_27' title='bbox 574 439 631 482; x_wconf 87' lang='lat' dir='ltr'>eis,</span> <span class='ocrx_word' id='word_1_28' title='bbox 654 450 788 486; x_wconf 87' lang='lat' dir='ltr'>quorum</span> <span class='ocrx_word' id='word_1_29' title='bbox 809 437 961 472; x_wconf 75' lang='lat' dir='ltr'><strong>interesse</strong></span> <span class='ocrx_word' id='word_1_30' title='bbox 976 436 1124 484; x_wconf 85' lang='lat' dir='ltr'>potuerit,</span> 
     </span>
     <span class='ocr_line' id='line_1_7' title="bbox 375 487 1125 536; baseline -0.005 -12"><span class='ocrx_word' id='word_1_31' title='bbox 375 489 546 536; x_wconf 86' lang='lat' dir='ltr'>apostolica</span> <span class='ocrx_word' id='word_1_32' title='bbox 572 487 756 523; x_wconf 89' lang='lat' dir='ltr'>auctoritate</span> <span class='ocrx_word' id='word_1_33' title='bbox 785 487 1016 534; x_wconf 79' lang='lat' dir='ltr'>imperpetuum</span> <span class='ocrx_word' id='word_1_34' title='bbox 1050 498 1125 521; x_wconf 88' lang='lat' dir='ltr'>ser—</span> 
     </span>
     <span class='ocr_line' id='line_1_8' title="bbox 182 536 1124 590; baseline -0.004 -17"><span class='ocrx_word' id='word_1_35' title='bbox 182 561 294 590; x_wconf 50' lang='lat'>1„.‚‚„,.³1„</span> <span class='ocrx_word' id='word_1_36' title='bbox 311 560 352 585; x_wconf 57' lang='lat' dir='ltr'>m.</span> <span class='ocrx_word' id='word_1_37' title='bbox 374 539 474 574; x_wconf 73' lang='lat' dir='ltr'>vanda</span> <span class='ocrx_word' id='word_1_38' title='bbox 507 537 718 573; x_wconf 85' lang='lat' dir='ltr'>decernimus.</span> <span class='ocrx_word' id='word_1_39' title='bbox 747 537 781 572; x_wconf 87' lang='lat' dir='ltr'>Si</span> <span class='ocrx_word' id='word_1_40' title='bbox 804 536 876 584; x_wconf 88' lang='lat' dir='ltr'>quis</span> <span class='ocrx_word' id='word_1_41' title='bbox 901 548 974 570; x_wconf 88' lang='lat' dir='ltr'>vero</span> <span class='ocrx_word' id='word_1_42' title='bbox 1002 547 1124 579; x_wconf 62' lang='lat' dir='ltr'>regum,</span> 
     </span>
     <span class='ocr_line' id='line_1_9' title="bbox 169 585 1126 632; baseline -0.007 -7"><span class='ocrx_word' id='word_1_43' title='bbox 169 592 235 609; x_wconf 59' lang='lat'>*⁴²¹⁰*</span> <span class='ocrx_word' id='word_1_44' title='bbox 374 588 587 632; x_wconf 67' lang='lat' dir='ltr'>sacerdotum,</span> <span class='ocrx_word' id='word_1_45' title='bbox 614 586 815 630; x_wconf 81' lang='lat' dir='ltr'>clericorum,</span> <span class='ocrx_word' id='word_1_46' title='bbox 839 585 991 625; x_wconf 81' lang='lat' dir='ltr'>iudicum,</span> <span class='ocrx_word' id='word_1_47' title='bbox 1006 597 1042 619; x_wconf 87' lang='lat' dir='ltr'>ac</span> <span class='ocrx_word' id='word_1_48' title='bbox 1057 596 1126 619; x_wconf 84' lang='lat' dir='ltr'>sac-</span> 
     </span>
     <span class='ocr_line' id='line_1_10' title="bbox 376 634 1126 685; baseline -0.009 -11"><span class='ocrx_word' id='word_1_49' title='bbox 376 639 531 675; x_wconf 85' lang='lat' dir='ltr'>cularium</span> <span class='ocrx_word' id='word_1_50' title='bbox 563 649 767 685; x_wconf 85' lang='lat' dir='ltr'>personarum</span> <span class='ocrx_word' id='word_1_51' title='bbox 792 636 872 670; x_wconf 80' lang='lat' dir='ltr'>lianc</span> <span class='ocrx_word' id='word_1_52' title='bbox 894 634 1126 670; x_wconf 71' lang='lat' dir='ltr'>constitutionis</span> 
     </span>
     <span class='ocr_line' id='line_1_11' title="bbox 377 688 1124 734; baseline -0.008 -11"><span class='ocrx_word' id='word_1_53' title='bbox 377 698 499 723; x_wconf 85' lang='lat' dir='ltr'>nostrae</span> <span class='ocrx_word' id='word_1_54' title='bbox 528 688 672 734; x_wconf 79' lang='lat' dir='ltr'>paginam</span> <span class='ocrx_word' id='word_1_55' title='bbox 705 697 892 732; x_wconf 68' lang='lat' dir='ltr'>agnoscens,</span> <span class='ocrx_word' id='word_1_56' title='bbox 923 692 1030 719; x_wconf 81' lang='lat' dir='ltr'>eontra</span> <span class='ocrx_word' id='word_1_57' title='bbox 1057 695 1124 718; x_wconf 82' lang='lat' dir='ltr'>eam</span> 
     </span>
     <span class='ocr_line' id='line_1_12' title="bbox 377 734 1126 780; baseline -0.009 -7"><span class='ocrx_word' id='word_1_58' title='bbox 377 737 543 773; x_wconf 82' lang='lat' dir='ltr'>temerario</span> <span class='ocrx_word' id='word_1_59' title='bbox 570 749 647 772; x_wconf 89' lang='lat' dir='ltr'>ausu</span> <span class='ocrx_word' id='word_1_60' title='bbox 687 736 792 770; x_wconf 81' lang='lat' dir='ltr'>venire</span> <span class='ocrx_word' id='word_1_61' title='bbox 822 734 1002 777; x_wconf 80' lang='lat' dir='ltr'>tentaverit,</span> <span class='ocrx_word' id='word_1_62' title='bbox 1037 741 1126 780; x_wconf 87' lang='lat' dir='ltr'>pote-</span> 
     </span>
     <span class='ocr_line' id='line_1_13' title="bbox 377 783 1126 832; baseline -0.009 -10"><span class='ocrx_word' id='word_1_63' title='bbox 377 788 465 822; x_wconf 87' lang='lat' dir='ltr'>statis</span> <span class='ocrx_word' id='word_1_64' title='bbox 503 786 696 832; x_wconf 83' lang='lat' dir='ltr'>honorisque</span> <span class='ocrx_word' id='word_1_65' title='bbox 731 785 779 819; x_wconf 91' lang='lat' dir='ltr'>sui</span> <span class='ocrx_word' id='word_1_66' title='bbox 817 783 968 830; x_wconf 81' lang='lat' dir='ltr'>dignitate</span> <span class='ocrx_word' id='word_1_67' title='bbox 1002 790 1126 826; x_wconf 80' lang='lat' dir='ltr'>careat,</span> 
     </span>
     <span class='ocr_line' id='line_1_14' title="bbox 377 833 1127 883; baseline -0.009 -12"><span class='ocrx_word' id='word_1_68' title='bbox 377 848 529 883; x_wconf 79' lang='lat' dir='ltr'>reumque</span> <span class='ocrx_word' id='word_1_69' title='bbox 555 848 588 870; x_wconf 90' lang='lat' dir='ltr'>se</span> <span class='ocrx_word' id='word_1_70' title='bbox 610 835 715 869; x_wconf 89' lang='lat' dir='ltr'>divino</span> <span class='ocrx_word' id='word_1_71' title='bbox 738 834 855 868; x_wconf 90' lang='lat' dir='ltr'>indicio</span> <span class='ocrx_word' id='word_1_72' title='bbox 882 833 919 867; x_wconf 85' lang='lat' dir='ltr'>de</span> <span class='ocrx_word' id='word_1_73' title='bbox 953 838 1127 879; x_wconf 85' lang='lat' dir='ltr'>perpetrata</span> 
     </span>
     <span class='ocr_line' id='line_1_15' title="bbox 194 880 1128 941; baseline -0.009 -19"><span class='ocrx_word' id='word_1_74' title='bbox 194 923 212 941; x_wconf 52' lang='lat' dir='ltr'>M</span> <span class='ocrx_word' id='word_1_75' title='bbox 270 927 274 931; x_wconf 70' lang='lat'><em>,</em></span> <span class='ocrx_word' id='word_1_76' title='bbox 312 921 330 939; x_wconf 15' lang='grc' dir='ltr'>μ’</span> <span class='ocrx_word' id='word_1_77' title='bbox 379 886 543 933; x_wconf 84' lang='lat' dir='ltr'>iniquitate</span> <span class='ocrx_word' id='word_1_78' title='bbox 565 891 745 930; x_wconf 73' lang='lat' dir='ltr'>cognoscat.</span> <span class='ocrx_word' id='word_1_79' title='bbox 775 883 813 917; x_wconf 84' lang='lat' dir='ltr'>Et</span> <span class='ocrx_word' id='word_1_80' title='bbox 836 882 894 916; x_wconf 89' lang='lat' dir='ltr'>nisi</span> <span class='ocrx_word' id='word_1_81' title='bbox 917 894 964 921; x_wconf 89' lang='lat' dir='ltr'>ea,</span> <span class='ocrx_word' id='word_1_82' title='bbox 992 893 1071 927; x_wconf 83' lang='lat' dir='ltr'>qnae</span> <span class='ocrx_word' id='word_1_83' title='bbox 1090 880 1128 914; x_wconf 85' lang='lat' dir='ltr'>ab</span> 
     </span>
     <span class='ocr_line' id='line_1_16' title="bbox 171 927 1126 976; baseline -0.016 1"><span class='ocrx_word' id='word_1_84' title='bbox 171 938 202 968; x_wconf 46' lang='grc' dir='ltr'>ὦ</span> <span class='ocrx_word' id='word_1_85' title='bbox 217 927 354 976; x_wconf 44' lang='grc' dir='ltr'>3113·ῗῖἷῇίὲἰὲ</span> <span class='ocrx_word' id='word_1_86' title='bbox 379 936 431 970; x_wconf 86' lang='lat' dir='ltr'>itto</span> <span class='ocrx_word' id='word_1_87' title='bbox 445 942 519 969; x_wconf 80' lang='lat' dir='ltr'>sunt</span> <span class='ocrx_word' id='word_1_88' title='bbox 541 934 621 968; x_wconf 86' lang='lat' dir='ltr'>male</span> <span class='ocrx_word' id='word_1_89' title='bbox 633 933 746 972; x_wconf 84' lang='lat' dir='ltr'>ablata,</span> <span class='ocrx_word' id='word_1_90' title='bbox 769 931 951 974; x_wconf 78' lang='lat' dir='ltr'>restituerit,</span> <span class='ocrx_word' id='word_1_91' title='bbox 973 930 1019 964; x_wconf 82' lang='lat' dir='ltr'>vel</span> <span class='ocrx_word' id='word_1_92' title='bbox 1036 930 1126 975; x_wconf 73' lang='lat' dir='ltr'>digna</span> 
     </span>
     <span class='ocr_line' id='line_1_17' title="bbox 170 976 1130 1032; baseline -0.009 -11"><span class='ocrx_word' id='word_1_93' title='bbox 170 976 356 1026; x_wconf 57' lang='lat' dir='ltr'>ltil&#39;&#39;=.&#39;‘.‘tiitk‘.&#39;‘²‘¹¹⁰‘</span> <span class='ocrx_word' id='word_1_94' title='bbox 379 984 572 1032; x_wconf 77' lang='lat' dir='ltr'>poenitentia</span> <span class='ocrx_word' id='word_1_95' title='bbox 596 982 702 1016; x_wconf 85' lang='lat' dir='ltr'>illicite</span> <span class='ocrx_word' id='word_1_96' title='bbox 721 988 787 1016; x_wconf 90' lang='lat' dir='ltr'>acta</span> <span class='ocrx_word' id='word_1_97' title='bbox 810 980 982 1018; x_wconf 82' lang='lat' dir='ltr'>defleverit,</span> <span class='ocrx_word' id='word_1_98' title='bbox 996 991 1010 1013; x_wconf 87' lang='lat' dir='ltr'>a</span> <span class='ocrx_word' id='word_1_99' title='bbox 1031 990 1130 1013; x_wconf 85' lang='lat' dir='ltr'>sacra-</span> 
     </span>
     <span class='ocr_line' id='line_1_18' title="bbox 380 1027 1128 1078; baseline -0.011 -10"><span class='ocrx_word' id='word_1_100' title='bbox 380 1034 503 1068; x_wconf 82' lang='lat' dir='ltr'>tissimo</span> <span class='ocrx_word' id='word_1_101' title='bbox 526 1043 658 1078; x_wconf 85' lang='lat' dir='ltr'>corpore</span> <span class='ocrx_word' id='word_1_102' title='bbox 679 1043 715 1065; x_wconf 90' lang='lat' dir='ltr'>ac</span> <span class='ocrx_word' id='word_1_103' title='bbox 738 1030 891 1076; x_wconf 77' lang='lat' dir='ltr'>sanguine</span> <span class='ocrx_word' id='word_1_104' title='bbox 914 1028 975 1062; x_wconf 84' lang='lat' dir='ltr'>Dei</span> <span class='ocrx_word' id='word_1_105' title='bbox 1002 1027 1128 1062; x_wconf 82' lang='lat' dir='ltr'>Domini</span> 
     </span>
     <span class='ocr_line' id='line_1_19' title="bbox 378 1077 1131 1129; baseline -0.011 -12"><span class='ocrx_word' id='word_1_106' title='bbox 378 1081 604 1129; x_wconf 72' lang='lat' dir='ltr'>Redemptoris</span> <span class='ocrx_word' id='word_1_107' title='bbox 626 1080 724 1114; x_wconf 86' lang='lat' dir='ltr'>nostri</span> <span class='ocrx_word' id='word_1_108' title='bbox 757 1079 827 1113; x_wconf 88' lang='lat' dir='ltr'>Iesu</span> <span class='ocrx_word' id='word_1_109' title='bbox 856 1077 974 1113; x_wconf 79' lang='lat' dir='ltr'>Christi</span> <span class='ocrx_word' id='word_1_110' title='bbox 1009 1077 1131 1111; x_wconf 89' lang='lat' dir='ltr'>alicnus</span> 
     </span>
     <span class='ocr_line' id='line_1_20' title="bbox 381 1126 1131 1178; baseline -0.009 -12"><span class='ocrx_word' id='word_1_111' title='bbox 381 1133 452 1175; x_wconf 75' lang='lat' dir='ltr'>fiat,</span> <span class='ocrx_word' id='word_1_112' title='bbox 473 1140 566 1178; x_wconf 86' lang='lat' dir='ltr'>atque</span> <span class='ocrx_word' id='word_1_113' title='bbox 588 1131 619 1164; x_wconf 91' lang='lat' dir='ltr'>in</span> <span class='ocrx_word' id='word_1_114' title='bbox 641 1136 769 1164; x_wconf 83' lang='lat' dir='ltr'>aeterno</span> <span class='ocrx_word' id='word_1_115' title='bbox 801 1128 946 1162; x_wconf 82' lang='lat' dir='ltr'>examine</span> <span class='ocrx_word' id='word_1_116' title='bbox 974 1126 1131 1160; x_wconf 89' lang='lat' dir='ltr'>districtae</span> 
     </span>
     <span class='ocr_line' id='line_1_21' title="bbox 380 1175 1130 1215; baseline -0.008 -1"><span class='ocrx_word' id='word_1_117' title='bbox 380 1181 490 1215; x_wconf 88' lang='lat' dir='ltr'>ultioni</span> <span class='ocrx_word' id='word_1_118' title='bbox 518 1179 688 1214; x_wconf 85' lang='lat' dir='ltr'>subiaceat.</span> <span class='ocrx_word' id='word_1_119' title='bbox 722 1176 854 1212; x_wconf 90' lang='lat' dir='ltr'>Cunctis</span> <span class='ocrx_word' id='word_1_120' title='bbox 881 1186 998 1215; x_wconf 80' lang='lat' dir='ltr'>autem,</span> <span class='ocrx_word' id='word_1_121' title='bbox 1027 1175 1130 1209; x_wconf 85' lang='lat' dir='ltr'>eidem</span> 
     </span>
     <span class='ocr_line' id='line_1_22' title="bbox 381 1223 1131 1272; baseline -0.009 -8"><span class='ocrx_word' id='word_1_122' title='bbox 381 1230 450 1264; x_wconf 89' lang='lat' dir='ltr'>loeo</span> <span class='ocrx_word' id='word_1_123' title='bbox 485 1229 564 1263; x_wconf 86' lang='lat' dir='ltr'>iusta</span> <span class='ocrx_word' id='word_1_124' title='bbox 597 1227 807 1270; x_wconf 71' lang='lat' dir='ltr'>servantibus,</span> <span class='ocrx_word' id='word_1_125' title='bbox 835 1226 875 1260; x_wconf 86' lang='lat' dir='ltr'>sit</span> <span class='ocrx_word' id='word_1_126' title='bbox 910 1238 967 1272; x_wconf 83' lang='lat' dir='ltr'>pax</span> <span class='ocrx_word' id='word_1_127' title='bbox 1002 1223 1131 1259; x_wconf 79' lang='lat' dir='ltr'>Domini</span> 
     </span>
     <span class='ocr_line' id='line_1_23' title="bbox 381 1273 1133 1323; baseline -0.008 -10"><span class='ocrx_word' id='word_1_128' title='bbox 381 1279 479 1313; x_wconf 84' lang='lat' dir='ltr'>nostri</span> <span class='ocrx_word' id='word_1_129' title='bbox 501 1278 570 1312; x_wconf 84' lang='lat' dir='ltr'>Iesu</span> <span class='ocrx_word' id='word_1_130' title='bbox 598 1276 730 1319; x_wconf 74' lang='lat' dir='ltr'>Christi,</span> <span class='ocrx_word' id='word_1_131' title='bbox 753 1283 921 1323; x_wconf 84' lang='lat' dir='ltr'>quatenus,</span> <span class='ocrx_word' id='word_1_132' title='bbox 944 1283 973 1309; x_wconf 88' lang='lat' dir='ltr'>et</span> <span class='ocrx_word' id='word_1_133' title='bbox 995 1274 1047 1308; x_wconf 79' lang='lat' dir='ltr'>liic</span> <span class='ocrx_word' id='word_1_134' title='bbox 1065 1273 1133 1307; x_wconf 85' lang='lat' dir='ltr'>sru-</span> 
     </span>
     <span class='ocr_line' id='line_1_24' title="bbox 381 1323 1131 1372; baseline -0.008 -10"><span class='ocrx_word' id='word_1_135' title='bbox 381 1337 466 1362; x_wconf 88' lang='lat' dir='ltr'>ctum</span> <span class='ocrx_word' id='word_1_136' title='bbox 492 1328 592 1361; x_wconf 88' lang='lat' dir='ltr'>bonae</span> <span class='ocrx_word' id='word_1_137' title='bbox 620 1326 753 1361; x_wconf 88' lang='lat' dir='ltr'>actionis</span> <span class='ocrx_word' id='word_1_138' title='bbox 783 1324 967 1372; x_wconf 84' lang='lat' dir='ltr'>percipiant,</span> <span class='ocrx_word' id='word_1_139' title='bbox 994 1332 1023 1358; x_wconf 88' lang='lat' dir='ltr'>et</span> <span class='ocrx_word' id='word_1_140' title='bbox 1049 1323 1131 1370; x_wconf 89' lang='lat' dir='ltr'>apud</span> 
     </span>
     <span class='ocr_line' id='line_1_25' title="bbox 383 1373 1134 1422; baseline -0.005 -13"><span class='ocrx_word' id='word_1_141' title='bbox 383 1377 564 1412; x_wconf 81' lang='lat' dir='ltr'>districtum</span> <span class='ocrx_word' id='word_1_142' title='bbox 580 1376 717 1410; x_wconf 86' lang='lat' dir='ltr'>Iudicem</span> <span class='ocrx_word' id='word_1_143' title='bbox 736 1374 873 1422; x_wconf 87' lang='lat' dir='ltr'>praemia</span> <span class='ocrx_word' id='word_1_144' title='bbox 889 1381 1034 1408; x_wconf 77' lang='lat' dir='ltr'>aeternae</span> <span class='ocrx_word' id='word_1_145' title='bbox 1048 1373 1134 1419; x_wconf 82' lang='lat' dir='ltr'>pacis</span> 
     </span>
     <span class='ocr_line' id='line_1_26' title="bbox 383 1426 814 1468; baseline -0.007 -8"><span class='ocrx_word' id='word_1_146' title='bbox 383 1426 555 1461; x_wconf 78' lang='lat' dir='ltr'>inveniant.</span> <span class='ocrx_word' id='word_1_147' title='bbox 577 1426 690 1468; x_wconf 84' lang='lat' dir='ltr'>Amen,</span> <span class='ocrx_word' id='word_1_148' title='bbox 713 1436 814 1458; x_wconf 84' lang='lat' dir='ltr'>amen.</span> 
     </span>
    </p>
   </div>
   <div class='ocr_carea' id='block_1_2' title="bbox 467 1489 1045 1537">
    <p class='ocr_par' dir='ltr' id='par_1_2' title="bbox 467 1489 1045 1537">
     <span class='ocr_line' id='line_1_27' title="bbox 467 1489 1045 1537; baseline -0.007 -12"><span class='ocrx_word' id='word_1_149' title='bbox 467 1494 600 1537; x_wconf 64' lang='lat' dir='ltr'>Signum</span> <span class='ocrx_word' id='word_1_150' title='bbox 624 1491 769 1535; x_wconf 56' lang='lat' dir='ltr'>Gregorii</span> <span class='ocrx_word' id='word_1_151' title='bbox 792 1491 897 1534; x_wconf 75' lang='lat' dir='ltr'>Papae</span> <span class='ocrx_word' id='word_1_152' title='bbox 917 1489 1045 1533; x_wconf 71' lang='lat' dir='ltr'>septimi.</span> 
     </span>
    </p>
   </div>
   <div class='ocr_carea' id='block_1_3' title="bbox 503 1571 1020 1647">
    <p class='ocr_par' dir='ltr' id='par_1_3' title="bbox 503 1571 1020 1647">
     <span class='ocr_line' id='line_1_28' title="bbox 503 1571 1020 1599; baseline -0.01 -2"><span class='ocrx_word' id='word_1_153' title='bbox 503 1573 746 1598; x_wconf 72' lang='lat' dir='ltr'>MtSEnATtONES</span> <span class='ocrx_word' id='word_1_154' title='bbox 772 1573 856 1599; x_wconf 66' lang='lat' dir='ltr'>Tun,</span> <span class='ocrx_word' id='word_1_155' title='bbox 880 1571 1020 1599; x_wconf 69' lang='lat' dir='ltr'>DOMENE,</span> 
     </span>
     <span class='ocr_line' id='line_1_29' title="bbox 532 1621 987 1647; baseline -0.009 -1"><span class='ocrx_word' id='word_1_156' title='bbox 532 1624 632 1647; x_wconf 73' lang='lat' dir='ltr'>st&#39;PER</span> <span class='ocrx_word' id='word_1_157' title='bbox 650 1623 755 1646; x_wconf 72' lang='lat' dir='ltr'>oatNtA</span> <span class='ocrx_word' id='word_1_158' title='bbox 775 1621 882 1644; x_wconf 73' lang='lat' dir='ltr'><strong>OPERA</strong></span> <span class='ocrx_word' id='word_1_159' title='bbox 905 1621 987 1643; x_wconf 83' lang='lat' dir='ltr'>EtUS.</span> 
     </span>
    </p>
   </div>
   <div class='ocr_carea' id='block_1_4' title="bbox 385 1680 1136 1830">
    <p class='ocr_par' dir='ltr' id='par_1_4' title="bbox 385 1680 1136 1830">
     <span class='ocr_line' id='line_1_30' title="bbox 431 1680 1136 1726; baseline -0.009 -7"><span class='ocrx_word' id='word_1_160' title='bbox 431 1686 547 1720; x_wconf 81' lang='lat' dir='ltr'>Datum</span> <span class='ocrx_word' id='word_1_161' title='bbox 576 1680 753 1718; x_wconf 79' lang='lat' dir='ltr'>Florentiae</span> <span class='ocrx_word' id='word_1_162' title='bbox 776 1694 795 1715; x_wconf 87' lang='lat' dir='ltr'>v</span> <span class='ocrx_word' id='word_1_163' title='bbox 834 1681 895 1715; x_wconf 84' lang='lat' dir='ltr'>kal.</span> <span class='ocrx_word' id='word_1_164' title='bbox 926 1680 1057 1715; x_wconf 85' lang='lat' dir='ltr'>ianuarii</span> <span class='ocrx_word' id='word_1_165' title='bbox 1082 1691 1136 1726; x_wconf 84' lang='lat' dir='ltr'>per</span> 
     </span>
     <span class='ocr_line' id='line_1_31' title="bbox 385 1729 1136 1769; baseline -0.008 -1"><span class='ocrx_word' id='word_1_166' title='bbox 385 1747 498 1769; x_wconf 81' lang='lat' dir='ltr'>manus</span> <span class='ocrx_word' id='word_1_167' title='bbox 519 1733 602 1767; x_wconf 79' lang='lat' dir='ltr'>Petri</span> <span class='ocrx_word' id='word_1_168' title='bbox 638 1739 763 1766; x_wconf 88' lang='lat' dir='ltr'>sanctae</span> <span class='ocrx_word' id='word_1_169' title='bbox 786 1731 949 1765; x_wconf 80' lang='lat' dir='ltr'>Romanae</span> <span class='ocrx_word' id='word_1_170' title='bbox 975 1729 1136 1764; x_wconf 75' lang='lat' dir='ltr'>Ecclesiae</span> 
     </span>
     <span class='ocr_line' id='line_1_32' title="bbox 388 1778 1136 1830; baseline -0.008 -13"><span class='ocrx_word' id='word_1_171' title='bbox 388 1782 561 1830; x_wconf 58' lang='lat' dir='ltr'>presbyteri</span> <span class='ocrx_word' id='word_1_172' title='bbox 599 1780 789 1824; x_wconf 87' lang='lat' dir='ltr'>cardinalis,</span> <span class='ocrx_word' id='word_1_173' title='bbox 826 1791 862 1814; x_wconf 88' lang='lat' dir='ltr'>ac</span> <span class='ocrx_word' id='word_1_174' title='bbox 888 1778 1136 1819; x_wconf 63' lang='lat' dir='ltr'>bibliothecarii„</span> 
     </span>
    </p>
   </div>
   <div class='ocr_carea' id='block_1_5' title="bbox 957 230 1328 256">
    <p class='ocr_par' dir='ltr' id='par_1_5' title="bbox 957 230 1328 256">
     <span class='ocr_line' id='line_1_33' title="bbox 957 230 1328 256; baseline -0.011 0"><span class='ocrx_word' id='word_1_175' title='bbox 957 232 1055 256; x_wconf 59' lang='lat' dir='ltr'>mmm</span> <span class='ocrx_word' id='word_1_176' title='bbox 1063 233 1091 255; x_wconf 79' lang='lat' dir='ltr'>tt}</span> <span class='ocrx_word' id='word_1_177' title='bbox 1099 232 1142 255; x_wconf 68' lang='grc' dir='ltr'>[ΤΗ</span> <span class='ocrx_word' id='word_1_178' title='bbox 1166 230 1328 254; x_wconf 45' lang='lat' dir='ltr'>nomme!</span> 
     </span>
    </p>
   </div>
   <div class='ocr_carea' id='block_1_6' title="bbox 1204 282 1920 566">
    <p class='ocr_par' dir='ltr' id='par_1_6' title="bbox 1204 282 1920 566">
     <span class='ocr_line' id='line_1_34' title="bbox 1204 282 1918 322; baseline -0.004 -7"><span class='ocrx_word' id='word_1_179' title='bbox 1204 285 1330 315; x_wconf 82' lang='lat' dir='ltr'>lidorum</span> <span class='ocrx_word' id='word_1_180' title='bbox 1365 284 1445 314; x_wconf 82' lang='lat' dir='ltr'>illius</span> <span class='ocrx_word' id='word_1_181' title='bbox 1474 287 1608 313; x_wconf 89' lang='lat' dir='ltr'>monetae</span> <span class='ocrx_word' id='word_1_182' title='bbox 1639 283 1825 322; x_wconf 80' lang='lat' dir='ltr'>Apostolicae</span> <span class='ocrx_word' id='word_1_183' title='bbox 1849 282 1918 312; x_wconf 84' lang='lat' dir='ltr'>Sedi</span> 
     </span>
     <span class='ocr_line' id='line_1_35' title="bbox 1205 321 1917 363; baseline -0.006 -8"><span class='ocrx_word' id='word_1_184' title='bbox 1205 324 1426 363; x_wconf 82' lang='lat' dir='ltr'>persolvendus.</span> <span class='ocrx_word' id='word_1_185' title='bbox 1448 340 1488 345; x_wconf 88' lang='lat'>—</span> <span class='ocrx_word' id='word_1_186' title='bbox 1505 322 1693 353; x_wconf 87' lang='lat' dir='ltr'>Confirmatio</span> <span class='ocrx_word' id='word_1_187' title='bbox 1719 321 1861 352; x_wconf 86' lang='lat' dir='ltr'>bonorum</span> <span class='ocrx_word' id='word_1_188' title='bbox 1881 322 1917 352; x_wconf 88' lang='lat' dir='ltr'>ab</span> 
     </span>
     <span class='ocr_line' id='line_1_36' title="bbox 1204 363 1920 403; baseline -0.006 -8"><span class='ocrx_word' id='word_1_189' title='bbox 1204 366 1325 401; x_wconf 68' lang='lat' dir='ltr'>Ilugone</span> <span class='ocrx_word' id='word_1_190' title='bbox 1345 365 1483 403; x_wconf 86' lang='lat' dir='ltr'>episcopo</span> <span class='ocrx_word' id='word_1_191' title='bbox 1507 363 1685 392; x_wconf 87' lang='lat' dir='ltr'>monasterio</span> <span class='ocrx_word' id='word_1_192' title='bbox 1714 363 1859 392; x_wconf 86' lang='lat' dir='ltr'>datorum.</span> <span class='ocrx_word' id='word_1_193' title='bbox 1880 379 1920 384; x_wconf 89' lang='lat'>—</span> 
     </span>
     <span class='ocr_line' id='line_1_37' title="bbox 1206 402 1920 443; baseline -0.006 -9"><span class='ocrx_word' id='word_1_194' title='bbox 1206 405 1302 434; x_wconf 64' lang='lat' dir='ltr'>Abbas</span> <span class='ocrx_word' id='word_1_195' title='bbox 1336 413 1387 443; x_wconf 88' lang='lat' dir='ltr'>per</span> <span class='ocrx_word' id='word_1_196' title='bbox 1409 403 1569 432; x_wconf 80' lang='lat' dir='ltr'>monachos</span> <span class='ocrx_word' id='word_1_197' title='bbox 1602 402 1670 440; x_wconf 80' lang='lat' dir='ltr'>eligi</span> <span class='ocrx_word' id='word_1_198' title='bbox 1704 403 1852 432; x_wconf 73' lang='lat' dir='ltr'>statuitur.</span> <span class='ocrx_word' id='word_1_199' title='bbox 1881 419 1920 424; x_wconf 91' lang='lat'>—</span> 
     </span>
     <span class='ocr_line' id='line_1_38' title="bbox 1204 442 1920 474; baseline -0.006 0"><span class='ocrx_word' id='word_1_200' title='bbox 1204 444 1378 474; x_wconf 87' lang='lat' dir='ltr'>lmmunitas</span> <span class='ocrx_word' id='word_1_201' title='bbox 1416 442 1450 472; x_wconf 91' lang='lat' dir='ltr'>ab</span> <span class='ocrx_word' id='word_1_202' title='bbox 1483 443 1563 472; x_wconf 84' lang='lat' dir='ltr'>omni</span> <span class='ocrx_word' id='word_1_203' title='bbox 1599 442 1695 471; x_wconf 86' lang='lat' dir='ltr'>laicali</span> <span class='ocrx_word' id='word_1_204' title='bbox 1732 442 1850 471; x_wconf 83' lang='lat' dir='ltr'>servitio</span> <span class='ocrx_word' id='word_1_205' title='bbox 1891 446 1920 471; x_wconf 86' lang='lat' dir='ltr'>et</span> 
     </span>
     <span class='ocr_line' id='line_1_39' title="bbox 1205 481 1919 523; baseline -0.006 -9"><span class='ocrx_word' id='word_1_206' title='bbox 1205 484 1382 523; x_wconf 81' lang='lat' dir='ltr'>gravamine.</span> <span class='ocrx_word' id='word_1_207' title='bbox 1403 500 1443 505; x_wconf 96' lang='lat'>—</span> <span class='ocrx_word' id='word_1_208' title='bbox 1473 481 1628 520; x_wconf 68' lang='lat' dir='ltr'>Dignitatis</span> <span class='ocrx_word' id='word_1_209' title='bbox 1660 481 1800 520; x_wconf 80' lang='lat' dir='ltr'>privatio,</span> <span class='ocrx_word' id='word_1_210' title='bbox 1832 486 1919 520; x_wconf 80' lang='lat' dir='ltr'>atque</span> 
     </span>
     <span class='ocr_line' id='line_1_40' title="bbox 1206 521 1917 566; baseline -0.006 -12"><span class='ocrx_word' id='word_1_211' title='bbox 1206 524 1360 566; x_wconf 76' lang='lat' dir='ltr'>anatliema</span> <span class='ocrx_word' id='word_1_212' title='bbox 1378 527 1477 552; x_wconf 90' lang='lat' dir='ltr'>contra</span> <span class='ocrx_word' id='word_1_213' title='bbox 1490 521 1733 561; x_wconf 79' lang='lat' dir='ltr'>privilegiiltuins</span> <span class='ocrx_word' id='word_1_214' title='bbox 1750 521 1917 551; x_wconf 82' lang='lat' dir='ltr'>violatores.</span> 
     </span>
    </p>
   </div>
   <div class='ocr_carea' id='block_1_7' title="bbox 1167 587 1921 762">
    <p class='ocr_par' dir='ltr' id='par_1_7' title="bbox 1167 587 1921 762">
     <span class='ocr_line' id='line_1_41' title="bbox 1167 587 1921 627; baseline -0.007 -7"><span class='ocrx_word' id='word_1_215' title='bbox 1167 591 1310 627; x_wconf 81' lang='lat' dir='ltr'>Gregorius</span> <span class='ocrx_word' id='word_1_216' title='bbox 1329 590 1468 626; x_wconf 76' lang='lat' dir='ltr'>episcopus</span> <span class='ocrx_word' id='word_1_217' title='bbox 1488 595 1583 617; x_wconf 78' lang='lat' dir='ltr'>servus</span> <span class='ocrx_word' id='word_1_218' title='bbox 1596 594 1735 616; x_wconf 84' lang='lat' dir='ltr'>servorum</span> <span class='ocrx_word' id='word_1_219' title='bbox 1751 587 1806 620; x_wconf 84' lang='lat' dir='ltr'>Dei,</span> <span class='ocrx_word' id='word_1_220' title='bbox 1820 588 1921 616; x_wconf 67' lang='lat' dir='ltr'>diiecto</span> 
     </span>
     <span class='ocr_line' id='line_1_42' title="bbox 1212 632 1921 668; baseline -0.007 -4"><span class='ocrx_word' id='word_1_221' title='bbox 1212 637 1240 664; x_wconf 90' lang='lat' dir='ltr'>in</span> <span class='ocrx_word' id='word_1_222' title='bbox 1259 636 1366 664; x_wconf 79' lang='lat' dir='ltr'>Christo</span> <span class='ocrx_word' id='word_1_223' title='bbox 1389 635 1445 662; x_wconf 83' lang='lat' dir='ltr'>filio</span> <span class='ocrx_word' id='word_1_224' title='bbox 1475 633 1630 668; x_wconf 75' lang='lat' dir='ltr'>Raymundo</span> <span class='ocrx_word' id='word_1_225' title='bbox 1649 632 1742 661; x_wconf 80' lang='lat' dir='ltr'>abbati</span> <span class='ocrx_word' id='word_1_226' title='bbox 1761 632 1921 660; x_wconf 75' lang='lat' dir='ltr'>monasterii</span> 
     </span>
     <span class='ocr_line' id='line_1_43' title="bbox 1212 677 1921 713; baseline -0.007 -4"><span class='ocrx_word' id='word_1_227' title='bbox 1212 681 1303 709; x_wconf 81' lang='lat' dir='ltr'>Sancti</span> <span class='ocrx_word' id='word_1_228' title='bbox 1321 680 1393 709; x_wconf 81' lang='lat' dir='ltr'>Petri</span> <span class='ocrx_word' id='word_1_229' title='bbox 1413 679 1462 707; x_wconf 86' lang='lat' dir='ltr'>siti</span> <span class='ocrx_word' id='word_1_230' title='bbox 1474 679 1501 706; x_wconf 91' lang='lat' dir='ltr'>in</span> <span class='ocrx_word' id='word_1_231' title='bbox 1514 678 1582 711; x_wconf 84' lang='lat' dir='ltr'>loco,</span> <span class='ocrx_word' id='word_1_232' title='bbox 1597 678 1642 713; x_wconf 86' lang='lat' dir='ltr'>qui</span> <span class='ocrx_word' id='word_1_233' title='bbox 1653 677 1753 705; x_wconf 83' lang='lat' dir='ltr'>dicitnr</span> <span class='ocrx_word' id='word_1_234' title='bbox 1764 677 1921 709; x_wconf 79' lang='lat' dir='ltr'>condomus,</span> 
     </span>
     <span class='ocr_line' id='line_1_44' title="bbox 1214 723 1788 762; baseline -0.009 -8"><span class='ocrx_word' id='word_1_235' title='bbox 1214 723 1323 762; x_wconf 79' lang='lat' dir='ltr'>suisque</span> <span class='ocrx_word' id='word_1_236' title='bbox 1339 723 1550 756; x_wconf 79' lang='lat' dir='ltr'>successoribus,</span> <span class='ocrx_word' id='word_1_237' title='bbox 1571 723 1599 751; x_wconf 86' lang='lat' dir='ltr'>in</span> <span class='ocrx_word' id='word_1_238' title='bbox 1618 723 1788 758; x_wconf 78' lang='lat' dir='ltr'>perpetuum.</span> 
     </span>
    </p>
   </div>
   <div class='ocr_carea' id='block_1_8' title="bbox 1169 779 1933 1808">
    <p class='ocr_par' dir='ltr' id='par_1_8' title="bbox 1169 779 1933 1808">
     <span class='ocr_line' id='line_1_45' title="bbox 1217 779 1923 830; baseline -0.004 -13"><span class='ocrx_word' id='word_1_239' title='bbox 1217 783 1380 830; x_wconf 85' lang='lat' dir='ltr'>Supernae</span> <span class='ocrx_word' id='word_1_240' title='bbox 1409 780 1619 816; x_wconf 84' lang='lat' dir='ltr'>miserationis</span> <span class='ocrx_word' id='word_1_241' title='bbox 1640 787 1785 827; x_wconf 89' lang='lat' dir='ltr'>respectu</span> <span class='ocrx_word' id='word_1_242' title='bbox 1801 779 1838 815; x_wconf 91' lang='lat' dir='ltr'>ad</span> <span class='ocrx_word' id='word_1_243' title='bbox 1861 779 1923 815; x_wconf 85' lang='lat' dir='ltr'>hoc</span> 
     </span>
     <span class='ocr_line' id='line_1_46' title="bbox 1171 830 1922 876; baseline -0.004 -10"><span class='ocrx_word' id='word_1_244' title='bbox 1171 832 1353 867; x_wconf 82' lang='lat' dir='ltr'>universalis</span> <span class='ocrx_word' id='word_1_245' title='bbox 1380 831 1539 866; x_wconf 75' lang='lat' dir='ltr'>Ecclesiae</span> <span class='ocrx_word' id='word_1_246' title='bbox 1566 842 1672 865; x_wconf 88' lang='lat' dir='ltr'>curam</span> <span class='ocrx_word' id='word_1_247' title='bbox 1700 830 1922 876; x_wconf 79' lang='lat' dir='ltr'>suscepimuS,</span> 
     </span>
     <span class='ocr_line' id='line_1_47' title="bbox 1169 879 1919 928; baseline -0.005 -12"><span class='ocrx_word' id='word_1_248' title='bbox 1169 890 1199 916; x_wconf 85' lang='lat' dir='ltr'>et</span> <span class='ocrx_word' id='word_1_249' title='bbox 1229 881 1393 928; x_wconf 85' lang='lat' dir='ltr'>apostolici</span> <span class='ocrx_word' id='word_1_250' title='bbox 1431 879 1654 914; x_wconf 85' lang='lat' dir='ltr'>moderaminis</span> <span class='ocrx_word' id='word_1_251' title='bbox 1685 879 1919 913; x_wconf 86' lang='lat' dir='ltr'>solicitudinem</span> 
     </span>
     <span class='ocr_line' id='line_1_48' title="bbox 1170 928 1922 977; baseline -0.005 -12"><span class='ocrx_word' id='word_1_252' title='bbox 1170 931 1318 977; x_wconf 71' lang='lat' dir='ltr'>gerimus,</span> <span class='ocrx_word' id='word_1_253' title='bbox 1331 938 1364 964; x_wconf 88' lang='lat' dir='ltr'>ut</span> <span class='ocrx_word' id='word_1_254' title='bbox 1376 930 1464 963; x_wconf 87' lang='lat' dir='ltr'>iustis</span> <span class='ocrx_word' id='word_1_255' title='bbox 1480 928 1694 976; x_wconf 81' lang='lat' dir='ltr'>praecantium</span> <span class='ocrx_word' id='word_1_256' title='bbox 1712 928 1791 962; x_wconf 90' lang='lat' dir='ltr'>votis</span> <span class='ocrx_word' id='word_1_257' title='bbox 1803 935 1922 962; x_wconf 84' lang='lat' dir='ltr'>attenta</span> 
     </span>
     <span class='ocr_line' id='line_1_49' title="bbox 1172 976 1924 1026; baseline -0.005 -12"><span class='ocrx_word' id='word_1_258' title='bbox 1172 980 1363 1026; x_wconf 73' lang='lat' dir='ltr'>benignitate</span> <span class='ocrx_word' id='word_1_259' title='bbox 1397 978 1580 1022; x_wconf 82' lang='lat' dir='ltr'>faveamus,</span> <span class='ocrx_word' id='word_1_260' title='bbox 1607 985 1637 1012; x_wconf 89' lang='lat' dir='ltr'>et</span> <span class='ocrx_word' id='word_1_261' title='bbox 1669 976 1834 1011; x_wconf 87' lang='lat' dir='ltr'>libramine</span> <span class='ocrx_word' id='word_1_262' title='bbox 1868 988 1924 1011; x_wconf 88' lang='lat' dir='ltr'>ae-</span> 
     </span>
     <span class='ocr_line' id='line_1_50' title="bbox 1171 1025 1924 1076; baseline -0.005 -13"><span class='ocrx_word' id='word_1_263' title='bbox 1171 1030 1298 1076; x_wconf 82' lang='lat' dir='ltr'>quitatis</span> <span class='ocrx_word' id='word_1_264' title='bbox 1324 1028 1472 1063; x_wconf 85' lang='lat' dir='ltr'>omnibus</span> <span class='ocrx_word' id='word_1_265' title='bbox 1500 1028 1531 1061; x_wconf 92' lang='lat' dir='ltr'>in</span> <span class='ocrx_word' id='word_1_266' title='bbox 1567 1026 1751 1061; x_wconf 84' lang='lat' dir='ltr'>necessitate</span> <span class='ocrx_word' id='word_1_267' title='bbox 1789 1025 1924 1073; x_wconf 90' lang='lat' dir='ltr'>positis,</span> 
     </span>
     <span class='ocr_line' id='line_1_51' title="bbox 1171 1074 1928 1125; baseline -0.004 -12"><span class='ocrx_word' id='word_1_268' title='bbox 1171 1086 1323 1125; x_wconf 87' lang='lat' dir='ltr'>quantum</span> <span class='ocrx_word' id='word_1_269' title='bbox 1349 1077 1417 1111; x_wconf 88' lang='lat' dir='ltr'>Deo</span> <span class='ocrx_word' id='word_1_270' title='bbox 1440 1077 1578 1111; x_wconf 86' lang='lat' dir='ltr'>donante</span> <span class='ocrx_word' id='word_1_271' title='bbox 1607 1088 1788 1123; x_wconf 87' lang='lat' dir='ltr'>possumus,</span> <span class='ocrx_word' id='word_1_272' title='bbox 1815 1074 1928 1110; x_wconf 89' lang='lat' dir='ltr'>subve-</span> 
     </span>
     <span class='ocr_line' id='line_1_52' title="bbox 1174 1124 1924 1170; baseline -0.004 -9"><span class='ocrx_word' id='word_1_273' title='bbox 1174 1128 1239 1161; x_wconf 92' lang='lat' dir='ltr'>nire</span> <span class='ocrx_word' id='word_1_274' title='bbox 1262 1127 1444 1161; x_wconf 83' lang='lat' dir='ltr'>debeamus.</span> <span class='ocrx_word' id='word_1_275' title='bbox 1471 1125 1610 1160; x_wconf 87' lang='lat' dir='ltr'>Proinde</span> <span class='ocrx_word' id='word_1_276' title='bbox 1632 1125 1716 1159; x_wconf 82' lang='lat' dir='ltr'>iuxta</span> <span class='ocrx_word' id='word_1_277' title='bbox 1739 1124 1924 1170; x_wconf 86' lang='lat' dir='ltr'>petitionem</span> 
     </span>
     <span class='ocr_line' id='line_1_53' title="bbox 1174 1173 1925 1222; baseline -0.004 -12"><span class='ocrx_word' id='word_1_278' title='bbox 1174 1184 1257 1210; x_wconf 87' lang='lat' dir='ltr'>tuam</span> <span class='ocrx_word' id='word_1_279' title='bbox 1282 1175 1417 1222; x_wconf 69' lang='lat' dir='ltr'>praefato</span> <span class='ocrx_word' id='word_1_280' title='bbox 1440 1174 1643 1213; x_wconf 77' lang='lat' dir='ltr'>monasterio,</span> <span class='ocrx_word' id='word_1_281' title='bbox 1667 1173 1766 1208; x_wconf 86' lang='lat' dir='ltr'>cuitu</span> <span class='ocrx_word' id='word_1_282' title='bbox 1787 1185 1925 1220; x_wconf 83' lang='lat' dir='ltr'>praeesse</span> 
     </span>
     <span class='ocr_line' id='line_1_54' title="bbox 1174 1221 1927 1270; baseline -0.005 -10"><span class='ocrx_word' id='word_1_283' title='bbox 1174 1225 1359 1265; x_wconf 89' lang='lat' dir='ltr'>dinosceris,</span> <span class='ocrx_word' id='word_1_284' title='bbox 1384 1223 1564 1259; x_wconf 88' lang='lat' dir='ltr'>huiusmodi</span> <span class='ocrx_word' id='word_1_285' title='bbox 1590 1222 1751 1270; x_wconf 86' lang='lat' dir='ltr'>privilegia</span> <span class='ocrx_word' id='word_1_286' title='bbox 1769 1221 1927 1269; x_wconf 82' lang='lat' dir='ltr'>praesenti</span> 
     </span>
     <span class='ocr_line' id='line_1_55' title="bbox 1174 1271 1926 1318; baseline -0.005 -9"><span class='ocrx_word' id='word_1_287' title='bbox 1174 1274 1366 1309; x_wconf 83' lang='lat' dir='ltr'>auctoritatis</span> <span class='ocrx_word' id='word_1_288' title='bbox 1401 1282 1524 1308; x_wconf 91' lang='lat' dir='ltr'>nostrae</span> <span class='ocrx_word' id='word_1_289' title='bbox 1556 1272 1684 1307; x_wconf 87' lang='lat' dir='ltr'>decreto</span> <span class='ocrx_word' id='word_1_290' title='bbox 1712 1271 1926 1318; x_wconf 84' lang='lat' dir='ltr'>indulgemus,</span> 
     </span>
     <span class='ocr_line' id='line_1_56' title="bbox 1174 1322 1928 1369; baseline -0.005 -11"><span class='ocrx_word' id='word_1_291' title='bbox 1174 1323 1392 1366; x_wconf 77' lang='lat' dir='ltr'>concedimus,</span> <span class='ocrx_word' id='word_1_292' title='bbox 1411 1330 1505 1369; x_wconf 86' lang='lat' dir='ltr'>atque</span> <span class='ocrx_word' id='word_1_293' title='bbox 1523 1322 1767 1362; x_wconf 79' lang='lat' dir='ltr'>confirmamns3</span> <span class='ocrx_word' id='word_1_294' title='bbox 1790 1329 1928 1355; x_wconf 87' lang='lat' dir='ltr'>statuen-</span> 
     </span>
     <span class='ocr_line' id='line_1_57' title="bbox 1175 1371 1926 1418; baseline -0.005 -11"><span class='ocrx_word' id='word_1_295' title='bbox 1175 1382 1238 1413; x_wconf 91' lang='lat' dir='ltr'>tes,</span> <span class='ocrx_word' id='word_1_296' title='bbox 1262 1373 1385 1407; x_wconf 89' lang='lat' dir='ltr'>nullum</span> <span class='ocrx_word' id='word_1_297' title='bbox 1409 1384 1530 1418; x_wconf 78' lang='lat' dir='ltr'>regum,</span> <span class='ocrx_word' id='word_1_298' title='bbox 1556 1371 1599 1405; x_wconf 88' lang='lat' dir='ltr'>vel</span> <span class='ocrx_word' id='word_1_299' title='bbox 1620 1371 1856 1416; x_wconf 85' lang='lat' dir='ltr'>imperatorum,</span> <span class='ocrx_word' id='word_1_300' title='bbox 1876 1381 1926 1403; x_wconf 88' lang='lat' dir='ltr'>an-</span> 
     </span>
     <span class='ocr_line' id='line_1_58' title="bbox 1176 1418 1927 1467; baseline -0.005 -11"><span class='ocrx_word' id='word_1_301' title='bbox 1176 1423 1331 1462; x_wconf 87' lang='lat' dir='ltr'>tistitum,</span> <span class='ocrx_word' id='word_1_302' title='bbox 1368 1421 1488 1455; x_wconf 88' lang='lat' dir='ltr'>nullum</span> <span class='ocrx_word' id='word_1_303' title='bbox 1532 1431 1733 1467; x_wconf 89' lang='lat' dir='ltr'>quacumque</span> <span class='ocrx_word' id='word_1_304' title='bbox 1773 1418 1927 1464; x_wconf 77' lang='lat' dir='ltr'>dignitate</span> 
     </span>
     <span class='ocr_line' id='line_1_59' title="bbox 1177 1467 1929 1519; baseline -0.005 -15"><span class='ocrx_word' id='word_1_305' title='bbox 1177 1471 1365 1519; x_wconf 86' lang='lat' dir='ltr'>praeditum,</span> <span class='ocrx_word' id='word_1_306' title='bbox 1399 1469 1448 1504; x_wconf 88' lang='lat' dir='ltr'>vel</span> <span class='ocrx_word' id='word_1_307' title='bbox 1484 1480 1718 1516; x_wconf 84' lang='lat' dir='ltr'>quemcumque</span> <span class='ocrx_word' id='word_1_308' title='bbox 1745 1467 1840 1502; x_wconf 89' lang='lat' dir='ltr'>alium</span> <span class='ocrx_word' id='word_1_309' title='bbox 1864 1479 1929 1501; x_wconf 90' lang='lat' dir='ltr'>au-</span> 
     </span>
     <span class='ocr_line' id='line_1_60' title="bbox 1176 1516 1927 1566; baseline -0.007 -11"><span class='ocrx_word' id='word_1_310' title='bbox 1176 1521 1262 1563; x_wconf 79' lang='lat' dir='ltr'>dere,</span> <span class='ocrx_word' id='word_1_311' title='bbox 1285 1520 1323 1554; x_wconf 89' lang='lat' dir='ltr'>de</span> <span class='ocrx_word' id='word_1_312' title='bbox 1346 1519 1405 1559; x_wconf 80' lang='lat' dir='ltr'>his,</span> <span class='ocrx_word' id='word_1_313' title='bbox 1433 1531 1513 1566; x_wconf 87' lang='lat' dir='ltr'>quae</span> <span class='ocrx_word' id='word_1_314' title='bbox 1535 1518 1638 1552; x_wconf 90' lang='lat' dir='ltr'>eidem</span> <span class='ocrx_word' id='word_1_315' title='bbox 1662 1516 1832 1551; x_wconf 84' lang='lat' dir='ltr'>venerabili</span> <span class='ocrx_word' id='word_1_316' title='bbox 1856 1516 1927 1551; x_wconf 85' lang='lat' dir='ltr'>loco</span> 
     </span>
     <span class='ocr_line' id='line_1_61' title="bbox 1176 1565 1928 1616; baseline -0.007 -12"><span class='ocrx_word' id='word_1_317' title='bbox 1176 1582 1192 1604; x_wconf 90' lang='lat' dir='ltr'>a</span> <span class='ocrx_word' id='word_1_318' title='bbox 1219 1568 1412 1616; x_wconf 85' lang='lat' dir='ltr'>quibuslibet</span> <span class='ocrx_word' id='word_1_319' title='bbox 1438 1567 1620 1602; x_wconf 86' lang='lat' dir='ltr'>hominibus</span> <span class='ocrx_word' id='word_1_320' title='bbox 1648 1566 1687 1600; x_wconf 88' lang='lat' dir='ltr'>de</span> <span class='ocrx_word' id='word_1_321' title='bbox 1710 1565 1838 1613; x_wconf 90' lang='lat' dir='ltr'>proprio</span> <span class='ocrx_word' id='word_1_322' title='bbox 1861 1565 1928 1600; x_wconf 87' lang='lat' dir='ltr'>iure</span> 
     </span>
     <span class='ocr_line' id='line_1_62' title="bbox 1177 1614 1927 1657; baseline -0.007 -4"><span class='ocrx_word' id='word_1_323' title='bbox 1177 1619 1238 1653; x_wconf 91' lang='lat' dir='ltr'>iam</span> <span class='ocrx_word' id='word_1_324' title='bbox 1262 1618 1375 1653; x_wconf 87' lang='lat' dir='ltr'>donata</span> <span class='ocrx_word' id='word_1_325' title='bbox 1410 1625 1500 1657; x_wconf 88' lang='lat' dir='ltr'>sunt,</span> <span class='ocrx_word' id='word_1_326' title='bbox 1530 1617 1574 1651; x_wconf 89' lang='lat' dir='ltr'>vel</span> <span class='ocrx_word' id='word_1_327' title='bbox 1612 1616 1641 1650; x_wconf 90' lang='lat' dir='ltr'>in</span> <span class='ocrx_word' id='word_1_328' title='bbox 1678 1615 1831 1657; x_wconf 84' lang='lat' dir='ltr'>futurum,</span> <span class='ocrx_word' id='word_1_329' title='bbox 1858 1614 1927 1649; x_wconf 90' lang='lat' dir='ltr'>Deo</span> 
     </span>
     <span class='ocr_line' id='line_1_63' title="bbox 1179 1664 1930 1711; baseline -0.007 -9"><span class='ocrx_word' id='word_1_330' title='bbox 1179 1669 1359 1711; x_wconf 87' lang='lat' dir='ltr'>miserante,</span> <span class='ocrx_word' id='word_1_331' title='bbox 1382 1668 1463 1701; x_wconf 87' lang='lat' dir='ltr'>inste</span> <span class='ocrx_word' id='word_1_332' title='bbox 1488 1665 1598 1701; x_wconf 88' lang='lat' dir='ltr'>collata</span> <span class='ocrx_word' id='word_1_333' title='bbox 1625 1664 1752 1704; x_wconf 77' lang='lat' dir='ltr'>tuerint,</span> <span class='ocrx_word' id='word_1_334' title='bbox 1783 1664 1844 1698; x_wconf 92' lang='lat' dir='ltr'>sub</span> <span class='ocrx_word' id='word_1_335' title='bbox 1870 1676 1930 1698; x_wconf 88' lang='lat' dir='ltr'>cu-</span> 
     </span>
     <span class='ocr_line' id='line_1_64' title="bbox 1178 1712 1930 1760; baseline -0.007 -9"><span class='ocrx_word' id='word_1_336' title='bbox 1178 1717 1304 1752; x_wconf 85' lang='lat' dir='ltr'>iuslibet</span> <span class='ocrx_word' id='word_1_337' title='bbox 1338 1728 1451 1751; x_wconf 91' lang='lat' dir='ltr'>causae</span> <span class='ocrx_word' id='word_1_338' title='bbox 1485 1714 1699 1750; x_wconf 79' lang='lat' dir='ltr'>occasionisve</span> <span class='ocrx_word' id='word_1_339' title='bbox 1731 1714 1838 1760; x_wconf 88' lang='lat' dir='ltr'>specie</span> <span class='ocrx_word' id='word_1_340' title='bbox 1867 1712 1930 1746; x_wconf 90' lang='lat' dir='ltr'>mi-</span> 
     </span>
     <span class='ocr_line' id='line_1_65' title="bbox 1180 1762 1933 1808; baseline -0.008 -7"><span class='ocrx_word' id='word_1_341' title='bbox 1180 1778 1276 1801; x_wconf 88' lang='lat' dir='ltr'>nuere</span> <span class='ocrx_word' id='word_1_342' title='bbox 1299 1765 1346 1800; x_wconf 87' lang='lat' dir='ltr'>vel</span> <span class='ocrx_word' id='word_1_343' title='bbox 1368 1765 1502 1808; x_wconf 75' lang='lat' dir='ltr'>auferre,</span> <span class='ocrx_word' id='word_1_344' title='bbox 1524 1771 1554 1798; x_wconf 91' lang='lat' dir='ltr'>et</span> <span class='ocrx_word' id='word_1_345' title='bbox 1575 1764 1641 1798; x_wconf 90' lang='lat' dir='ltr'>sive</span> <span class='ocrx_word' id='word_1_346' title='bbox 1663 1762 1729 1797; x_wconf 89' lang='lat' dir='ltr'>suis</span> <span class='ocrx_word' id='word_1_347' title='bbox 1751 1762 1861 1796; x_wconf 91' lang='lat' dir='ltr'>usibus</span> <span class='ocrx_word' id='word_1_348' title='bbox 1878 1773 1933 1807; x_wconf 88' lang='lat' dir='ltr'>ap-</span> 
     </span>
    </p>
   </div>
   <div class='ocr_carea' id='block_1_9' title="bbox 386 1812 1930 1876">
    <p class='ocr_par' dir='ltr' id='par_1_9' title="bbox 386 1812 1930 1876">
     <span class='ocr_line' id='line_1_66' title="bbox 386 1812 1930 1876; baseline -0.006 -9"><span class='ocrx_word' id='word_1_349' title='bbox 386 1845 469 1867; x_wconf 88' lang='lat' dir='ltr'>anno</span> <span class='ocrx_word' id='word_1_350' title='bbox 493 1844 527 1866; x_wconf 82' lang='lat' dir='ltr'>lv</span> <span class='ocrx_word' id='word_1_351' title='bbox 551 1830 751 1876; x_wconf 81' lang='lat' dir='ltr'>pontificatus</span> <span class='ocrx_word' id='word_1_352' title='bbox 772 1829 892 1863; x_wconf 89' lang='lat' dir='ltr'>domini</span> <span class='ocrx_word' id='word_1_353' title='bbox 921 1827 1066 1873; x_wconf 82' lang='lat' dir='ltr'>Gregorii</span> <span class='ocrx_word' id='word_1_354' title='bbox 1083 1827 1137 1861; x_wconf 83' lang='lat' dir='ltr'>Vll</span> <span class='ocrx_word' id='word_1_355' title='bbox 1180 1816 1307 1863; x_wconf 56' lang='lat' dir='ltr'>Pllssffl&#39;ev</span> <span class='ocrx_word' id='word_1_356' title='bbox 1335 1815 1381 1849; x_wconf 60' lang='lat' dir='ltr'>vel</span> <span class='ocrx_word' id='word_1_357' title='bbox 1410 1814 1479 1848; x_wconf 70' lang='grc'>111115</span> <span class='ocrx_word' id='word_1_358' title='bbox 1502 1813 1561 1860; x_wconf 64' lang='grc'>11118</span> <span class='ocrx_word' id='word_1_359' title='bbox 1583 1813 1622 1847; x_wconf 69' lang='lat' dir='ltr'>de</span> <span class='ocrx_word' id='word_1_360' title='bbox 1644 1812 1748 1846; x_wconf 68' lang='lat' dir='ltr'>⁰3¹¹Sls</span> <span class='ocrx_word' id='word_1_361' title='bbox 1771 1823 1827 1858; x_wconf 65' lang='lat' dir='ltr'>Pes</span> <span class='ocrx_word' id='word_1_362' title='bbox 1853 1822 1930 1845; x_wconf 63' lang='lat' dir='ltr'><strong>⁸¹¹³ss</strong></span> 
     </span>
    </p>
   </div>
   <div class='ocr_carea' id='block_1_10' title="bbox 386 1877 1139 1968">
    <p class='ocr_par' dir='ltr' id='par_1_10' title="bbox 386 1877 1139 1968">
     <span class='ocr_line' id='line_1_67' title="bbox 386 1877 1139 1927; baseline -0.007 -12"><span class='ocrx_word' id='word_1_363' title='bbox 386 1881 504 1927; x_wconf 86' lang='lat' dir='ltr'>Papae.</span> <span class='ocrx_word' id='word_1_364' title='bbox 534 1881 627 1914; x_wconf 82' lang='lat' dir='ltr'>Anno</span> <span class='ocrx_word' id='word_1_365' title='bbox 649 1878 794 1913; x_wconf 87' lang='lat' dir='ltr'>videlicet</span> <span class='ocrx_word' id='word_1_366' title='bbox 827 1877 1006 1912; x_wconf 87' lang='lat' dir='ltr'>dominicae</span> <span class='ocrx_word' id='word_1_367' title='bbox 1034 1877 1139 1911; x_wconf 87' lang='lat' dir='ltr'>incar-</span> 
     </span>
     <span class='ocr_line' id='line_1_68' title="bbox 388 1927 916 1968; baseline -0.008 -4"><span class='ocrx_word' id='word_1_368' title='bbox 388 1930 524 1964; x_wconf 85' lang='lat' dir='ltr'>nationis</span> <span class='ocrx_word' id='word_1_369' title='bbox 550 1940 685 1968; x_wconf 31' lang='lat' dir='ltr'>Mttxxvi,</span> <span class='ocrx_word' id='word_1_370' title='bbox 710 1927 821 1962; x_wconf 87' lang='lat' dir='ltr'>indict.</span> <span class='ocrx_word' id='word_1_371' title='bbox 850 1929 916 1960; x_wconf 83' lang='lat' dir='ltr'>xiv.</span> 
     </span>
    </p>
   </div>
   <div class='ocr_carea' id='block_1_11' title="bbox 407 1982 1120 2064">
    <p class='ocr_par' dir='ltr' id='par_1_11' title="bbox 407 1982 1120 2064">
     <span class='ocr_line' id='line_1_69' title="bbox 407 1982 1120 2019; baseline -0.008 -2"><span class='ocrx_word' id='word_1_372' title='bbox 407 1987 469 2017; x_wconf 87' lang='lat' dir='ltr'>Dat.</span> <span class='ocrx_word' id='word_1_373' title='bbox 491 1986 539 2017; x_wconf 89' lang='lat' dir='ltr'>die</span> <span class='ocrx_word' id='word_1_374' title='bbox 557 1986 594 2016; x_wconf 65' lang='lat'>28</span> <span class='ocrx_word' id='word_1_375' title='bbox 616 1984 783 2015; x_wconf 87' lang='lat' dir='ltr'>decembris</span> <span class='ocrx_word' id='word_1_376' title='bbox 802 1993 878 2013; x_wconf 91' lang='lat' dir='ltr'>anno</span> <span class='ocrx_word' id='word_1_377' title='bbox 900 1982 1015 2012; x_wconf 90' lang='lat' dir='ltr'>Domini</span> <span class='ocrx_word' id='word_1_378' title='bbox 1038 1982 1120 2019; x_wconf 69' lang='lat'>1076,</span> 
     </span>
     <span class='ocr_line' id='line_1_70' title="bbox 634 2024 891 2064; baseline -0.008 -10"><span class='ocrx_word' id='word_1_379' title='bbox 634 2024 737 2064; x_wconf 77' lang='lat' dir='ltr'>pontif.</span> <span class='ocrx_word' id='word_1_380' title='bbox 757 2033 833 2053; x_wconf 90' lang='lat' dir='ltr'>anno</span> <span class='ocrx_word' id='word_1_381' title='bbox 849 2032 891 2053; x_wconf 89' lang='lat'><em>111.</em></span> 
     </span>
    </p>
   </div>
   <div class='ocr_carea' id='block_1_12' title="bbox 713 2088 823 2094">
    <p class='ocr_par' dir='ltr' id='par_1_12' title="bbox 713 2088 823 2094">
     <span class='ocr_line' id='line_1_71' title="bbox 713 2088 823 2094; baseline 0 0"><span class='ocrx_word' id='word_1_382' title='bbox 713 2088 823 2094; x_wconf 95' lang='lat' dir='ltr'> </span> 
     </span>
    </p>
   </div>
   <div class='ocr_carea' id='block_1_13' title="bbox 713 2142 829 2177">
    <p class='ocr_par' dir='ltr' id='par_1_13' title="bbox 713 2142 829 2177">
     <span class='ocr_line' id='line_1_72' title="bbox 713 2142 829 2177; baseline -0.009 0"><span class='ocrx_word' id='word_1_383' title='bbox 713 2142 829 2177; x_wconf 81' lang='lat' dir='ltr'>XXIV.</span> 
     </span>
    </p>
   </div>
   <div class='ocr_carea' id='block_1_14' title="bbox 395 2214 1144 2357">
    <p class='ocr_par' dir='ltr' id='par_1_14' title="bbox 395 2214 1144 2357">
     <span class='ocr_line' id='line_1_73' title="bbox 395 2214 1144 2262; baseline -0.007 -11"><span class='ocrx_word' id='word_1_384' title='bbox 395 2218 595 2262; x_wconf 80' lang='lat' dir='ltr'>Confirmatio</span> <span class='ocrx_word' id='word_1_385' title='bbox 616 2216 810 2260; x_wconf 74' lang='lat' dir='ltr'>fundationis</span> <span class='ocrx_word' id='word_1_386' title='bbox 833 2221 858 2248; x_wconf 77' lang='lat' dir='ltr'>et</span> <span class='ocrx_word' id='word_1_387' title='bbox 881 2214 1082 2248; x_wconf 75' lang='lat' dir='ltr'>donationum</span> <span class='ocrx_word' id='word_1_388' title='bbox 1106 2214 1144 2247; x_wconf 82' lang='lat' dir='ltr'>ab</span> 
     </span>
     <span class='ocr_line' id='line_1_74' title="bbox 445 2263 1144 2310; baseline -0.006 -11"><span class='ocrx_word' id='word_1_389' title='bbox 445 2267 576 2310; x_wconf 75' lang='lat' dir='ltr'>Iluqone</span> <span class='ocrx_word' id='word_1_390' title='bbox 597 2265 771 2310; x_wconf 67' lang='lat' dir='ltr'>Aqimiensi</span> <span class='ocrx_word' id='word_1_391' title='bbox 793 2265 932 2308; x_wconf 75' lang='lat' dir='ltr'>episcopo</span> <span class='ocrx_word' id='word_1_392' title='bbox 961 2263 1144 2296; x_wconf 73' lang='lat' dir='ltr'>›nonasterio</span> 
     </span>
     <span class='ocr_line' id='line_1_75' title="bbox 442 2313 1082 2357; baseline -0.008 -8"><span class='ocrx_word' id='word_1_393' title='bbox 442 2316 477 2348; x_wconf 91' lang='lat' dir='ltr'>S.</span> <span class='ocrx_word' id='word_1_394' title='bbox 497 2315 583 2348; x_wconf 71' lang='lat' dir='ltr'>Petri</span> <span class='ocrx_word' id='word_1_395' title='bbox 609 2314 826 2354; x_wconf 66' lang='lat' dir='ltr'>Condomiepsi</span> <span class='ocrx_word' id='word_1_396' title='bbox 846 2314 1001 2357; x_wconf 78' lang='lat' dir='ltr'>factarum</span> <span class='ocrx_word' id='word_1_397' title='bbox 1025 2313 1082 2355; x_wconf 84' lang='grc'>(1).</span> 
     </span>
    </p>
   </div>
   <div class='ocr_carea' id='block_1_15' title="bbox 670 2381 883 2413">
    <p class='ocr_par' dir='ltr' id='par_1_15' title="bbox 670 2381 883 2413">
     <span class='ocr_line' id='line_1_76' title="bbox 670 2381 883 2413; baseline -0.009 0"><span class='ocrx_word' id='word_1_398' title='bbox 670 2381 883 2413; x_wconf 78' lang='lat' dir='ltr'>SUMMAluUM</span> 
     </span>
    </p>
   </div>
   <div class='ocr_carea' id='block_1_16' title="bbox 396 2441 1149 2560">
    <p class='ocr_par' dir='ltr' id='par_1_16' title="bbox 396 2441 1149 2560">
     <span class='ocr_line' id='line_1_77' title="bbox 396 2441 1147 2482; baseline -0.005 -8"><span class='ocrx_word' id='word_1_399' title='bbox 396 2445 564 2475; x_wconf 75' lang='lat' dir='ltr'>Exordium.</span> <span class='ocrx_word' id='word_1_400' title='bbox 579 2462 619 2468; x_wconf 89' lang='lat'>—-</span> <span class='ocrx_word' id='word_1_401' title='bbox 630 2445 782 2475; x_wconf 85' lang='lat' dir='ltr'>Decretum</span> <span class='ocrx_word' id='word_1_402' title='bbox 805 2444 999 2482; x_wconf 77' lang='lat' dir='ltr'>exemptionis</span> <span class='ocrx_word' id='word_1_403' title='bbox 1015 2442 1051 2471; x_wconf 92' lang='lat' dir='ltr'>ab</span> <span class='ocrx_word' id='word_1_404' title='bbox 1068 2441 1147 2471; x_wconf 90' lang='lat' dir='ltr'>omni</span> 
     </span>
     <span class='ocr_line' id='line_1_78' title="bbox 436 2483 1149 2523; baseline -0.006 -9"><span class='ocrx_word' id='word_1_405' title='bbox 436 2485 594 2514; x_wconf 86' lang='lat' dir='ltr'>cuiuslibet</span> <span class='ocrx_word' id='word_1_406' title='bbox 616 2494 757 2523; x_wconf 87' lang='lat' dir='ltr'>personae</span> <span class='ocrx_word' id='word_1_407' title='bbox 786 2484 931 2519; x_wconf 89' lang='lat' dir='ltr'>molestia,</span> <span class='ocrx_word' id='word_1_408' title='bbox 957 2483 1004 2517; x_wconf 86' lang='lat' dir='ltr'>vi,</span> <span class='ocrx_word' id='word_1_409' title='bbox 1030 2483 1149 2511; x_wconf 83' lang='lat' dir='ltr'>infesta-</span> 
     </span>
     <span class='ocr_line' id='line_1_79' title="bbox 437 2523 1149 2560; baseline -0.006 -7"><span class='ocrx_word' id='word_1_410' title='bbox 437 2525 526 2560; x_wconf 87' lang='lat' dir='ltr'>tione,</span> <span class='ocrx_word' id='word_1_411' title='bbox 545 2529 599 2553; x_wconf 81' lang='lat' dir='ltr'>etc.</span> <span class='ocrx_word' id='word_1_412' title='bbox 620 2541 660 2546; x_wconf 92' lang='lat'><em>-</em></span> <span class='ocrx_word' id='word_1_413' title='bbox 677 2525 799 2553; x_wconf 76' lang='lat' dir='ltr'>Annuus</span> <span class='ocrx_word' id='word_1_414' title='bbox 818 2532 926 2553; x_wconf 86' lang='lat' dir='ltr'>census</span> <span class='ocrx_word' id='word_1_415' title='bbox 944 2523 1074 2560; x_wconf 78' lang='lat' dir='ltr'>quinque</span> <span class='ocrx_word' id='word_1_416' title='bbox 1101 2530 1149 2550; x_wconf 91' lang='lat' dir='ltr'>so-</span> 
     </span>
    </p>
   </div>
   <div class='ocr_carea' id='block_1_17' title="bbox 399 2578 1150 2643">
    <p class='ocr_par' dir='ltr' id='par_1_17' title="bbox 399 2578 1150 2643">
     <span class='ocr_line' id='line_1_80' title="bbox 434 2578 1150 2615; baseline -0.004 -8"><span class='ocrx_word' id='word_1_417' title='bbox 434 2582 474 2615; x_wconf 76' lang='lat' dir='ltr'>(t)</span> <span class='ocrx_word' id='word_1_418' title='bbox 490 2581 529 2607; x_wconf 82' lang='lat' dir='ltr'>Ex</span> <span class='ocrx_word' id='word_1_419' title='bbox 547 2583 612 2607; x_wconf 83' lang='lat' dir='ltr'>tom.</span> <span class='ocrx_word' id='word_1_420' title='bbox 634 2588 652 2606; x_wconf 92' lang='grc' dir='ltr'>ιι</span> <span class='ocrx_word' id='word_1_421' title='bbox 668 2580 735 2606; x_wconf 85' lang='lat' dir='ltr'>Gall.</span> <span class='ocrx_word' id='word_1_422' title='bbox 756 2580 853 2606; x_wconf 83' lang='lat' dir='ltr'>Christ.</span> <span class='ocrx_word' id='word_1_423' title='bbox 874 2579 917 2606; x_wconf 90' lang='lat' dir='ltr'>ed.</span> <span class='ocrx_word' id='word_1_424' title='bbox 937 2579 1004 2605; x_wconf 62' lang='lat'>¹7:20</span> <span class='ocrx_word' id='word_1_425' title='bbox 1022 2578 1090 2605; x_wconf 88' lang='lat' dir='ltr'>inter</span> <span class='ocrx_word' id='word_1_426' title='bbox 1108 2579 1150 2604; x_wconf 88' lang='lat' dir='ltr'>In-</span> 
     </span>
     <span class='ocr_line' id='line_1_81' title="bbox 399 2614 1035 2643; baseline -0.006 0"><span class='ocrx_word' id='word_1_427' title='bbox 399 2619 549 2643; x_wconf 84' lang='lat' dir='ltr'>strumenta</span> <span class='ocrx_word' id='word_1_428' title='bbox 565 2614 695 2642; x_wconf 84' lang='lat' dir='ltr'>Ecclesiae</span> <span class='ocrx_word' id='word_1_429' title='bbox 711 2615 882 2642; x_wconf 82' lang='lat' dir='ltr'>Condcmien.</span> <span class='ocrx_word' id='word_1_430' title='bbox 901 2622 974 2640; x_wconf 89' lang='lat' dir='ltr'>num.</span> <span class='ocrx_word' id='word_1_431' title='bbox 994 2621 1035 2640; x_wconf 85' lang='grc' dir='ltr'>ιιι.</span> 
     </span>
    </p>
   </div>
   <div class='ocr_carea' id='block_1_18' title="bbox 1157 1858 1938 2658">
    <p class='ocr_par' dir='ltr' id='par_1_18' title="bbox 1157 1858 1929 1908">
     <span class='ocr_line' id='line_1_82' title="bbox 1157 1858 1929 1908; baseline -0.008 -9"><span class='ocrx_word' id='word_1_432' title='bbox 1157 1865 1323 1908; x_wconf 78' lang='lat' dir='ltr'>tavaritiae</span> <span class='ocrx_word' id='word_1_433' title='bbox 1362 1863 1597 1897; x_wconf 77' lang='lat' dir='ltr'>excusationem</span> <span class='ocrx_word' id='word_1_434' title='bbox 1638 1860 1837 1900; x_wconf 87' lang='lat' dir='ltr'>concedere;</span> <span class='ocrx_word' id='word_1_435' title='bbox 1874 1858 1929 1894; x_wconf 90' lang='lat' dir='ltr'>sed</span> 
     </span>
    </p>

    <p class='ocr_par' dir='ltr' id='par_1_19' title="bbox 1157 1907 1935 2304">
     <span class='ocr_line' id='line_1_83' title="bbox 1157 1907 1931 1967; baseline -0.008 -19"><span class='ocrx_word' id='word_1_436' title='bbox 1157 1909 1162 1967; x_wconf 61' lang='grc' dir='ltr'>ξ</span> <span class='ocrx_word' id='word_1_437' title='bbox 1181 1921 1292 1948; x_wconf 88' lang='lat' dir='ltr'>cuncta</span> <span class='ocrx_word' id='word_1_438' title='bbox 1315 1924 1393 1959; x_wconf 83' lang='lat' dir='ltr'>quae</span> <span class='ocrx_word' id='word_1_439' title='bbox 1416 1912 1457 1945; x_wconf 86' lang='lat' dir='ltr'>ibi</span> <span class='ocrx_word' id='word_1_440' title='bbox 1481 1911 1560 1946; x_wconf 86' lang='lat' dir='ltr'>iuste</span> <span class='ocrx_word' id='word_1_441' title='bbox 1583 1909 1686 1944; x_wconf 90' lang='lat' dir='ltr'>oblata</span> <span class='ocrx_word' id='word_1_442' title='bbox 1709 1917 1794 1953; x_wconf 89' lang='lat' dir='ltr'>sunt,</span> <span class='ocrx_word' id='word_1_443' title='bbox 1819 1908 1863 1943; x_wconf 91' lang='lat' dir='ltr'>vel</span> <span class='ocrx_word' id='word_1_444' title='bbox 1887 1907 1931 1942; x_wconf 87' lang='lat' dir='ltr'>os-</span> 
     </span>
     <span class='ocr_line' id='line_1_84' title="bbox 1183 1957 1930 2007; baseline -0.009 -10"><span class='ocrx_word' id='word_1_445' title='bbox 1183 1963 1253 1997; x_wconf 87' lang='lat' dir='ltr'>serri</span> <span class='ocrx_word' id='word_1_446' title='bbox 1281 1961 1449 2007; x_wconf 84' lang='lat' dir='ltr'>contigerit</span> <span class='ocrx_word' id='word_1_447' title='bbox 1477 1968 1536 1994; x_wconf 88' lang='lat' dir='ltr'>tam</span> <span class='ocrx_word' id='word_1_448' title='bbox 1560 1971 1577 1993; x_wconf 88' lang='lat' dir='ltr'>a</span> <span class='ocrx_word' id='word_1_449' title='bbox 1612 1966 1641 1992; x_wconf 90' lang='lat' dir='ltr'>te</span> <span class='ocrx_word' id='word_1_450' title='bbox 1664 1970 1758 2005; x_wconf 88' lang='lat' dir='ltr'>quam</span> <span class='ocrx_word' id='word_1_451' title='bbox 1793 1957 1832 1992; x_wconf 88' lang='lat' dir='ltr'>ab</span> <span class='ocrx_word' id='word_1_452' title='bbox 1862 1958 1930 1997; x_wconf 90' lang='lat' dir='ltr'>eis,</span> 
     </span>
     <span class='ocr_line' id='line_1_85' title="bbox 1182 2006 1930 2058; baseline -0.008 -13"><span class='ocrx_word' id='word_1_453' title='bbox 1182 2012 1235 2058; x_wconf 81' lang='lat' dir='ltr'>qui</span> <span class='ocrx_word' id='word_1_454' title='bbox 1262 2011 1293 2044; x_wconf 91' lang='lat' dir='ltr'>in</span> <span class='ocrx_word' id='word_1_455' title='bbox 1319 2018 1372 2045; x_wconf 89' lang='lat' dir='ltr'>tuo</span> <span class='ocrx_word' id='word_1_456' title='bbox 1406 2009 1509 2044; x_wconf 78' lang='lat' dir='ltr'>officio</span> <span class='ocrx_word' id='word_1_457' title='bbox 1541 2008 1674 2054; x_wconf 87' lang='lat' dir='ltr'>locoque</span> <span class='ocrx_word' id='word_1_458' title='bbox 1700 2006 1930 2046; x_wconf 81' lang='lat' dir='ltr'>successerint,</span> 
     </span>
     <span class='ocr_line' id='line_1_86' title="bbox 1183 2054 1933 2107; baseline -0.009 -12"><span class='ocrx_word' id='word_1_459' title='bbox 1183 2060 1312 2107; x_wconf 89' lang='lat' dir='ltr'>perenni</span> <span class='ocrx_word' id='word_1_460' title='bbox 1342 2067 1482 2105; x_wconf 87' lang='lat' dir='ltr'>tempore</span> <span class='ocrx_word' id='word_1_461' title='bbox 1509 2057 1624 2091; x_wconf 88' lang='lat' dir='ltr'>illibata</span> <span class='ocrx_word' id='word_1_462' title='bbox 1656 2064 1685 2091; x_wconf 89' lang='lat' dir='ltr'>et</span> <span class='ocrx_word' id='word_1_463' title='bbox 1712 2056 1780 2090; x_wconf 88' lang='lat' dir='ltr'>sine</span> <span class='ocrx_word' id='word_1_464' title='bbox 1808 2054 1933 2101; x_wconf 87' lang='lat' dir='ltr'>inquie-</span> 
     </span>
     <span class='ocr_line' id='line_1_87' title="bbox 1185 2103 1932 2154; baseline -0.009 -10"><span class='ocrx_word' id='word_1_465' title='bbox 1185 2109 1293 2144; x_wconf 86' lang='lat' dir='ltr'>tudine</span> <span class='ocrx_word' id='word_1_466' title='bbox 1316 2108 1460 2142; x_wconf 85' lang='lat' dir='ltr'>volnmus</span> <span class='ocrx_word' id='word_1_467' title='bbox 1482 2105 1649 2154; x_wconf 82' lang='lat' dir='ltr'>possideri,</span> <span class='ocrx_word' id='word_1_468' title='bbox 1672 2117 1780 2140; x_wconf 82' lang='lat' dir='ltr'>eorum</span> <span class='ocrx_word' id='word_1_469' title='bbox 1803 2103 1932 2151; x_wconf 88' lang='lat' dir='ltr'>quidem</span> 
     </span>
     <span class='ocr_line' id='line_1_88' title="bbox 1184 2154 1934 2204; baseline -0.009 -11"><span class='ocrx_word' id='word_1_470' title='bbox 1184 2158 1307 2202; x_wconf 90' lang='lat' dir='ltr'>usibus,</span> <span class='ocrx_word' id='word_1_471' title='bbox 1331 2169 1387 2204; x_wconf 88' lang='lat' dir='ltr'>pro</span> <span class='ocrx_word' id='word_1_472' title='bbox 1409 2167 1544 2203; x_wconf 85' lang='lat' dir='ltr'>quorum</span> <span class='ocrx_word' id='word_1_473' title='bbox 1568 2154 1819 2189; x_wconf 87' lang='lat' dir='ltr'>substentatione</span> <span class='ocrx_word' id='word_1_474' title='bbox 1835 2160 1866 2186; x_wconf 91' lang='lat' dir='ltr'>et</span> <span class='ocrx_word' id='word_1_475' title='bbox 1883 2164 1934 2198; x_wconf 76' lang='lat' dir='ltr'>gu-</span> 
     </span>
     <span class='ocr_line' id='line_1_89' title="bbox 1186 2201 1935 2245; baseline -0.009 -3"><span class='ocrx_word' id='word_1_476' title='bbox 1186 2208 1367 2243; x_wconf 86' lang='lat' dir='ltr'>bernatione</span> <span class='ocrx_word' id='word_1_477' title='bbox 1385 2216 1533 2241; x_wconf 81' lang='lat' dir='ltr'>concessa</span> <span class='ocrx_word' id='word_1_478' title='bbox 1551 2212 1635 2245; x_wconf 84' lang='lat' dir='ltr'>sunt,</span> <span class='ocrx_word' id='word_1_479' title='bbox 1664 2202 1766 2237; x_wconf 89' lang='lat' dir='ltr'>modis</span> <span class='ocrx_word' id='word_1_480' title='bbox 1787 2201 1935 2237; x_wconf 87' lang='lat' dir='ltr'>omnibus</span> 
     </span>
     <span class='ocr_line' id='line_1_90' title="bbox 1187 2257 1358 2304; baseline -0.006 -14"><span class='ocrx_word' id='word_1_481' title='bbox 1187 2257 1358 2304; x_wconf 84' lang='lat' dir='ltr'>profutura.</span> 
     </span>
    </p>

    <p class='ocr_par' dir='ltr' id='par_1_20' title="bbox 1168 2300 1938 2658">
     <span class='ocr_line' id='line_1_91' title="bbox 1236 2300 1937 2352; baseline -0.007 -13"><span class='ocrx_word' id='word_1_482' title='bbox 1236 2306 1274 2339; x_wconf 92' lang='lat' dir='ltr'>Et</span> <span class='ocrx_word' id='word_1_483' title='bbox 1297 2305 1369 2352; x_wconf 84' lang='lat' dir='ltr'>quia</span> <span class='ocrx_word' id='word_1_484' title='bbox 1391 2303 1461 2349; x_wconf 82' lang='lat' dir='ltr'>Ugo</span> <span class='ocrx_word' id='word_1_485' title='bbox 1482 2301 1650 2349; x_wconf 87' lang='lat' dir='ltr'>episcopus</span> <span class='ocrx_word' id='word_1_486' title='bbox 1677 2300 1758 2335; x_wconf 87' lang='lat' dir='ltr'>idem</span> <span class='ocrx_word' id='word_1_487' title='bbox 1781 2307 1937 2334; x_wconf 90' lang='lat' dir='ltr'>monaste-</span> 
     </span>
     <span class='ocr_line' id='line_1_92' title="bbox 1188 2349 1937 2391; baseline -0.011 -2"><span class='ocrx_word' id='word_1_488' title='bbox 1188 2355 1267 2391; x_wconf 89' lang='lat' dir='ltr'>rium</span> <span class='ocrx_word' id='word_1_489' title='bbox 1297 2367 1335 2388; x_wconf 81' lang='lat' dir='ltr'>ex</span> <span class='ocrx_word' id='word_1_490' title='bbox 1362 2354 1453 2387; x_wconf 89' lang='lat' dir='ltr'>bonis</span> <span class='ocrx_word' id='word_1_491' title='bbox 1480 2350 1681 2385; x_wconf 87' lang='lat' dir='ltr'>haereditatis</span> <span class='ocrx_word' id='word_1_492' title='bbox 1706 2361 1782 2384; x_wconf 88' lang='lat' dir='ltr'>suae</span> <span class='ocrx_word' id='word_1_493' title='bbox 1803 2349 1937 2382; x_wconf 87' lang='lat' dir='ltr'>ditatum</span> 
     </span>
     <span class='ocr_line' id='line_1_93' title="bbox 1188 2396 1935 2438; baseline -0.011 0"><span class='ocrx_word' id='word_1_494' title='bbox 1188 2404 1352 2438; x_wconf 83' lang='lat' dir='ltr'>Romanae</span> <span class='ocrx_word' id='word_1_495' title='bbox 1378 2400 1539 2436; x_wconf 83' lang='lat' dir='ltr'>Ecclesiae</span> <span class='ocrx_word' id='word_1_496' title='bbox 1565 2399 1624 2434; x_wconf 90' lang='lat' dir='ltr'>iuri</span> <span class='ocrx_word' id='word_1_497' title='bbox 1657 2397 1862 2438; x_wconf 85' lang='lat' dir='ltr'>contradidit,</span> <span class='ocrx_word' id='word_1_498' title='bbox 1896 2396 1935 2431; x_wconf 88' lang='lat' dir='ltr'>ad</span> 
     </span>
     <span class='ocr_line' id='line_1_94' title="bbox 1190 2446 1938 2487; baseline -0.011 0"><span class='ocrx_word' id='word_1_499' title='bbox 1190 2454 1323 2487; x_wconf 86' lang='lat' dir='ltr'>suturam</span> <span class='ocrx_word' id='word_1_500' title='bbox 1358 2449 1550 2486; x_wconf 82' lang='lat' dir='ltr'>defensionis</span> <span class='ocrx_word' id='word_1_501' title='bbox 1576 2460 1650 2483; x_wconf 92' lang='lat' dir='ltr'>suae</span> <span class='ocrx_word' id='word_1_502' title='bbox 1676 2446 1828 2482; x_wconf 87' lang='lat' dir='ltr'>cautelam</span> <span class='ocrx_word' id='word_1_503' title='bbox 1865 2457 1938 2480; x_wconf 88' lang='lat' dir='ltr'>con-</span> 
     </span>
     <span class='ocr_line' id='line_1_95' title="bbox 1190 2494 1937 2544; baseline -0.011 -8"><span class='ocrx_word' id='word_1_504' title='bbox 1190 2503 1333 2536; x_wconf 88' lang='lat' dir='ltr'>stitutum</span> <span class='ocrx_word' id='word_1_505' title='bbox 1367 2508 1436 2543; x_wconf 78' lang='lat' dir='ltr'>est⁷</span> <span class='ocrx_word' id='word_1_506' title='bbox 1472 2508 1505 2534; x_wconf 90' lang='lat' dir='ltr'>ut</span> <span class='ocrx_word' id='word_1_507' title='bbox 1542 2497 1676 2544; x_wconf 80' lang='lat' dir='ltr'>singulis</span> <span class='ocrx_word' id='word_1_508' title='bbox 1707 2496 1799 2530; x_wconf 89' lang='lat' dir='ltr'>annis</span> <span class='ocrx_word' id='word_1_509' title='bbox 1833 2494 1937 2541; x_wconf 88' lang='lat' dir='ltr'>pensis</span> 
     </span>
     <span class='ocr_line' id='line_1_96' title="bbox 1168 2545 1937 2597; baseline -0.012 -12"><span class='ocrx_word' id='word_1_510' title='bbox 1168 2559 1328 2597; x_wconf 76' lang='lat' dir='ltr'>&#39;quinque</span> <span class='ocrx_word' id='word_1_511' title='bbox 1354 2549 1540 2586; x_wconf 85' lang='lat' dir='ltr'>solidorum,</span> <span class='ocrx_word' id='word_1_512' title='bbox 1562 2554 1685 2581; x_wconf 85' lang='lat' dir='ltr'>moneta</span> <span class='ocrx_word' id='word_1_513' title='bbox 1714 2545 1798 2578; x_wconf 89' lang='lat' dir='ltr'>illius</span> <span class='ocrx_word' id='word_1_514' title='bbox 1825 2552 1937 2584; x_wconf 84' lang='lat' dir='ltr'>terrae,</span> 
     </span>
     <span class='ocr_line' id='line_1_97' title="bbox 1168 2581 1937 2658; baseline -0.013 -23"><span class='ocrx_word' id='word_1_515' title='bbox 1168 2581 1390 2658; x_wconf 60' lang='lat' dir='ltr'>llApostolieae</span> <span class='ocrx_word' id='word_1_516' title='bbox 1429 2596 1505 2632; x_wconf 89' lang='lat' dir='ltr'>Sedi</span> <span class='ocrx_word' id='word_1_517' title='bbox 1543 2595 1701 2631; x_wconf 85' lang='lat' dir='ltr'>reddatur.</span> <span class='ocrx_word' id='word_1_518' title='bbox 1741 2589 1937 2628; x_wconf 64' lang='lat' dir='ltr'>‘Nominatim</span> 
     </span>
    </p>
   </div>
   <div class='ocr_carea' id='block_1_19' title="bbox 1943 246 2125 274">
    <p class='ocr_par' dir='ltr' id='par_1_21' title="bbox 1943 246 2125 274">
     <span class='ocr_line' id='line_1_98' title="bbox 1943 246 2125 274; baseline 0 -2"><span class='ocrx_word' id='word_1_519' title='bbox 1943 246 1991 273; x_wconf 70' lang='lat' dir='ltr'>An.</span> <span class='ocrx_word' id='word_1_520' title='bbox 2012 246 2040 274; x_wconf 85' lang='lat' dir='ltr'>C.</span> <span class='ocrx_word' id='word_1_521' title='bbox 2060 246 2125 273; x_wconf 76' lang='lat'>1075</span> 
     </span>
    </p>
   </div>
   <div class='ocr_carea' id='block_1_20' title="bbox 1974 800 2092 821">
    <p class='ocr_par' dir='ltr' id='par_1_22' title="bbox 1974 800 2092 821">
     <span class='ocr_line' id='line_1_99' title="bbox 1974 800 2092 821; baseline -0.008 0"><span class='ocrx_word' id='word_1_522' title='bbox 1974 800 2092 821; x_wconf 65' lang='lat' dir='ltr'>Exorai-tm.</span> 
     </span>
    </p>
   </div>
   <div class='ocr_carea' id='block_1_21' title="bbox 1954 1330 2141 1487">
    <p class='ocr_par' dir='ltr' id='par_1_23' title="bbox 1954 1330 2141 1487">
     <span class='ocr_line' id='line_1_100' title="bbox 1982 1330 2140 1351; baseline 0.006 -1"><span class='ocrx_word' id='word_1_523' title='bbox 1982 1330 2093 1351; x_wconf 79' lang='lat' dir='ltr'>Decretum</span> <span class='ocrx_word' id='word_1_524' title='bbox 2119 1335 2140 1351; x_wconf 78' lang='lat' dir='ltr'>e-</span> 
     </span>
     <span class='ocr_line' id='line_1_101' title="bbox 1954 1357 2139 1383; baseline 0 -6"><span class='ocrx_word' id='word_1_525' title='bbox 1954 1358 2080 1383; x_wconf 75' lang='lat' dir='ltr'>xemptionis</span> <span class='ocrx_word' id='word_1_526' title='bbox 2113 1357 2139 1377; x_wconf 75' lang='lat' dir='ltr'>ab</span> 
     </span>
     <span class='ocr_line' id='line_1_102' title="bbox 1955 1383 2141 1404; baseline 0 -1"><span class='ocrx_word' id='word_1_527' title='bbox 1955 1384 2011 1404; x_wconf 74' lang='lat' dir='ltr'>cinni</span> <span class='ocrx_word' id='word_1_528' title='bbox 2028 1383 2141 1404; x_wconf 72' lang='lat' dir='ltr'>cuiuslibet</span> 
     </span>
     <span class='ocr_line' id='line_1_103' title="bbox 1956 1410 2140 1436; baseline -0.005 -6"><span class='ocrx_word' id='word_1_529' title='bbox 1956 1416 2059 1436; x_wconf 81' lang='lat' dir='ltr'>personae</span> <span class='ocrx_word' id='word_1_530' title='bbox 2076 1410 2140 1430; x_wconf 87' lang='lat' dir='ltr'>mote-</span> 
     </span>
     <span class='ocr_line' id='line_1_104' title="bbox 1956 1436 2141 1459; baseline 0 -3"><span class='ocrx_word' id='word_1_531' title='bbox 1956 1437 2003 1457; x_wconf 78' lang='lat' dir='ltr'>stia.</span> <span class='ocrx_word' id='word_1_532' title='bbox 2015 1437 2040 1459; x_wconf 84' lang='lat' dir='ltr'>vi.</span> <span class='ocrx_word' id='word_1_533' title='bbox 2055 1436 2141 1457; x_wconf 77' lang='lat' dir='ltr'>infesta-</span> 
     </span>
     <span class='ocr_line' id='line_1_105' title="bbox 1957 1464 2075 1487; baseline -0.008 -3"><span class='ocrx_word' id='word_1_534' title='bbox 1957 1464 2021 1487; x_wconf 72' lang='lat' dir='ltr'>nune,</span> <span class='ocrx_word' id='word_1_535' title='bbox 2035 1466 2075 1484; x_wconf 77' lang='lat' dir='ltr'>etc.</span> 
     </span>
    </p>
   </div>
   <div class='ocr_carea' id='block_1_22' title="bbox 1965 2318 2151 2478">
    <p class='ocr_par' dir='ltr' id='par_1_24' title="bbox 1965 2318 2151 2478">
     <span class='ocr_line' id='line_1_106' title="bbox 1997 2318 2150 2339; baseline -0.007 0"><span class='ocrx_word' id='word_1_536' title='bbox 1997 2318 2081 2339; x_wconf 81' lang='lat' dir='ltr'>Annuus</span> <span class='ocrx_word' id='word_1_537' title='bbox 2103 2323 2150 2338; x_wconf 81' lang='lat' dir='ltr'>cen-</span> 
     </span>
     <span class='ocr_line' id='line_1_107' title="bbox 1965 2345 2151 2371; baseline -0.011 -5"><span class='ocrx_word' id='word_1_538' title='bbox 1965 2351 2000 2366; x_wconf 76' lang='lat' dir='ltr'>sus</span> <span class='ocrx_word' id='word_1_539' title='bbox 2015 2345 2108 2371; x_wconf 79' lang='lat' dir='ltr'>quinque</span> <span class='ocrx_word' id='word_1_540' title='bbox 2119 2349 2151 2364; x_wconf 71' lang='lat' dir='ltr'>so-</span> 
     </span>
     <span class='ocr_line' id='line_1_108' title="bbox 1973 2371 2145 2393; baseline -0.017 0"><span class='ocrx_word' id='word_1_541' title='bbox 1973 2372 2062 2393; x_wconf 86' lang='lat' dir='ltr'>lidorum</span> <span class='ocrx_word' id='word_1_542' title='bbox 2089 2371 2145 2391; x_wconf 73' lang='lat' dir='ltr'>iltiu-</span> 
     </span>
     <span class='ocr_line' id='line_1_109' title="bbox 1972 2398 2144 2422; baseline -0.012 -3"><span class='ocrx_word' id='word_1_543' title='bbox 1972 2400 2070 2419; x_wconf 76' lang='lat' dir='ltr'>monetae</span> <span class='ocrx_word' id='word_1_544' title='bbox 2090 2398 2144 2422; x_wconf 77' lang='lat' dir='ltr'>Apo-</span> 
     </span>
     <span class='ocr_line' id='line_1_110' title="bbox 1973 2423 2144 2445; baseline -0.012 0"><span class='ocrx_word' id='word_1_545' title='bbox 1973 2425 2061 2445; x_wconf 80' lang='lat' dir='ltr'>stolicae</span> <span class='ocrx_word' id='word_1_546' title='bbox 2092 2423 2144 2444; x_wconf 78' lang='lat' dir='ltr'>sedi</span> 
     </span>
     <span class='ocr_line' id='line_1_111' title="bbox 1974 2450 2132 2478; baseline -0.013 -6"><span class='ocrx_word' id='word_1_547' title='bbox 1974 2450 2132 2478; x_wconf 66' lang='lat' dir='ltr'>persolvendus.</span> 
     </span>
    </p>
   </div>
   <div class='ocr_carea' id='block_1_23' title="bbox 2163 0 2180 530">
    <p class='ocr_par' dir='ltr' id='par_1_25' title="bbox 2163 0 2180 530">
     <span class='ocr_line' id='line_1_112' title="bbox 2163 0 2180 530; baseline 0 2675"><span class='ocrx_word' id='word_1_548' title='bbox 2163 0 2180 530; x_wconf 95' lang='lat' dir='ltr'> </span> 
     </span>
    </p>
   </div>
  </div>
 </body>
</html>
