2180 3205
37 227 85 256 An.
104 229 134 255 C.
157 228 224 255 ¹¹80

51 285 142 312 Quorum
165 290 220 305 non-

37 315 95 338 null-
109 315 144 336 hie
165 321 220 336 enu-

31 349 111 368 flerat.

236 302 348 334 neant;
379 292 408 326 in
435 289 550 337 qnibns
576 287 653 322 haec
676 289 809 334 propriis
836 290 985 325 duximus

233 341 437 391 exprimenda
473 337 644 373 vocabulis:
689 338 832 373 videlicet
864 348 983 375 eni-tem

232 393 323 427 sitam
354 392 384 425 in
408 390 489 432 loco,
511 387 565 433 qni
588 385 727 420 Petriolo
746 396 884 428 vocatur,
911 402 983 423 cnm

233 441 364 476 ecclesia
394 437 500 474 Sancti
522 436 663 470 'rhomae
685 442 715 469 et
741 437 891 471 omnibus
914 449 984 483 pcr-

233 490 377 526 tinentiis
415 487 494 526 suis,
527 492 646 520 curtem
675 484 807 530 positam
837 487 866 519 in
904 487 982 527 loco,

233 540 287 586 qui
316 539 432 574 dicitnr
464 536 563 573 Cena,
589 545 662 568 cnm
690 534 821 568 ecclesia
850 534 983 570 Sanctae

232 588 349 624 Mariae
371 595 402 621 et
423 584 570 620 omnibus
592 582 790 629 pertinentiis
811 584 889 626 suis,
915 597 984 618 cur-

233 646 295 672 tem
324 636 457 684 positam
478 635 507 668 in
536 632 617 672 loco,
643 631 697 677 qni
720 631 835 667 dicitnr
857 633 981 677 Runco,

231 699 304 721 cum
332 685 464 720 ecelesia
486 682 619 716 Sanctae
647 680 762 716 Mariae
785 690 813 716 ct
835 682 982 717 omnibns

233 735 433 783 pertinentiis
458 733 535 771 suis,
570 738 690 765 curtem
709 731 808 773 ‚sitam
837 731 866 764 in
900 731 980 775 loco,

231 785 286 832 qui
308 784 424 819 dicitur
455 781 585 826 clugia,
618 791 691 814 cum
715 780 864 815 omnibus
887 781 982 826 perti-

231 833 347 869 nentiis
368 832 450 867 suis:
479 841 620 872 mansos,
652 828 704 875 qui
735 829 825 876 positi
855 837 928 864 sunt
950 830 979 864 in

230 882 312 926 loco,
342 882 394 930 qni
428 880 546 915 dicitur
569 878 775 918 Rnncaletro,
811 891 884 913 cum
912 892 981 913 om-

230 931 324 966 nibus
343 929 541 979 pertinentiis
566 927 652 971 suis,
681 940 819 968 mansos,
847 929 899 974 qui
924 941 980 974 po-

230 981 280 1016 siti
302 988 375 1015 sunt
398 980 427 1013 in
455 978 604 1013 comitatu
625 977 800 1021 Tarvisino,
829 986 858 1011 et
885 978 980 1023 pcrti-

231 1030 348 1065 nentiis
368 1028 513 1071 Tarvisii,
534 1034 565 1061 et
587 1027 814 1073 possessioni-s.
836 1039 912 1073 quas
930 1027 981 1061 ha-

231 1078 313 1114 betis
347 1079 378 1113 in
414 1078 594 1124 episcopatu
628 1075 909 1116 Civitatis-Norae,
950 1084 980 1110 et

229 1127 381 1163 omnibus
403 1126 603 1174 pertinentiis
637 1125 715 1168 suis,
753 1133 783 1158 et
824 1124 977 1171 quidquid

229 1176 352 1212 habetis
373 1177 406 1211 in
432 1176 531 1211 Saceo
553 1183 583 1209 et
606 1175 705 1222 Lupa,
728 1183 759 1209 et
781 1175 810 1208 in
831 1174 979 1209 paduano

229 1225 386 1270 districtu,
408 1233 438 1260 et
464 1225 495 1259 in
518 1224 671 1263 Levenza,
693 1231 723 1258 ct
746 1224 776 1257 in
801 1223 980 1258 Laurentia-

19 1268 80 1291 '¹''
116 1270 216 1322 {¹⁸⁰¹ssss
229 1287 283 1316 ca,
323 1283 416 1323 atque
450 1286 557 1309 earum
585 1272 792 1321 appendiciis.
833 1273 979 1307 Decimas

32 1307 159 1353 aarum
228 1336 358 1371 quoque
384 1323 528 1359 omnium
552 1323 738 1358 colonorum
761 1330 790 1356 et
812 1329 977 1361 terrarum,

227 1385 307 1420 quas
330 1374 360 1407 in
389 1372 557 1420 praedietis
583 1372 660 1407 locis
694 1379 725 1406 et
757 1371 900 1406 curtibus
928 1383 979 1405 ra-

228 1421 419 1457 tionabiliter
445 1430 476 1456 et
502 1421 680 1456 secundum
707 1421 868 1467 antiquam
906 1433 978 1465 pos-

227 1471 401 1506 sessionem
435 1470 617 1518 possidefis,
651 1470 742 1505 vobis
770 1470 978 1504 nihilominus

0 1509 18 1519 χ’
44 1514 135 1568 59”ζ“
163 1522 216 1568 Ρζζζ
227 1520 463 1555 confirmamus.
485 1520 696 1555 prohibemus
710 1527 825 1558 autem,
845 1527 877 1553 nt
894 1519 976 1553 nnlla

32 1549 143 1599 εἶξε-’ἓξ
155 1553 215 1600 piu-
227 1569 378 1617 deinceps
401 1581 490 1604 soror
511 1570 542 1604 in
564 1569 676 1604 eodem
704 1569 894 1603 monasterio
915 1568 978 1602 ad-

32 1608 84 1630 ”m
106 1609 381 1663 ''¹⁰''ibe''-mittatur‚
414 1631 495 1667 quae
530 1619 751 1666 proprietatem
776 1617 878 1652 modis
899 1618 977 1663 qui—

227 1667 363 1703 buslibet
379 1668 453 1703 hinc
471 1676 659 1714 praesumat.
683 1667 886 1714 Sepulturani
904 1679 977 1712 qno-

44 1708 142 1732 ¹³³⁰⁸¹¹⁴³¹¹¹
173 1711 214 1733 ¹⁰⁰⁵
228 1729 290 1764 que
311 1717 412 1764 ipsius
437 1716 498 1752 loci
521 1717 648 1751 liberam
671 1728 741 1750 esse
763 1716 975 1760 decernimus,

12 1752 19 1762 η
32 1741 161 1768 ”pullutum
187 1742 216 1763 li—
527 1767 532 1772 ,
582 1766 588 1771 ⁴

12 1768 103 1793 'heum
117 1773 216 1794 esseae-
228 1773 265 1800 ut
293 1777 403 1801 eorum
431 1765 588 1800 devotioni
619 1774 649 1800 et
675 1774 832 1800 extremae
860 1766 978 1799 volun—

12 1801 109 1832 ”mn'
228 1815 303 1856 tati,
330 1816 384 1862 qui
417 1827 451 1850 se
472 1814 534 1849 illic
569 1815 694 1862 sepeliri
722 1814 975 1854 deliberaverint,

227 1864 288 1899 nisi
324 1863 404 1899 forte
437 1864 699 1899 excommunicati
738 1863 784 1898 vel
819 1863 975 1898 interdicti

226 1913 301 1954 sint,
323 1913 430 1948 nullus
451 1913 597 1947 obsistat:
626 1913 709 1947 salva
731 1920 834 1947 tamen
859 1913 974 1947 iustitia

226 1962 350 1997 illarum
372 1962 594 2002 Eeclesiarum,
617 1974 632 1996 a
651 1962 766 2007 quibus
781 1971 974 1997 mortuorum

51 2003 192 2027 immunitatis

32 2036 140 2058 ,mmm
175 2044 213 2064 m
226 2023 358 2058 corpora
394 2021 609 2047 assumuntur.
648 2011 856 2046 Decernimns
890 2024 974 2058 crgo,

32 2068 214 2094 rersonisrebus-
229 2068 263 2096 ut
289 2060 368 2096 nulli
394 2061 524 2096 omnino
558 2060 721 2095 hominum
754 2061 844 2095 liceat
879 2074 975 2107 prae—

15 2104 86 2133 ·¹¹'¹⁰²
226 2109 325 2145 satum
361 2110 582 2145 monasterium
624 2118 741 2144 temere
776 2110 974 2156 perturbare,

226 2166 281 2194 aut
301 2159 370 2194 eius
396 2159 614 2206 possessiones
635 2159 767 2198 auferre,
790 2159 834 2194 vel
857 2159 975 2195 ablatas

226 2207 373 2249 retinere,
399 2209 553 2249 minuere,
580 2220 636 2243 seu
663 2208 854 2255 quibuslibet
882 2222 975 2244 rexa-

227 2257 366 2292 tionibus
399 2257 545 2304 fatigare3
582 2257 636 2292 sed
671 2257 787 2292 illibata
813 2260 919 2293 omnia
945 2267 974 2294 et

227 2306 347 2353 integra
367 2314 603 2347 conserventur,
622 2319 741 2348 earum,
764 2319 820 2354 pro
841 2320 973 2354 quarum

226 2355 454 2402 gubernatione
490 2364 521 2390 et
550 2356 799 2391 substentatione
826 2369 974 2392 concessa

227 2412 313 2448 sunt,
339 2405 450 2440 usibus
471 2405 663 2440 omnimodis
689 2406 864 2452 profutura:
892 2407 973 2441 salva

8 2479 19 2496 ·.
226 2452 320 2488 Sedis
345 2454 544 2501 Apostolicae
569 2455 765 2499 auctoritate,
791 2462 822 2489 et
847 2455 974 2490 dioece-

9 2507 19 2533 Γ
42 2501 102 2540 029⁴
127 2502 332 2554 {⁰¹³⁰ss²cesani
353 2503 493 2550 episcopi
515 2505 664 2538 canonica
693 2505 820 2538 institia.
852 2504 886 2538 Si
914 2518 972 2550 qna

13 2534 324 2597 Vni-uscausunsignur
347 2552 555 2587 ecclesiastica
583 2553 789 2588 saecularisve
824 2566 972 2599 persona,

11 2570 18 2598 j
31 2565 162 2592 poenalibus.

226 2599 308 2636 hanc
335 2609 458 2636 nostrae
479 2602 711 2637 constitutionis
736 2603 880 2649 paginam
908 2604 973 2637 sei-

844 236 1039 260 ALExftxntzn
1063 240 1098 261 111
1124 239 1170 262 Pt‘.

1661 234 1725 267 82¹

1027 304 1095 333 cns,
1118 302 1225 328 contra
1249 306 1316 329 eam
1341 303 1458 331 temere
1483 298 1587 333 venire
1603 301 1780 346 tentarer-it,

1026 343 1165 377 secundo
1201 345 1328 379 tertiove
1355 348 1558 385 commonita,
1593 349 1650 382 nisi
1688 362 1780 396 prae-

1027 393 1238 438 sumptionem
1262 406 1348 428 snam
1372 394 1466 440 digna
1489 397 1700 433 satisfactione
1713 412 1780 434 cor-

1027 442 1150 485 rexerit,
1185 444 1346 488 potcstatis
1372 444 1565 491 honorisque
1598 447 1645 481 sui
1674 448 1779 491 digni-

1027 496 1086 523 tate
1119 499 1241 529 careat,
1279 504 1426 539 reamque
1460 506 1493 528 se
1520 495 1627 529 divino
1660 497 1778 533 iudicio

1025 539 1156 573 existere
1179 539 1217 573 de
1246 550 1421 587 perpetrata
1455 544 1617 590 iniquitate
1651 557 1777 591 cogno-

1025 594 1101 630 scat,
1134 597 1163 621 et
1191 602 1205 621 a
1229 591 1440 625 sacratissimo
1467 592 1607 639 Corpore
1634 602 1664 629 et
1695 596 1775 630 San-

1024 636 1118 680 guine
1141 636 1197 671 Dei
1220 646 1249 672 et
1273 639 1396 674 Domini
1427 641 1648 689 Redemptoris
1677 647 1773 680 nostri

1026 684 1095 718 lesu
1118 685 1234 721 Christi
1257 688 1357 723 aliena
1373 690 1434 728 [iai.
1462 699 1555 737 atquc
1580 693 1609 726 in
1633 702 1773 729 extremo

1023 735 1166 769 examine
1189 735 1347 772 districtae
1371 739 1479 773 ultioni
1494 741 1664 776 subiaceat.
1688 743 1774 778 Cun-

1023 784 1082 817 ctis
1104 792 1205 819 autem
1242 787 1343 821 cidem
1377 789 1444 822 loco
1466 802 1521 824 sua
1550 791 1614 825 iura
1626 805 1772 833 ,servan-

1024 832 1106 867 tibus
1128 834 1167 868 sit
1189 847 1247 881 pax
1276 835 1400 871 Domini
1425 840 1521 873 nostri
1550 840 1618 874 lcsn
1641 842 1770 883 Christi,

1022 890 1178 928 quatenus
1210 892 1240 918 et
1266 883 1317 919 hic
1345 886 1478 921 fructum
1507 888 1606 924 honae
1639 891 1772 927 actionis

1024 931 1218 978 percipiant,
1245 942 1274 967 et
1300 935 1383 981 apud
1423 936 1600 972 districtum
1632 939 1769 976 Iudicem

1023 981 1158 1026 praemia
1181 990 1323 1016 aeternae
1348 986 1432 1031 pacis
1459 986 1627 1022 inveniant.
1656 989 1768 1024 Amen.

1072 1030 1143 1064 Eoo
1169 1031 1369 1067 Annxaxnnn
1404 1035 1575 1071 catholicae
1608 1037 1769 1074 Ecclesiae

1022 1079 1199 1126 episcopus.

1266 1132 1360 1164 Locus
1387 1133 1411 1178 *1-
1437 1135 1528 1178 siqui.

1071 1177 1136 1222 Ego
1159 1177 1300 1214 Ubaldus
1333 1180 1490 1217 Ostiensis
1517 1191 1546 1218 et
1584 1183 1771 1221 Velitrensis

1020 1226 1199 1273 episcopus.

1070 1275 1135 1321 Ego
1159 1276 1276 1311 Paulus
1299 1278 1521 1316 Praenestinus
1543 1283 1723 1330 episcopus.

1068 1324 1135 1370 Ego
1159 1325 1269 1361 Petrus
1293 1329 1396 1374 presb.
1421 1330 1505 1364 card.
1535 1331 1615 1366 tituli
1637 1332 1770 1371 Sanctae

1019 1373 1193 1409 Snsannae.

1069 1423 1136 1470 Ego
1164 1423 1314 1459 Vivianus
1347 1427 1390 1461 tit.
1419 1426 1525 1463 Sancti
1562 1429 1715 1478 Stephani
1737 1432 1768 1467 in

1020 1482 1126 1506 monte
1148 1473 1256 1508 Coelio
1280 1475 1382 1520 presb.
1405 1477 1490 1511 card.

1068 1521 1136 1567 Ego
1165 1522 1289 1557 Cintins
1318 1526 1477 1573 presbyter
1499 1527 1667 1564 cardinalis
1689 1530 1769 1565 tituli

1020 1569 1153 1606 Sanctae
1181 1571 1347 1607 Caeciliae.

1068 1619 1134 1666 Ego
1159 1620 1225 1667 Ugo
1254 1623 1417 1670 presbyter
1441 1624 1609 1662 cardinalis
1632 1628 1710 1662 tituli
1734 1628 1767 1663 S.

1019 1668 1204 1704 Clementis.

1067 1718 1134 1763 Ego
1157 1720 1320 1755 Arduinns
1343 1721 1505 1769 presbyter
1531 1725 1699 1761 cardinalis
1722 1727 1766 1761 tit.

1017 1767 1051 1802 S.
1077 1767 1189 1802 Crucis
1212 1770 1242 1804 in
1266 1769 1474 1805 Hierusalem.

1066 1816 1133 1862 Ego
1155 1817 1330 1854 Matthaeus
1357 1820 1517 1868 presbyter
1538 1823 1703 1859 cardinalis
1722 1825 1767 1858 tit.

1017 1865 1050 1901 S.
1074 1867 1222 1901 Marcelli.

1065 1917 1132 1963 Ego
1154 1917 1315 1951 Laborans
1341 1917 1500 1965 presbyter
1524 1922 1609 1956 card.
1636 1922 1768 1957 Sanctae

1017 1965 1130 2000 Mariae
1152 1966 1384 2014 Transtyberim
1412 1970 1457 2004 tit.
1484 1970 1609 2005 Calixti.

1067 2014 1131 2061 Ego
1153 2015 1289 2050 iacintus
1310 2017 1464 2054 diaconus
1490 2020 1659 2056 cardinalis
1685 2021 1767 2055 §an-

1017 2072 1082 2098 ctae
1108 2065 1224 2099 Mariae
1250 2066 1280 2099 in
1308 2064 1415 2101 Cosm.

1064 2113 1132 2159 Ego
1154 2114 1280 2149 Ardicio
1301 2114 1453 2151 diaconus
1473 2117 1639 2153 cardinalis
1656 2118 1764 2154 Sancti

1016 2161 1185 2197 Theodori.

1065 2211 1131 2257 Ego
1158 2211 1332 2260 Raynerins
1362 2213 1514 2250 diaeonus
1543 2217 1626 2251 card.
1655 2217 1762 2253 Sancti

1016 2259 1143 2306 Georgii
1167 2261 1206 2295 ad
1234 2261 1346 2296 Velum
1370 2263 1521 2299 Aureum.

1066 2310 1130 2355 Ego
1157 2310 1326 2345 Gratianus
1349 2311 1537 2348 Sanctorum
1565 2313 1701 2350 Cosmae
1732 2324 1763 2351 et

1016 2359 1158 2393 Damiani
1185 2360 1261 2394 diae.
1285 2361 1370 2394 card.

1065 2408 1132 2453 Ego
1159 2408 1290 2443 Ioannes
1311 2409 1388 2444 diac.
1411 2411 1495 2446 card.
1518 2412 1551 2447 S.
1574 2412 1698 2459 Angeli.

1064 2457 1131 2503 Ego
1158 2457 1330 2505 Raynerius
1365 2458 1471 2495 Sancti
1510 2463 1638 2496 Adriani
1679 2463 1758 2499 diae.

1015 2506 1191 2540 cardinalis.

1062 2555 1128 2600 Ego
1150 2555 1324 2591 Matthaeus
1351 2556 1483 2594 Sanctae
1514 2559 1629 2596 Mariae
1656 2561 1760 2598 Novae

1014 2603 1164 2639 diaconus
1185 2606 1362 2641 cardinalis.

1796 246 1845 272 An.
1863 245 1893 273 C.
1914 247 1980 274 ¹180
