2180 3205
1665 319 1736 354 209

1037 379 1172 424 pretium
1201 379 1356 426 exigatur:
1386 394 1442 429 pro
1469 382 1688 432 redemptione
1713 399 1787 422 vero

1037 440 1263 478 peccatorum,
1293 435 1485 478 morientes,
1513 438 1545 473 in
1573 438 1727 482 Ecclesia,
1755 442 1786 476 in

38 315 88 344 An.
108 315 220 344 c.1100
870 322 1047 345 exsensus
1071 324 1092 345 tt
1119 324 1166 345 ee.
1810 328 1859 354 Αῃ,
1879 327 1908 355 ρ,
1926 329 1994 356 ttoo

37 376 220 426 fljfflsspggffiig
247 371 381 418 negotiis
399 371 466 407 eius
481 372 598 408 monita
613 381 641 408 et
664 373 877 410 institutiones
899 376 995 411 devo-

37 430 59 453 ιιι
81 430 121 452 nuo
133 430 219 460 ‚debent
246 429 329 454 tione
344 421 537 462 fidelissima,
557 431 586 457 et
602 423 661 458 fide
678 424 875 459 devotissima
891 437 996 460 aemu-

33 968 167 1017 „3²st
177 970 213 1018 ul?

34 1021 134 1044 brinta.

30 1312 213 1362 humilii-²⁶¹¹&

31 1365 116 1388 declae.

51 2075 148 2105 natoque
170 2079 208 2100 de-

27 2104 154 2152 fflffi‘te
163 2105 208 2127 ‘³¹⁰⁵

51 2519 151 2544 nonnulla
160 2528 207 2544 con-

27 2546 127 2570 adnutu·-
139 2550 207 2576 privi-

26 2571 87 2600 lotia.

37 457 145 480 ..nni-n.
244 469 356 510 lemur,
383 472 474 505 cuius
497 472 575 506 fides
602 473 781 519 praecipua,
808 482 837 508 et
867 473 993 509 dilectio

242 528 379 565 spectata
415 520 551 555 Domino
574 522 690 561 extitit,
717 522 833 556 adeout
868 523 896 556 in
925 523 993 557 eius

241 569 443 613 singulariter
488 570 558 604 lidci
606 570 773 605 stabilitate
813 571 991 616 immobili,

242 618 379 663 pretioso
406 617 567 665 Sanguine
594 619 800 666 redemptam,
824 633 911 654 suain
934 620 990 655 Dei

241 666 326 701 [ilius
343 675 480 702 statuere
493 676 521 702 et
537 667 722 703 confirmare
738 668 866 703 voluerit
884 669 991 705 Eccle-

239 716 330 760 siam,
351 716 473 751 dicens:
492 716 540 750 Tu
557 729 590 752 es
611 716 725 752 Petrus
746 726 775 752 et
798 718 989 765 superbam

239 763 364 799 Petram
392 765 563 800 aedificabo
596 765 768 800 Ecclesiam
803 779 901 801 meam
937 771 987 812 (a).

237 813 402 848 Cuietiam
425 823 541 849 tantam
565 816 727 862 potestatis
742 817 986 863 praerogativam

236 863 416 908 concessit,
450 871 485 898 ut
522 864 590 898 eius
625 864 753 899 arbitrio
780 866 810 899 iu
838 867 924 900 caelo
959 875 987 901 et

236 910 268 946 iu
295 919 389 956 terra,
416 913 462 947 vel
492 913 615 959 liganda
639 914 828 959 ligarentur,
857 915 901 949 rel
929 916 989 949 sol-

235 961 335 995 venda
362 961 570 996 solverentur.
593 962 694 1004 Quam
724 964 886 1010 potestatis
913 976 987 999 suae

235 1011 469 1045 successionem
499 1012 563 1058 ipse
590 1011 627 1045 B.
656 1011 836 1057 Clementi,
868 1022 897 1047 et
934 1027 987 1059 per

235 1070 306 1094 eum
334 1060 482 1094 omnibus
517 1062 695 1100 concessit,
729 1062 781 1108 qui
815 1063 882 1095 eius
910 1062 984 1097 Sodi

234 1108 315 1144 iuste
342 1110 532 1156 praesidere,
555 1119 584 1144 et
609 1110 784 1144 Ecclesiam
813 1111 870 1145 Dei
896 1124 987 1146 cauo-

234 1158 303 1192 nica
351 1159 527 1193 studuerint
566 1159 762 1194 ordinatione
805 1160 983 1206 disponere.

178 1232 183 1244 ,
233 1205 333 1242 Cuius
366 1220 423 1242 nos
446 1208 516 1242 [idei
551 1209 732 1243 auctoritate
759 1210 890 1250 muniti,
919 1209 984 1253 tibi,

233 1254 348 1291 dilecte
374 1256 468 1291 frater
488 1257 682 1302 Not-igaude,
695 1257 907 1305 omnibusque
930 1259 982 1293 tibi

233 1306 383 1340 canonice
404 1306 654 1350 successoribus,
681 1307 906 1341 confirmamus
920 1320 985 1341 om-

233 1355 295 1394 nia,
317 1366 398 1401 quae
412 1355 450 1389 ad
470 1355 648 1389 Eduensem
668 1355 856 1399 Ecclesiam,
873 1357 902 1390 in
922 1369 982 1403 qua

235 1411 265 1437 te
292 1405 447 1438 canonice
472 1404 632 1438 credimus
657 1404 854 1448 ordinatum,
884 1406 984 1451 perti-

231 1464 308 1487 nere
333 1452 489 1493 videntur‚
506 1462 565 1487 tani
586 1453 616 1487 in
636 1453 789 1497 ecclesiis,
817 1455 982 1499 parochiis,

230 1502 440 1546 coemeteriis,
477 1500 697 1549 presbyteriis,⁸
720 1503 903 1549 cunctisque
930 1515 983 1537 ec-

231 1550 416 1586 clesiasticis
427 1551 603 1589 ordinibus.
619 1563 712 1598 quam
738 1552 830 1586 etiam
848 1552 983 1598 praediis

229 1598 363 1646 aliisque
386 1600 534 1634 omnibus
559 1601 824 1646 possessionibuS,
852 1601 982 1634 mobili·

228 1647 301 1688 bus,
323 1661 404 1696 quac
425 1650 575 1696 acquisita
598 1657 681 1689 sunt,
701 1649 746 1683 rel
766 1650 843 1683 iuste
861 1651 980 1696 acquiri

228 1705 391 1743 poterunt,
407 1706 440 1732 ut
463 1698 540 1732 haec
563 1699 667 1732 omnia
691 1698 746 1732 tibi
769 1699 892 1744 tuisque
908 1711 982 1733 suc-

229 1747 412 1781 cessoribus
427 1747 466 1781 ita
483 1747 580 1782 libere
599 1747 760 1793 possidere
782 1747 885 1787 liceat,
900 1748 981 1783 sicut

227 1803 411 1830 antecessor
447 1804 520 1830 tuus
547 1797 576 1835 in
615 1808 677 1830 uno
704 1796 754 1830 die
782 1804 853 1831 aute
886 1809 979 1831 suum

227 1843 350 1878 obitum
377 1845 482 1891 quiete
509 1854 539 1879 et
563 1846 643 1879 iuste
671 1845 849 1891 possedisse
872 1846 982 1892 proba-

228 1900 288 1927 tur.
325 1893 404 1928 lttud
447 1902 552 1928 autem
586 1895 757 1941 apostolica
795 1895 980 1930 auctoritate

227 1942 407 1986 statuimus,
435 1951 467 1977 ut
493 1943 568 1977 nulli
592 1943 774 1990 presbytero
797 1943 843 1976 rel
867 1944 979 1978 viventi

227 1990 277 2024 vel
305 1992 475 2031 morienti,
502 2005 559 2026 seu
585 1993 624 2026 ad
661 1993 753 2026 aliam
782 1992 979 2038 religionem,

227 2039 276 2074 vel
302 2040 339 2074 ad
367 2041 504 2087 quietam
541 2041 632 2074 vitam
661 2042 861 2084 transeunti,
889 2042 981 2076 liceat

228 2099 290 2127 τες,
319 2101 398 2136 quas
423 2102 439 2124 a
462 2090 512 2124 die
538 2090 745 2124 ordinationis
764 2102 838 2124 suae
862 2091 891 2124 in
916 2090 980 2125 Ec-

227 2137 333 2177 clesia⁷
361 2138 390 2171 in
426 2150 486 2184 qua
514 2147 559 2172 est
587 2139 767 2178 ordinatus,
794 2140 980 2184 conquirere

228 2186 355 2233 poterit,
376 2187 498 2220 auferre
521 2187 568 2220 vel
591 2188 749 2227 minuere,
784 2188 836 2221 sed
867 2188 979 2222 intacta

228 2246 263 2269 ea
290 2243 321 2270 et
346 2235 464 2269 illibata
492 2236 522 2269 in
548 2236 626 2281 ipsa,
658 2237 687 2269 in
715 2248 775 2282 qua
803 2237 978 2282 conquisita

227 2293 317 2323 sunt,
346 2285 503 2330 permittat
529 2284 671 2318 Ecclesia
706 2296 878 2318 remanere.
906 2284 979 2319 Illos

227 2333 333 2371 etiarn,
360 2333 414 2378 qui
449 2345 466 2367 a
502 2333 592 2367 vobis
618 2334 904 2376 excommunicati,
932 2335 976 2367 rel

227 2380 268 2415 ab
293 2381 404 2416 officiis
429 2381 544 2415 divinis
568 2393 623 2427 pro
644 2383 710 2416 suis
732 2381 847 2415 fuerint
869 2394 978 2416 exces-

227 2430 318 2464 sibus
333 2431 456 2474 remoti,
471 2443 509 2464 ne
530 2430 644 2476 aliquis
666 2431 696 2464 iu
720 2431 976 2465 communionem

227 2479 380 2526 recipere,
402 2479 448 2513 vel
472 2480 502 2513 in
530 2480 669 2513 ollicium
694 2487 871 2525 praesumat
889 2481 980 2513 resti-

227 2534 328 2572 tuere,
349 2529 457 2563 eadem
480 2529 664 2562 auctoritate
680 2528 896 2574 probibemus.
911 2528 978 2562 Sta-

228 2577 349 2611 tuimus
374 2590 512 2623 quoquc,
529 2585 560 2610 ut
581 2589 635 2622 pro
651 2576 830 2623 sepulturae
848 2577 976 2623 quidem

228 2624 298 2660 loco
328 2626 373 2659 vel
401 2626 501 2672 spatio
520 2626 641 2659 nullum
664 2626 789 2672 penitus
811 2625 849 2659 ab
873 2626 978 2672 aliquo

264 2685 304 2722 (α)
323 2686 415 2712 Matth.
438 2693 496 2712 xvi.
517 2686 558 2712 18.

307 2728 382 2762 Bull.
399 2728 476 2759 Rom.
504 2729 557 2759 vol.
575 2729 613 2759 11.

783 2729 819 2760 Ξῖ

1034 498 1094 531 qua
1118 486 1187 520 fidei
1215 498 1410 524 sacramenta
1436 493 1625 539 acceperint,
1647 495 1786 530 eleemo-

1034 551 1142 585 synam
1166 540 1240 575 dare
1263 543 1438 579 secundum
1465 547 1632 592 apostolica
1660 548 1783 585 decreta

1033 594 1203 628 statuimus
1243 595 1373 630 omnino
1410 605 1441 632 et
1481 599 1716 637 confirmamus.
1747 603 1782 638 Si

1032 647 1103 691 quis
1118 656 1221 682 autem
1245 648 1282 683 ad
1301 649 1405 691 aliam,
1421 650 1529 686 vivens
1550 654 1616 689 sive
1633 657 1783 698 moriens,

1031 713 1064 735 se
1096 702 1238 736 conferre
1266 703 1422 744 voluerit,
1449 705 1488 740 de
1514 718 1568 747 eo,
1603 710 1687 755 quod
1724 724 1780 758 pro

1031 756 1131 790 salute
1153 757 1274 790 animae
1297 770 1373 792 suae
1399 758 1473 793 dare
1499 759 1701 807 disposuerit,
1723 777 1782 799 se-

1029 810 1166 844 cundum
1190 811 1359 857 apostolica
1383 812 1519 855 decreta,
1536 817 1655 851 matrici
1678 818 1782 855 Eccle-

1029 865 1092 899 siae
1116 873 1234 911 partem
1260 865 1423 914 relinquat.
1446 866 1479 902 Si
1503 881 1561 915 qua
1583 882 1658 906 sane
1680 873 1782 908 eccle-

1029 918 1152 952 siastica
1179 919 1387 954 saecularisve
1410 933 1542 967 persona
1567 933 1673 960 contra
1699 926 1780 962 lianc

1030 981 1153 1006 nostrae
1181 973 1414 1008 constitutionis
1444 976 1587 1022 paginam
1617 991 1781 1025 praesum—

1029 1034 1139 1072 ptuose
1175 1027 1278 1061 venire
1306 1028 1481 1068 tentaverit,
1517 1030 1712 1078 huiusmodi,
1748 1043 1779 1070 ut

1027 1079 1180 1124 sacrilegii
1204 1093 1306 1124 reum,
1333 1093 1348 1115 a
1375 1081 1539 1117 liminibus
1567 1095 1692 1122 sanctae
1720 1088 1779 1124 Dei

1026 1133 1188 1168 Ecclesiae
1210 1134 1381 1168 arcendum
1405 1136 1621 1173 iudicavimus.
1645 1140 1778 1176 Cunctis

1026 1195 1129 1220 autem
1158 1187 1259 1221 eidem
1288 1188 1448 1224 Ecclesiae
1478 1190 1556 1226 iusta
1578 1195 1778 1230 servantibus

1026 1239 1065 1272 sit
1089 1252 1146 1285 pax
1170 1240 1295 1275 Domini
1319 1244 1415 1276 nostri
1458 1243 1479 1277 Ι.
1504 1244 1540 1278 C.
1569 1255 1726 1292 quatenus
1748 1258 1778 1283 et

1027 1293 1077 1327 hie
1113 1294 1247 1328 fructum
1285 1295 1384 1329 bonae.
1411 1297 1542 1332 actionis
1579 1301 1777 1347 percipiant,

1024 1355 1055 1380 et
1085 1347 1166 1392 apud
1202 1348 1354 1382 bonorum
1377 1349 1612 1386 Retributorem
1638 1357 1775 1400 praemia

1025 1408 1168 1434 aeternae
1191 1402 1276 1447 pacis
1295 1403 1466 1437 inveniant.
1490 1405 1603 1440 Amen.

1073 1453 1232 1501 Scriptum
1249 1468 1304 1501 per
1320 1468 1447 1490 manum
1472 1456 1621 1494 lobannis
1635 1461 1776 1497 scrinarii

1024 1508 1102 1541 sacri
1125 1508 1345 1544 Lateranensis
1373 1511 1488 1556 palatii.
1517 1511 1583 1557 Ego
1618 1512 1778 1550 Pasclialis

1023 1561 1192 1609 epiScopus
1219 1562 1253 1597 S.
1276 1563 1435 1598 Ecclesiae
1457 1564 1630 1612 subscripsi
1654 1575 1713 1602 etc.

1071 1614 1186 1650 Datum
1221 1616 1365 1651 Laterani
1406 1630 1461 1664 per
1493 1631 1620 1653 manum
1659 1620 1776 1657 Leonis

1023 1669 1185 1714 scriptoris
1208 1682 1290 1704 xviii
1314 1671 1372 1705 cal.
1401 1671 1472 1705 maii
1495 1672 1559 1706 iud.
1595 1685 1668 1717 vm,
1690 1687 1774 1711 anno

1023 1721 1199 1756 dominicae
1227 1723 1346 1757 incarn.
1370 1736 1425 1764 mc,
1449 1725 1650 1770 pontificatus
1669 1738 1775 1764 autem

1022 1775 1061 1809 D.
1084 1775 1245 1810 Pasclialis
1271 1778 1402 1811 secundi
1431 1778 1546 1825 Papae,
1575 1780 1688 1826 primo.

1074 1832 1136 1861 Dat.
1155 1833 1201 1862 die
1223 1834 1260 1863 Η
1283 1834 1384 1872 aprilis
1406 1844 1483 1864 anno
1500 1835 1616 1867 Domini
1635 1838 1720 1876 1100,

1276 1878 1378 1917 pontis.
1401 1888 1477 1909 anno
1499 1889 1517 1909 1.

1371 2019 1425 2054 ltt.

1022 2095 1245 2129 ,nonasterium
1269 2096 1406 2129 Ct'sterci'i
1422 2097 1639 2129 monachorum
1660 2097 1695 2129 S.
1713 2097 1773 2129 Be-

1070 2146 1190 2181 nedicti,
1216 2147 1247 2177 in
1265 2145 1393 2181 dioecesi
1415 2145 1588 2177 Cabt'loncn.
1606 2157 1701 2188 nuper·
1723 2147 1772 2177 in·

1068 2194 1223 2230 stitutum,
1257 2194 1312 2226 sub
1333 2194 1423 2226 Sedis
1455 2194 1650 2237 Apostolicae
1667 2201 1772 2237 prole-

1068 2243 1164 2274 ctione
1182 2243 1359 2286 suscipitur.

1291 2314 1505 2345 Stantamtssat

1021 2376 1185 2405 Exordium.
1207 2392 1246 2397 —
1268 2376 1294 2404 1.
1313 2375 1520 2405 Monasterium
1551 2374 1685 2405 Cistercii
1716 2375 1771 2406 sub

1059 2421 1239 2459 protectione
1270 2419 1354 2449 Sedis
1381 2419 1569 2456 Apostolicae
1597 2420 1770 2458 suscipitur.

1057 2481 1097 2485 —
1106 2463 1507 2501 ⁹2.Pertur1›artprohibetur.
1518 2479 1558 2485 —
1569 2463 1596 2492 3.
1608 2462 1771 2493 Concordia

1059 2517 1125 2537 cuin
1154 2508 1331 2537 monasterio
1361 2507 1542 2536 Molismensi
1571 2508 1771 2537 confirmatur.

1057 2569 1097 2574 —-
1113 2553 1141 2581 4.
1157 2551 1284 2581 llortatio
1302 2551 1468 2590 pastoralis.
1485 2567 1525 2572 —
1545 2551 1574 2580 5.
1589 2550 1682 2580 Poena
1700 2560 1771 2580 con-

1059 2601 1099 2624 tra
1125 2596 1279 2623 violatores
1302 2595 1447 2633 privilegii
1471 2595 1569 2623 liuius.
1590 2610 1630 2615 —
1652 2594 1679 2623 ὃ.
1711 2593 1769 2623 Be-

1059 2639 1185 2668 nedictio
1198 2640 1343 2667 fautorum
1355 2638 1425 2667 dicti
1438 2637 1618 2666 monasterii.
1628 2635 1768 2675 —Papae

1059 2683 1247 2722 subscriptio.

1835 589 1915 610 Solitas
1935 590 1993 610 clau-

1809 616 1887 645 sulae„
1903 621 1992 641 poenam

1809 647 1951 667 praemtutnte
1967 650 1993 663 ΙΓ·

1809 671 1913 694 ηιμῐιῑιτςΔ

1829 1433 1870 1463 t’P.
1891 1434 1988 1456 Subscri-

1803 1462 1856 1486 ptto.
