2180 3205
26 233 73 260 An.
88 232 118 259 C.
138 233 199 259 1151

48 1610 166 1634 Exordium.

39 1907 176 1930 confirmatur

47 1940 168 1961 transactio

824 233 980 258 scutimus
1001 234 1039 257 ΙΙΙ
1064 234 1110 257 ΙΨ.

266 287 331 334 Ego
365 288 497 324 loannes
533 289 613 325 diac.
649 289 734 325 card.
770 290 959 324 Sanctorum

214 337 315 382 Sergii
341 345 371 372 ct
397 338 510 373 Bacchi
533 352 576 374 ss.

265 387 332 433 Ego
353 386 491 423 Cencius
516 388 596 424 diac.
623 388 709 424 card.
735 390 769 423 S.
793 388 906 423 Mariae
929 387 958 422 in

215 437 363 483 Acqniro.

263 485 377 520 Datum
402 486 560 522 Ferentini
587 500 641 534 per
669 499 796 522 manum
827 487 960 522 Bosonis

213 535 247 569 S.
278 536 316 570 tt.
352 536 387 570 E.
421 537 593 583 scriptoris,
620 549 660 571 xv
684 537 743 571 kat.
773 537 861 577 iunii,
897 538 957 571 inc.

213 584 297 619 dom.
324 597 407 620 anno
428 598 518 625 arcu,
546 586 745 633 pontificatus
772 599 844 622 vero
872 585 957 621 dom.

214 633 344 680 Eugenii
368 634 409 669 ltt
432 635 534 682 Papae
552 647 634 670 anno
662 649 718 670 vn.

291 690 352 722 Dat.
371 692 417 722 die.
438 692 472 722 18
489 693 556 723 maii
573 702 648 723 anno
667 693 781 724 Domini
798 693 883 730 1¹51,

456 738 558 777 pontis.
581 747 658 768 anno
676 747 722 768 vn.

528 893 642 928 XLIII.

211 969 411 1015 Confirmatio
433 970 646 1004 transactionis
670 971 764 1005 initae
786 971 863 1005 inter
890 983 959 1005 ιιιιι-

259 1021 389 1063 9t'strum
410 1020 580 1065 Hospitalis
606 1021 899 1065 Hierosolymieani,
933 1029 959 1053 et

259 1069 396 1102 comitem
439 1069 650 1114 Forcalqtterii
684 1082 774 1115 super
798 1078 898 1104 castro
924 1072 960 1104 cle

261 1118 434 1153 Manuasca
461 1120 518 1162 (t).

477 1192 691 1224 SUMMARIUM

210 1257 380 1289 Exordium.
398 1276 437 1282 —
454 1259 650 1289 Confirmatur
665 1261 832 1290 transactio.
853 1278 892 1283 —
910 1261 960 1291 Se-

250 1302 308 1333 ries
325 1303 392 1333 facti
410 1304 577 1342 exponitur3
594 1305 800 1335 transactionis
818 1310 900 1335 tenor
913 1306 959 1335 hic

250 1347 433 1378 inscribitur.
454 1364 494 1369 —
514 1347 681 1378 Clausulae.

210 1412 328 1450 Eugenius
344 1413 464 1452 episcopus
480 1422 557 1443 servus
579 1422 695 1443 servorum
724 1414 774 1453 nei,
797 1415 889 1446 dilectis
907 1417 960 1447 liliis

251 1457 380 1488 Raimundo
401 1457 538 1487 venerabilis
553 1458 757 1498 Hierosolyniitani
773 1459 896 1499 Hospitalis
912 1471 959 1491 ma-
979 1470 981 1483 ι

249 1503 330 1541 gistro,
353 1503 448 1542 eiusque
469 1502 575 1532 fratribus
598 1504 620 1532 in
642 1503 735 1532 servitio
750 1513 875 1542 pauperum
898 1506 960 1535 mili-

251 1546 360 1586 tantibus,
382 1548 480 1577 satutem
509 1552 531 1577 et
552 1548 701 1587 apostolicam
723 1548 918 1579 benedictionem.

260 1613 351 1649 Sicut
372 1614 469 1648 nostri
491 1614 759 1650 administratione
785 1615 878 1650 officii
904 1616 961 1651 ad-

213 1675 389 1704 monemur,
426 1664 629 1699 ecclesiarum
658 1673 688 1699 et
720 1665 842 1712 piorum
874 1665 961 1700 loco-

213 1725 282 1748 rum
308 1712 429 1760 negotia
451 1713 565 1748 salubri
593 1714 654 1748 line
676 1714 872 1761 distinguere
900 1724 958 1750 etc.

212 1761 379 1804 Quocirca,
401 1762 536 1798 dilecti
530 1776 560 1797 in
587 1763 720 1799 Domino
748 1765 814 1808 lilii,
844 1765 910 1812 paci
931 1774 961 1799 et

213 1811 428 1859 tranquillitati
462 1820 583 1848 vestrae
616 1814 821 1860 imposterum
855 1813 960 1849 dehita

214 1861 364 1897 charitate
397 1862 561 1918 providere
588 1863 743 1902 volentes
774 1865 961 1898 transactio-

215 1923 300 1951 nem,
325 1923 405 1959 quae
439 1911 519 1946 inter
551 1925 607 1947 vos
633 1920 673 1947 et·
698 1912 836 1947 nobilem
860 1914 959 1948 virum

214 1959 418 1996 Guillelmum
455 1961 657 2009 Forcalqueri
697 1962 865 2001 comitem,
908 1976 962 2010 per

217 2010 422 2045 venerabilem
458 2010 584 2046 fratrem
616 2019 758 2046 nostrum
791 2011 830 2046 G.
859 2012 962 2047 Ebru-

215 2059 389 2095 dunensem
440 2061 711 2108 archiepiscopum
763 2062 962 2108 Apostolicae

215 2108 310 2144 Sedis
330 2110 464 2156 legatum
487 2123 583 2158 super
615 2118 752 2145 castrum
775 2110 962 2147 Manuascae

215 2166 247 2194 et
266 2159 336 2194 eius
361 2159 557 2207 pertinentiis
583 2159 660 2195 facta
687 2168 745 2199 est,
767 2168 798 2195 et
820 2172 875 2208 per
890 2162 964 2195 scri-

218 2208 260 2255 pti
281 2209 328 2243 sui
352 2208 493 2255 paginam
522 2209 705 2244 confirmata
727 2218 785 2245 etc.
816 2210 963 2245 Auctori-

217 2264 279 2292 tate
304 2257 395 2293 Sedis
428 2257 629 2306 Apostolicae
663 2260 899 2299 confirmamus,
933 2268 963 2294 ct

218 2315 314 2342 ratam
341 2315 434 2354 atque
461 2309 679 2343 inconcussam
704 2309 862 2356 perpetuis
884 2317 964 2343 tem-

219 2356 349 2404 poribus
375 2369 500 2392 manere
531 2357 742 2392 decernimus.
778 2358 878 2393 Cuius
912 2359 964 2392 di·

219 2405 396 2441 stinctionis
417 2414 556 2441 tenorem
583 2419 640 2442 nos
662 2407 691 2441 in
715 2407 823 2442 eadem
853 2408 964 2454 pagina

221 2455 262 2490 ita
300 2455 509 2503 conscriptam
544 2456 749 2503 perlegimus:
788 2469 964 2503 conquere-

190 2548 194 2552 .
221 2503 334 2539 bantur
350 2504 509 2552 siquidem
523 2517 640 2546 comes,
663 2514 693 2540 et
711 2506 832 2547 fratres,
855 2513 885 2541 et
898 2507 965 2541 avia

220 2565 289 2598 sua,
318 2553 356 2589 de
390 2554 614 2602 hospitalariis;
641 2555 714 2602 quia
737 2555 850 2590 iniuste
883 2555 965 2590 deti-

256 2623 295 2660 (1)
312 2625 349 2651 Ex
365 2625 429 2652 Cod.
448 2625 589 2661 Diplomat.
607 2626 714 2654 Ordinis
729 2625 903 2662 Hierosolym.

1629 223 1699 255 575

1001 288 1113 323 nebant
1148 289 1305 335 ‹pmddain
1342 300 1432 323 suum
1470 295 1630 331 castrum,
1662 286 1773 353 quodp

1000 338 1114 373 dicitur
1137 339 1314 380 λΙιιιιιιιιςι-,ιῃ
1338 351 1409 372 cuin
1428 337 1575 371 oinnihus
1593 334 1773 383 pertinen

1763 231 1812 256 Αη.
1832 230 1860 256 (2.
1879 230 1940 256 ¹¹5¹

1774 296 1819 315 Seri

1777 328 1845 376 (Ι111ΙΙΠΓ

1762 359 1816 377 ἷΓῙΙἸ

1837 294 1944 314 antii-1-

1850 334 1854 349 ;
1875 329 1945 345 tmus-

1885 360 1932 376 tuum
1929 364 1946 376 ir

1000 388 1050 422 tiis
1072 388 1148 422 suis.
1174 388 1371 434 lluspitalarii
1394 399 1464 421 tero
1487 386 1682 432 allegabant,
1714 398 1747 420 se
1762 388 1795 408 ¹¹¹
1816 388 1835 407 ¹¹¹
1850 388 1893 407 ¹¹
1883 392 1924 407 ²¹¹¹
1920 394 1944 407 ¹¹

1001 437 1079 472 ittstt
1107 446 1137 471 et
1163 450 1199 471 vx
1228 445 1413 471 tistainento
1439 436 1595 482 Οιιί’*ι)ιιί5
1622 436 1747 470 comitis

1000 486 1077 521 illud
1102 486 1279 533 possidere,
1319 487 1370 533 qni
1403 464 1522 520 munuc>
1530 485 1616 532 plura
1639 485 1746 520 comiti

1001 537 1178 583 reliquerat,
1207 544 1239 569 nt
1263 536 1338 570 have
1353 535 1479 569 donatio
1501 535 1540 569 dc
1559 534 1626 568 iure
1643 542 1747 582 posset

1001 585 1112 621 valere.
1142 585 1370 620 Assistentihns
1401 585 1505 631 itaque
1528 584 1617 618 nobis
1641 584 1748 618 multis

1001 634 1211 682 prudentibus
1233 643 1262 669 ct
1289 635 1443 679 religiosis
1466 634 1555 678 viris,
1576 645 1647 668 cuni
1671 633 1748 668 alle-

999 685 1140 731 gationes
1162 696 1270 719 eorum
1287 684 1475 718 sufficienter
1493 683 1523 718 in
1539 683 1746 730 praesentiam

1001 742 1137 769 nostram
1161 733 1292 768 fuissent
1322 733 1493 780 expositae,
1528 740 1559 767 et
1581 732 1748 778 diligenter

999 783 1205 824 examinatae
1229 783 1342 818 talem
1336 791 1415 817 inter
1430 795 1484 818 eos
1506 783 1745 817 transactionem

1001 834 1163 880 utriusque
1183 833 1278 880 {nattis
1304 844 1458 867 consensu
1481 832 1686 872 dictavimus,
1715 841 1748 866 ut

1002 882 1192 930 hospitalarii
1237 883 1302 917 iure
1336 890 1485 929 perpetuo
1526 881 1639 916 haben
1645 888 1676 915 nt
1718 889 1748 915 ct

1000 933 1103 979 quiete
1125 932 1321 980 possiderent
1348 931 1501 979 quidquil
1526 930 1568 964 ibi
1591 930 1748 965 habebant

1001 982 1112 1029 pridie,
1128 989 1294 1028 antequam
1322 980 1426 1028 Guigo
1452 992 1558 1016 comes
1582 981 1661 1014 hanc
1690 980 1748 1014 do-

1002 1031 1157 1066 nationem
1181 1032 1226 1066 eis
1248 1031 1390 1075 fecisset,
1414 1039 1534 1065 caetera
1556 1042 1638 1069 vero,
1661 1029 1748 1064 vide-

1001 1080 1072 1115 licet
1105 1089 1263 1121 castrum,
1298 1093 1369 1115 cum
1397 1080 1465 1115 aliis
1497 1079 1748 1126 possessionibus

1000 1130 1037 1164 ad
1058 1130 1132 1165 illud
1163 1130 1408 1176 pertinentibus,
1441 1138 1472 1164 et
1493 1138 1641 1173 castrum,
1663 1130 1746 1176 quod

1001 1179 1116 1214 dicitur
1146 1179 1242 1215 Totas
1263 1180 1365 1214 Aur-as
1393 1192 1465 1214 cum
1494 1179 1650 1214 territorio
1672 1191 1747 1218 suo,

1000 1230 1172 1277 aequaliter
1205 1242 1237 1264 se
1265 1229 1456 1269 dividerent,
1486 1236 1519 1262 ut
1549 1228 1746 1263 medietatem

1001 1278 1191 1326 hospitalarii
1220 1278 1313 1326 pleno
1343 1278 1409 1313 iure
1437 1278 1587 1313 haberent
1606 1286 1636 1312 et
1653 1278 1748 1312 libere

1002 1329 1214 1375 possiderent,
1241 1336 1272 1363 et
1298 1328 1388 1363 aliani
1418 1328 1616 1362 medietatem
1651 1327 1748 1362 habe-

1001 1386 1046 1412 ret
1069 1387 1099 1412 et
1122 1378 1294 1425 possideret
1315 1390 1421 1413 comes
1442 1377 1553 1412 eodem
1574 1376 1683 1411 modo:
1707 1377 1747 1412 ita

1000 1427 1084 1474 quod
1120 1439 1177 1462 nec
1204 1439 1310 1462 comes
1342 1440 1414 1462 cum
1451 1426 1597 1461 fratribus
1626 1434 1656 1461 et
1682 1427 1747 1460 avia

1001 1477 1171 1523 quidquam
1196 1477 1320 1523 penitus
1341 1476 1380 1511 ab
1406 1476 1613 1524 hospitalariis
1635 1476 1676 1510 ibi
1694 1476 1749 1510 ba-

1001 1526 1125 1560 berent:
1158 1538 1214 1561 nec
1233 1526 1422 1572 hospitalarii
1444 1539 1460 1560 a
1488 1527 1601 1560 comite
1620 1526 1665 1560 vel
1682 1525 1750 1560 eius

1002 1575 1159 1610 fratribus.
1205 1575 1370 1610 Praeterea
1394 1576 1423 1610 in
1451 1576 1661 1610 transactione
1694 1587 1750 1610 ex-

1002 1637 1107 1672 presse
1130 1625 1187 1660 suit
1208 1625 1485 1672 comprehensum,
1505 1633 1537 1659 ut
1560 1638 1622 1660 non
1645 1625 1751 1660 liceret

1001 1675 1107 1709 comiti
1131 1688 1190 1710 nee
1215 1675 1307 1710 alicui
1336 1676 1374 1709 de
1397 1683 1482 1722 parte
1510 1675 1587 1713 eius,
1610 1687 1669 1709 nec
1700 1675 1752 1709 ho-

1001 1724 1170 1771 spitalariis
1197 1737 1254 1759 nec
1275 1724 1369 1759 alicui
1396 1725 1435 1759 de
1460 1734 1544 1771 parte
1570 1737 1698 1767 eorum,
1721 1725 1750 1758 in

1001 1782 1114 1814 castro,
1149 1775 1233 1821 quod
1261 1774 1379 1809 dicitur
1412 1774 1597 1812 Manoasca,
1633 1782 1749 1809 turrem

1003 1823 1048 1857 iel
1076 1823 1212 1871 aliquam
1247 1824 1453 1859 munitionem
1475 1823 1515 1858 ad
1538 1824 1635 1858 instar
1658 1824 1752 1858 turris

1002 1873 1177 1908 aedificare.
1209 1874 1243 1908 Si
1273 1885 1345 1908 vero
1367 1885 1474 1908 comes
1495 1881 1526 1908 et
1554 1873 1663 1908 fratres
1685 1873 1752 1908 eius

981 1944 983 1964 ι
1002 1931 1030 1957 et
1044 1935 1132 1957 soror
1154 1923 1343 1959 decederent
1365 1923 1432 1957 sine
1458 1923 1604 1969 legitimis
1627 1922 1751 1962 liberis,

982 1990 983 2004 ι
1003 1984 1074 2019 pars
1096 1972 1234 2018 illorum,
1256 1986 1336 2020 quae
1358 1985 1396 2007 ex
1418 1972 1628 2007 transactione
1651 1972 1688 2006 ita
1708 1972 1752 2006 eis

1003 2021 1182 2062 obvenerat,
1216 2022 1424 2069 hospitalariis
1458 2022 1572 2065 libera,
1602 2029 1632 2056 et
1660 2022 1752 2068 pleno

1004 2072 1068 2106 iure
1089 2072 1224 2107 cederet.
1239 2071 1331 2107 Unde
1353 2072 1383 2106 in
1407 2072 1530 2118 signum
1553 2079 1583 2106 et
1603 2071 1632 2105 in
1657 2084 1752 2118 argu-

1004 2130 1144 2156 mentum
1167 2121 1260 2156 hnius
1287 2122 1329 2156 rei
1359 2133 1464 2156 comes
1491 2129 1522 2156 et
1549 2121 1658 2155 fratres
1684 2121 1752 2156 eius

1002 2171 1137 2216 singulis
1158 2171 1249 2205 annis
1279 2171 1458 2206 censualem
1493 2170 1604 2205 libram
1632 2170 1750 2205 incensi

1004 2220 1034 2253 in
1083 2220 1246 2254 festivitate
1292 2220 1494 2255 I'entecostes
1543 2219 1750 2267 hospitalariis

1004 2270 1169 2304 solverent.
1197 2269 1246 2304 Ad
1274 2269 1350 2304 haec
1376 2271 1401 2304 si
1429 2269 1610 2304 Tolosensis
1644 2282 1751 2304 comes

1004 2318 1088 2352 litem
1124 2327 1261 2353 moveret
1284 2319 1494 2366 hospitalariis
1515 2331 1610 2365 super
1635 2320 1753 2366 praedi-

1004 2368 1062 2402 ctis
1085 2368 1347 2413 possessionibus,
1365 2381 1472 2404 comes
1494 2377 1524 2404 et
1546 2368 1655 2404 fratres
1681 2370 1751 2404 eius

1004 2417 1151 2451 omnihus
1170 2417 1272 2452 modis
1294 2427 1324 2452 et
1345 2418 1468 2460 causis,
1482 2418 1558 2454 etin
1580 2431 1703 2465 guerra,
1726 2420 1750 2454 si

1004 2478 1084 2513 opus
1096 2475 1189 2507 esset,
1205 2467 1336 2502 fideliter
1350 2480 1405 2502 eos
1426 2468 1640 2503 defenderent.
1657 2468 1751 2510 Quod

1004 2517 1028 2549 si
1047 2520 1086 2550 de
1105 2516 1170 2550 iure
1188 2516 1305 2563 aliquid
1320 2517 1359 2552 ab
1380 2519 1426 2552 eis
1448 2518 1520 2552 inde
1542 2519 1751 2559 evinceretur,

1006 2564 1188 2599 tantundem
1217 2565 1255 2600 de
1288 2567 1412 2613 proprio
1451 2580 1555 2603 comes
1583 2576 1611 2602 et
1643 2569 1752 2605 fratres

1005 2614 1053 2649 sui
1080 2614 1126 2649 eis
1157 2615 1366 2651 restituerent.
1401 2617 1448 2651 Ad
1471 2627 1656 2666 perpetuam
1680 2632 1751 2656 vero
