2180 3205
35 255 85 284 An.
103 253 131 282 C.
152 254 218 281 1176

46 314 126 337 Saltiae
147 320 201 336 con-

65 345 182 375 elationes.

0 895 19 1046 ‘W
0 698 13 881 “DV-⁴⁵³⁸?
0 403 19 687 m··'

46 516 54 524 ι

47 1157 158 1180 Alexandri
173 1155 213 1178 PP.

34 1260 54 1280 ct
74 1256 96 1278 S.
116 1256 140 1278 R.
155 1256 212 1279 Eccl.

52 1288 190 1310 viminatium

0 1325 14 1348 ς,
30 1320 205 1348 subscriptiones.

6 1364 11 1377 l

0 1054 17 1314 *nemoque-arv

836 260 1030 284 ALExANm-:n
1059 263 1094 285 tit
1124 263 1172 286 PP.

231 312 308 348 stica
328 311 532 348 saecularisve
564 323 711 359 persona,
738 311 820 348 hanc
850 323 972 350 nostrae

230 362 444 398 concessionis
478 370 509 397 et
539 361 782 397 confirmationis
828 365 971 410 paginam

229 412 342 453 sciens,
364 420 471 447 contra
497 423 564 447 eam
582 419 697 446 temere
720 412 823 447 venire
840 422 974 449 tentave-

228 462 278 507 rit,
296 461 435 497 secundo
451 463 578 496 tertiove
593 461 793 502 commonita,
813 463 870 498 nisi
889 476 974 511 prae-

227 512 440 559 sumptionem
462 523 549 545 suani
572 510 665 557 digna
683 510 893 548 satisfactione
908 526 974 548 cor-

229 562 352 602 rexerit,
376 561 536 608 potestatis
554 559 743 607 honorisque
761 562 807 596 sui
823 562 972 609 dignitate

228 619 342 652 careat,
364 622 511 657 reamque
533 622 566 644 se
586 609 689 644 ‹livino
703 610 818 645 iudicio
840 612 972 648 existere

228 659 268 695 de
301 668 475 708 perpetrata
504 659 664 706 iniquitate
690 670 869 706 cognoscat,
903 671 933 697 et
956 675 970 697 a

228 710 436 745 sacratissimo
465 708 605 755 Corpore
625 720 661 743 ac
682 707 841 756 Sanguine
863 711 920 745 Dei
943 720 972 747 et

227 759 355 794 Domini
383 758 605 805 Redeniptoris
638 759 735 793 nostri
762 759 830 795 lesu
854 760 970 796 Christi

226 808 326 844 aliena
348 808 417 849 fiat,
441 816 534 855 atque
556 808 586 842 in
608 815 747 843 extremo
769 811 910 846 examine
928 811 974 846 di-

226 858 352 894 strictae
379 858 489 893 ultioni
522 857 696 898 subiaceat,
724 860 844 894 cunctis
867 868 970 896 antem

226 907 329 943 eidem
352 907 421 943 loco
447 919 502 942 sua
530 907 595 942 iura
625 907 819 943 servantibus
842 910 881 944 sit
913 923 971 957 pax

224 957 353 992 Domini
387 957 484 992 nostri
516 956 585 991 lesu
608 955 743 1000 Christi,
766 967 921 1005 quatenus
942 969 971 995 et

225 1006 277 1042 hic
296 1007 431 1042 fructum
455 1006 555 1042 bonae
572 1006 706 1041 actionis
731 1008 919 1055 percipiant,
942 1018 972 1044 et

225 1055 308 1104 apud
331 1056 505 1092 districtum
524 1055 662 1090 Iudicem
679 1058 814 1103 praemia
830 1066 971 1094 aeternae

226 1107 312 1154 pacis
332 1106 501 1141 inveniant.
525 1105 640 1146 Amen,
662 1118 764 1146 amen,
787 1119 888 1142 amen.

274 1156 347 1191 Eoo
373 1155 581 1191 Annxannssn
606 1155 777 1191 catholicae
811 1157 971 1193 Ecclesiae

226 1205 403 1253 episcopus.

274 1254 343 1301 Ego
369 1253 512 1290 Ubaldus
531 1253 688 1289 Ostiensis
708 1255 804 1301 episc.
828 1269 870 1291 ss.

275 1304 343 1351 Ego
371 1303 550 1339 Bernardus
577 1304 758 1339 Portuensis
784 1313 814 1340 et
839 1305 972 1342 Sanctae

225 1353 360 1389 Rufinae
386 1354 566 1401 episcopus.

275 1403 343 1450 Ego
371 1403 506 1438 Ioannes
539 1402 698 1451 presbyter
723 1403 888 1440 cardinalis
919 1405 970 1441 Ss.

225 1453 352 1489 Ioannis
371 1461 402 1488 et
428 1452 516 1488 Pauli
540 1452 617 1487 tituli
639 1453 831 1488 Pammachii
860 1467 901 1489 ss.

274 1507 342 1554 Ego
362 1506 551 1542 Guillelmus
567 1506 672 1554 presb.
691 1507 775 1542 card.
796 1508 840 1542 tit.
864 1508 970 1545 Sancti

225 1560 309 1597 Petri
335 1561 373 1597 ad
400 1560 532 1595 Vincula
558 1573 600 1596 ss.

273 1615 342 1663 Ego
361 1615 446 1651 Boso
464 1615 568 1663 presb.
591 1615 674 1651 card.
699 1615 732 1651 S.
756 1616 971 1653 pudentianae

225 1670 307 1705 tituli
333 1669 472 1705 Pastoris
499 1670 605 1705 subsc.

273 1723 340 1771 Ego
372 1724 505 1760 loannes
538 1724 698 1773 presbyter
733 1725 898 1761 cardinalis
936 1726 969 1762 S.

225 1778 321 1813 Marci
347 1778 453 1813 subsc.

278 1832 346 1880 Ego
377 1832 562 1867 Theodinus
602 1833 705 1880 presb.
741 1833 824 1869 card.
864 1834 971 1870 Sancti

223 1885 335 1922 Vitalis
361 1887 406 1922 tit.
428 1886 577 1922 Vestinae
598 1887 703 1922 subsc.

272 1940 342 1989 Ego
361 1941 543 1977 Mansredus
559 1940 662 1988 presb.
678 1941 762 1976 card.
780 1941 824 1976 tit.
839 1941 972 1978 Sanctae

223 1994 380 2031 Caeciliae
405 2008 446 2031 ss.

271 2050 342 2098 Ego
363 2050 477 2086 Petrus
499 2049 603 2098 presb.
639 2049 723 2085 card.
757 2050 801 2084 tit.
837 2050 972 2086 Sanctae

223 2104 389 2140 Susannae
410 2117 455 2140 ss.

272 2159 342 2206 Ego
362 2158 500 2194 lacintus
525 2158 604 2193 diac.
632 2158 716 2193 card.
746 2158 877 2194 Sanctae
904 2159 972 2195 Ma-

226 2213 292 2249 riae
312 2213 345 2249 in
374 2213 544 2249 Cosmedin
566 2212 669 2247 subsc.

273 2268 343 2315 Ego
367 2267 491 2303 Cintius
512 2267 590 2302 diac.
618 2266 702 2301 card.
727 2266 760 2301 S.
783 2266 912 2301 Adriani
929 2279 970 2302 ss.

273 2322 343 2369 Ego
364 2321 435 2368 Ugo
457 2321 538 2356 diac.
562 2320 646 2355 card.
674 2319 782 2354 Sancti
810 2320 970 2355 Eustachii

225 2377 310 2412 iuxta
322 2376 491 2424 Templum
515 2375 673 2422 Agrippae
694 2386 735 2409 ss.

273 2430 343 2478 Ego
364 2430 526 2465 Laborans
547 2430 627 2464 diac.
649 2428 815 2464 cardinalis
836 2428 970 2464 Sanctae

226 2484 341 2520 Mariae
361 2484 393 2519 in
414 2483 539 2518 Portica
562 2495 604 2518 ss.

274 2537 390 2573 Datum
410 2537 573 2584 Anagniae
600 2548 655 2584 per
681 2548 806 2571 manum
829 2536 968 2571 Gratiani

226 2591 262 2628 S.
287 2592 327 2627 R.
361 2591 398 2626 E.
426 2591 609 2626 subdiaconi
642 2599 673 2626 et
705 2592 826 2629 notarii,
858 2604 875 2625 x
908 2590 966 2625 kal.

226 2647 306 2689 iulii,
327 2645 496 2681 indictione
518 2659 562 2687 xi,
591 2647 808 2680 incarnationis
829 2646 968 2680 domini·
984 2681 991 2693 Δ

1638 253 1707 286 79Ξὶ

1013 329 1066 350 cac
1079 329 1162 351 anno
1177 331 1325 355 Ἀμην-ι,
1346 317 1541 365 pontificatus
1555 329 1627 353 vcro
1649 317 1756 351 domni

1013 366 1181 401 Alexandri
1210 368 1270 402 l'l'.
1300 368 1341 402 ΙΙΙ
1363 380 1444 402 anno
1467 380 1544 402 xvii.

1080 424 1140 454 Dat.
1159 426 1205 455 die
1227 425 1264 455 22
1285 425 1357 455 iunii
1375 435 1451 455 anno
1474 425 1585 455 Domini
1607 425 1692 463 1176,

1260 474 1337 509 pont.
1358 480 1432 500 anno
1454 479 1521 500 xvu.

1772 262 1821 288 An.
1836 261 1864 288 C.
1886 260 1950 287 1176

1295 616 1465 673 Lxxxvr

1016 710 1212 754 Cam-firmatio
1258 712 1436 744 monosterii
1474 713 1509 744 dc
1550 712 1754 750 Boscodnito,

1061 761 1266 804 hortorumque
1300 762 1341 793 (td
1370 762 1447 795 illud
1469 762 1702 805 pertinentium:
1730 768 1756 793 et

1060 810 1212 847 inhibitio,
1235 822 1270 842 ne
1295 811 1360 854 quis
1385 811 1419 843 (Ic
1436 812 1498 844 eins
1524 811 1684 843 imvali'bns
1702 817 1757 844 nul

1061 860 1250 892 nutrimentis
1299 861 1481 894 oiii'iiioli'niii
1527 861 1657 893 decimos
1697 861 1757 894 exi-

1059 915 1113 952 qat
1140 911 1196 951 (t).

1281 978 1492 1010 scitatatttmt

1013 1039 1219 1070 Illonasterium
1243 1040 1297 1070 sub
1327 1042 1504 1079 protectione
1527 1041 1611 1072 Sedis
1630 1043 1757 1082 Aposto-

1052 1084 1125 1114 licae
1148 1086 1251 1124 recipit
1279 1085 1417 1115 l'ontit’ex.
1435 1103 1474 1108 —
1492 1085 1567 1117 Bona
1597 1087 1692 1117 omnia
1715 1088 1759 1117 ei-

1052 1130 1115 1159 dem
1139 1131 1300 1160 conssrmat:
1321 1147 1360 1152 —
1374 1129 1577 1170 Nonnullaque
1596 1137 1756 1161 enutrierat.

1051 1174 1250 1214 —Exemptio
1265 1175 1455 1205 decimarum.
1474 1193 1512 1197 -
1529 1177 1685 1206 Alexandri
1703 1176 1756 1206 PP.

1054 1219 1242 1259 subscriptio.

1012 1281 1141 1311 Alexander
1156 1282 1274 1321 episcopus
1295 1292 1371 1312 servus
1393 1292 1507 1312 seriorum
1526 1283 1576 1319 Dei,
1593 1283 1683 1313 dilectis
1704 1283 1757 1313 filiis

1051 1326 1151 1364 Guigoni
1175 1326 1251 1356 abbati
1279 1328 1476 1357 Boscaitilunciisis
1498 1328 1639 1364 monasterii,
1662 1329 1756 1366 eiusque

1051 1368 1156 1400 [ratribus
1167 1371 1296 1410 regularem
1309 1372 1377 1401 vitani
1388 1371 1501 1411 professis,
1514 1373 1536 1402 in
1549 1377 1692 1412 perpetuum,
1710 1377 1755 1403 etc.

1235 1436 1245 1477 (
1257 1435 1345 1468 Deest
1376 1436 1494 1468 initium
1508 1438 1528 1479 )

1059 1504 1274 1552 Quapropter,
1314 1505 1415 1540 dilecti
1444 1506 1473 1539 in
1510 1506 1644 1541 Domino
1682 1506 1752 1548 filii,
1780 1524 1928 1547 mmmmm

1013 1555 1182 1601 praefatum
1206 1564 1373 1589 monaster.
1403 1555 1432 1589 in
1454 1568 1516 1602 quo
1543 1556 1645 1590 divino
1665 1569 1753 1591 nian-
1766 1558 1950 1608 ξζζίῐξῐῡξᾛξξ

1012 1605 1103 1651 cipati
1142 1605 1216 1639 estis
1252 1604 1424 1652 obsequio,
1459 1605 1516 1639 sub
1550 1605 1585 1639 B.
1614 1606 1695 1640 Petri
1724 1598 1826 1652 etheaei
1876 1595 1911 1615 μ’

1013 1662 1115 1688 nostra
1150 1654 1342 1700 protectione
1377 1655 1585 1702 suscipimus,
1613 1664 1642 1689 et
1664 1668 1753 1703 prac-
1766 1647 1870 1670 mum

1012 1704 1108 1738 sentis
1146 1704 1252 1751 scripti
1296 1703 1456 1751 privilegio
1499 1705 1752 1747 communimus;

1012 1760 1193 1793 statuentes,
1221 1762 1252 1787 ut
1285 1766 1498 1801 quascumque
1526 1755 1752 1801 possessiones,

1012 1815 1227 1850 quaecumque
1249 1803 1329 1837 bona
1352 1803 1433 1837 idem
1454 1805 1674 1839 monasterium
1691 1805 1752 1838 ini-

1013 1861 1256 1899 praesentiarum
1296 1853 1374 1887 iuste
1407 1861 1436 1887 et
1469 1854 1619 1888 canonice
1651 1854 1754 1900 possi-

1012 1901 1084 1946 det,
1111 1910 1163 1936 aut
1192 1902 1223 1936 in
1252 1902 1391 1937 futurum
1415 1903 1619 1938 concessione
1642 1903 1754 1939 Ponti-

1013 1951 1124 1992 ficum,
1154 1951 1315 1998 largitione
1338 1964 1446 1998 regum
1480 1952 1528 1986 vel
1561 1953 1751 2000 principum,

1012 2000 1170 2036 oblatione
1188 2001 1336 2041 fidelium,
1364 2013 1418 2036 seu
1441 2001 1531 2036 iustis
1550 2002 1617 2036 aliis
1641 2003 1751 2043 modis,

1012 2059 1186 2098 praestante
1203 2051 1351 2095 Domino,
1375 2051 1485 2097 poterit
1503 2051 1646 2099 adipisci,
1663 2052 1751 2087 firma

1013 2100 1100 2135 vobis
1125 2101 1297 2147 vestrisque
1324 2101 1556 2135 successoribus
1577 2109 1607 2135 et
1633 2101 1749 2136 illibata

1877 1619 1952 1645 recipit

1780 1766 1836 1787 Bona
1845 1768 1914 1787 omnia
1921 1770 1951 1788 ei-

1769 1799 1814 1820 dem
1833 1800 1950 1820 confirmat:

1783 2156 1929 2186 Nonnullaque

1012 2158 1230 2197 permaneanu
1253 2151 1284 2184 in
1306 2150 1420 2196 quibus
1444 2149 1520 2185 baec
1537 2151 1669 2197 propriis
1684 2151 1749 2185 dn-
1764 2192 1872 2209 eumeni

1012 2212 1114 2234 ximus
1139 2199 1340 2246 exprimenda
1369 2199 1540 2234 vocabulis:
1563 2199 1679 2243 locum,
1695 2202 1748 2247 qni

1012 2249 1197 2284 Boscaudon
1212 2249 1337 2293 dicitur,
1359 2261 1429 2283 cum
1454 2249 1650 2296 pertinentiis
1671 2252 1749 2296 suis,

1012 2299 1042 2332 in
1061 2311 1122 2345 quo
1144 2298 1365 2333 monasterium
1385 2298 1487 2345 ipsum
1507 2298 1668 2333 fundatum
1690 2308 1749 2342 est,

1011 2347 1163 2383 abbatiam
1190 2347 1229 2382 de
1256 2347 1365 2387 Pratis,
1388 2355 1417 2382 et
1439 2347 1594 2383 abbatiam
1612 2349 1651 2383 de
1667 2349 1750 2384 Lau-

1011 2409 1059 2438 ra,
1081 2409 1173 2444 quam
1191 2396 1370 2438 aedificatis,
1390 2409 1461 2432 cum
1487 2399 1748 2445 possessionibus,

1010 2447 1158 2482 Lareram
1186 2459 1256 2480 cum
1284 2449 1350 2481 suis
1383 2448 1652 2493 possessionibus,
1683 2449 1750 2483 do—

1011 2509 1095 2531 mum
1129 2496 1234 2530 Sancti
1271 2496 1410 2530 Mauricii
1446 2509 1516 2531 cum
1551 2497 1616 2531 suis
1648 2500 1748 2545 perti-

1010 2547 1142 2590 nentiis⁷
1176 2547 1280 2579 vineas
1301 2551 1338 2579 de
1367 2545 1553 2587 Roniolano,
1581 2549 1686 2581 vineas
1707 2550 1746 2583 de

1044 2616 1082 2650 (1)
1102 2615 1139 2641 Ex
1156 2615 1221 2641 Gall.
1242 2615 1350 2648 Christ„
1368 2624 1429 2642 nov.
1449 2617 1524 2650 edii„
1541 2619 1608 2644 inter
1619 2618 1744 2645 [nstrum.

1009 2656 1136 2683 Ex'csme
1152 2656 1331 2689 Eboedunen„
1351 2665 1423 2682 num.
1447 2665 1484 2683 xi.
