2180 3205
25 307 74 334 Λιι.
95 307 206 335 0.1109

35 1638 138 1669 ,monachi
155 1639 202 1660 Clu-

21 1670 202 1722 retraetata

21 1723 90 1739 neren
110 1719 201 1743 ordines,

40 1747 187 1772 sacratumque

34 1770 126 1792 chrisma
142 1771 198 1792 acci-

35 1797 90 1818 iondi
112 1797 205 1819 habeant

28 1823 142 1847 thoi-tatem.

47 1981 157 2004 Decretum
165 1983 203 2004 im-

30 2009 135 2030 munitatis
166 2010 193 2030 ab

23 2035 75 2056 omui
93 2036 204 2062 perturba-

23 2061 78 2083 tion·
86 2065 122 2084 ant
130 2062 155 2088 vi,
163 2065 203 2084 etc.

67 2281 109 2312 Sub

25 2311 103 2335 peonis.

136 2282 203 2304 notitia

856 306 871 328 l·
882 305 954 327 issu
965 305 1029 327 ΗΑΒ
1057 305 1077 326 ΙΙ
1110 304 1157 325 ΙΨ.

1657 291 1726 324 2557

234 360 479 408 Lupcreiacnm,
502 359 535 394 S.
563 360 790 399 fflrvcriannm,
818 359 851 393 S.
875 358 984 393 Marti-
1028 358 1151 393 timoris
1183 357 1295 392 intuitu
1323 365 1428 392 custos
1457 365 1486 392 et
1515 356 1696 392 observator
1719 369 1775 391 ex-

233 423 307 445 num
331 410 368 444 de
393 409 533 456 Campis¹
559 409 702 455 Longum
723 409 874 447 Pontem,
897 408 984 442 Con-

232 460 365 499 siacum,
397 458 594 506 Nogrntnm,
629 458 815 498 Leontium,
850 456 983 503 Gagias,

229 508 425 547 Trnaldium,
462 508 700 552 (jai-inguinum,
738 507 913 546 Rozanum,
947 506 981 540 S.

231 557 431 592 Pancratinm
456 557 494 592 de
522 557 633 597 Lanis,
663 564 799 591 montem
828 555 981 593 Acutum,

230 607 259 640 in
284 607 408 652 Anglia,
443 607 644 650 Etisrodinm,
678 605 711 640 S.
748 605 907 640 Albanum
944 603 982 638 de

229 655 420 702 Ransilcgia,
442 655 620 690 Romanum
650 654 891 697 Monasterinm,
920 652 982 687 Pa-

229 706 417 749 torniacum,
451 704 484 739 S.
513 704 671 738 Victorem
696 703 726 737 in
748 702 888 744 Genera,
915 702 982 736 vol-

229 762 289 788 tam
306 757 349 798 (i)
368 754 402 788 S.
418 753 564 791 Florum,
580 753 773 793 Alariacum,
791 752 980 792 Mori-acum,

226 803 261 837 S.
285 802 454 843 Licet-ium,
489 802 523 837 S.
551 802 743 845 Orientium,
770 801 979 840 Setmontem,

226 851 470 891 Carenniacuin,
497 851 530 886 S.
555 849 663 885 Fidem
692 850 731 885 de
755 850 916 894 Morlanis,
944 849 978 884 S.

227 900 434 948 Eutropium,
469 900 503 935 S.
533 900 661 934 Mariam
699 899 737 934 de
759 899 909 939 Castello,
943 899 977 934 S.

226 949 374 985 Maiolum
399 951 437 984 de
460 949 567 996 Papia,
588 949 621 984 S.
645 948 825 983 Gabrielem
848 950 887 983 dc
905 948 980 983 Cre-

227 1011 331 1040 mona,
359 999 392 1034 S.
421 999 555 1034 Paulum
574 999 612 1032 de
635 998 800 1044 Pergamo,
827 998 860 1032 S.
888 997 979 1033 Iaco—

225 1047 300 1083 bum
328 1049 366 1083 de
388 1048 542 1087 Pontivo,
572 1047 759 1091 Bertemala,
786 1046 978 1091 Rodobium,

225 1097 392 1142 Castellet,
426 1097 459 1132 S.
497 1096 687 1144 Gregorium
724 1096 763 1131 de
798 1096 977 1141 Placentia,

225 1147 420 1190 Abevillam,
448 1147 618 1190 Atcerens,
653 1145 798 1186 Alavart,
836 1145 977 1187 Boinoa,

224 1195 354 1237 Vazitia‚
376 1195 500 1237 Cahiol,
522 1195 733 1241 Magobrium,
751 1194 977 1239 Fodrovillam,

224 1245 335 1281 cellam
353 1247 382 1280 in
398 1245 554 1289 Almauia,
572 1245 826 1291 Roquespertum
838 1244 976 1289 Villaris,

225 1294 260 1330 S.
283 1295 412 1330 Mariam
436 1295 475 1329 de
498 1293 602 1338 Valle,
624 1293 860 1333 Marciniacmm
892 1293 977 1338 Am-

224 1343 359 1388 bertam,
381 1344 482 1386 Rivis,
510 1342 699 1383 Chaberors,
727 1342 760 1377 S.
789 1342 976 1384 Nazarium,

224 1391 478 1432 Borboncnsem,
501 1392 685 1436 Boorzium,
712 1391 821 1426 Esaias
843 1391 975 1426 Saltum.

224 1440 261 1477 In
286 1442 362 1478 locis
384 1450 503 1483 autem,
526 1454 605 1488 quae
627 1442 696 1476 sine
717 1441 843 1488 proprio
864 1441 976 1475 abbate

225 1491 340 1527 diebus
361 1491 468 1526 domni
492 1503 528 1525 ae
551 1490 735 1526 venerabilis
762 1490 907 1536 Hugonis
925 1490 978 1524 ab·

224 1539 306 1576 batis
344 1540 440 1576 fnisse
468 1540 631 1584 videntur,
671 1552 831 1587 nunquam
864 1540 976 1587 aliquis

225 1590 370 1625 abbatem
389 1590 533 1625 ordinare
559 1597 747 1636 praesumat.
776 1588 854 1623 Illud
883 1590 974 1623 etiam

223 1639 377 1674 libertatis
418 1639 620 1674 Cluniacensi
663 1638 816 1673 coenobio
850 1639 974 1672 lirinum

224 1688 329 1723 haberi
352 1689 524 1728 sancimus,
549 1696 581 1722 ut
604 1689 694 1723 vestri
713 1688 891 1722 monasterii
913 1699 977 1722 mo-

223 1739 329 1782 nachi,
361 1738 414 1785 qui
443 1738 479 1772 ad
511 1750 617 1772 sacros
643 1745 716 1772 snnt
749 1737 876 1771 ordines
904 1749 976 1783 pro-

225 1787 392 1829 movendi,
426 1799 442 1821 a
475 1787 590 1834 quibus
619 1786 793 1821 malueritis
815 1786 977 1821 catholicis

223 1837 383 1884 episcopis
417 1842 670 1883 promoveantur.
706 1835 850 1870 Chrisma
886 1848 975 1880 vero,

223 1887 249 1921 si
273 1886 491 1932 opportunitas
505 1886 654 1932 exegerit,
677 1885 707 1919 in
732 1893 833 1919 vestro
857 1885 977 1919 faciatis

223 1936 415 1970 monasterio
441 1935 639 1974 consecrari,
670 1935 717 1968 vel
742 1946 758 1968 a
781 1934 898 1981 quihus
920 1947 975 1968 vo-

223 1984 345 2020 lueritis
367 1985 526 2032 episcopis
553 1984 723 2030 accipietis.
747 1983 780 2017 Si
804 1996 863 2031 qua
884 1983 976 2029 igitur

224 2033 255 2068 in
278 2033 418 2068 futurum
446 2034 655 2068 ecclesiastica
678 2033 886 2067 saecularisve
910 2045 977 2080 per-

224 2095 311 2124 sona,
334 2083 414 2118 hanc
430 2092 554 2118 nostrae
573 2083 807 2118 constitutionis
830 2082 974 2129 paginam

224 2132 344 2174 sciens,
372 2142 479 2167 contra
507 2145 573 2166 eam
598 2141 715 2167 temere
743 2132 847 2166 venire
876 2140 977 2166 tenta-

224 2182 314 2222 verit,
336 2181 476 2216 secundo
497 2183 627 2216 tertiove
640 2181 844 2222 commonita,
868 2181 891 2216 si
913 2193 974 2215 non

224 2231 436 2266 satisfactione
465 2243 605 2277 congrua
632 2230 862 2271 emendaverit,
886 2237 976 2276 pote-

225 2281 315 2315 statis
352 2280 544 2326 honorisque
584 2281 630 2315 sui
670 2280 820 2326 dignitate
853 2287 975 2319 careat,

226 2341 375 2376 reamque
409 2341 442 2363 se
477 2329 583 2363 divino
616 2329 733 2363 iudicio
768 2329 903 2363 existere
938 2328 976 2362 de

225 2386 401 2426 perpetrata
430 2378 594 2424 iniquitate
620 2386 800 2423 cognoscat,
829 2385 858 2412 et
882 2390 898 2411 a
926 2389 977 2411 sa-

225 2428 399 2462 cratissimo
427 2427 568 2474 Corpore
602 2436 631 2461 et
666 2427 827 2473 Sanguine
862 2426 919 2460 Dei
948 2436 977 2460 et

225 2474 352 2511 Domini
380 2476 606 2523 Redemptoris
629 2476 725 2511 nostri
762 2476 830 2510 lesu
858 2475 975 2510 Christi

225 2525 324 2560 aliena
349 2525 411 2565 fiat,
433 2533 528 2572 atque
555 2526 584 2559 in
608 2533 747 2560 extremo
769 2525 913 2560 examine
932 2525 978 2559 di-

226 2574 350 2609 strictae
373 2574 484 2609 ultioni
506 2574 676 2610 subiaceat.
701 2574 763 2616 Qui
792 2586 864 2608 vero
879 2573 975 2608 divini

263 2639 303 2674 (l)
321 2640 410 2673 Γῡέια,
428 2645 497 2668 terra
514 2641 601 2668 locum
618 2641 732 2676 ahquem
755 2640 974 2667 circumcludens.

845 2681 882 2716 (n.
902 2682 941 2716 T.)

345 2722 418 2753 Butl.
438 2723 513 2753 Rom.
537 2723 591 2754 Vol.
614 2724 664 2755 11:
736 2726 747 2733 “
773 2723 810 2754 33

1026 407 1139 451 titerit,
1166 408 1203 441 sit
1227 420 1322 454 super
1347 420 1418 441 eum
1443 419 1501 454 pax
1528 405 1655 441 Domini
1676 407 1774 441 nostri

1025 455 1093 490 Iesu
1134 457 1268 500 Christi,
1307 457 1456 503 quatinus
1482 464 1512 491 et
1550 456 1602 491 hic
1638 455 1774 490 fructum

1026 505 1125 539 honae
1148 505 1280 540 actionis
1302 506 1464 553 percipiat,
1501 513 1530 540 et
1557 505 1638 552 apud
1666 504 1774 539 distri-

1024 563 1109 589 ctum
1133 553 1272 589 Iudicem
1297 556 1435 602 praemia
1457 562 1602 590 aeternae
1625 555 1711 602 pacis
1729 555 1774 589 in·

1025 604 1138 639 veniat.
1169 605 1281 638 Amen.

1072 652 1143 687 Eoo
1179 653 1361 688 pascamus
1402 653 1574 688 catholicae
1612 653 1773 689 Ecclesiae

1023 702 1193 749 episcopus
1215 715 1256 737 ss.

1022 771 1129 813 (Locus
1149 771 1247 814 si'qillc'
1263 770 1398 815 plumbei
1409 776 1442 803 uc
1457 781 1564 814 supra,
1583 782 1658 815 paq.
1676 772 1771 814 231).

1070 835 1184 871 Datum
1218 835 1301 883 apud
1333 834 1519 870 Castellium
1548 848 1604 884 per
1640 849 1770 873 manum

1021 885 1170 920 Iohannis
1203 885 1237 920 S.
1266 885 1304 920 R.
1332 885 1369 920 E.
1397 884 1520 920 diaconi
1544 885 1712 921 cardinalis
1734 899 1770 921 ac.

1020 935 1260 979 bibliothecarii,
1283 946 1355 969 xvn
1373 933 1432 969 kal.
1454 946 1590 976 novem.,
1605 935 1713 970 indict.
1733 948 1771 980 11,

1021 985 1171 1019 incarnat.
1198 984 1375 1019 dominicae
1402 996 1485 1018 anno
1508 996 1610 1028 Μαι,
1647 986 1771 1032 pontili-

1019 1042 1107 1068 eatns
1128 1041 1232 1068 autem
1250 1033 1356 1068 domni
1379 1032 1541 1068 paschatis
1555 1034 1698 1074 secundi,
1721 1046 1769 1069 xi.

1059 1090 1120 1120 Dat.
1139 1090 1185 1120 die
1209 1091 1245 1121 16
1267 1089 1394 1120 octobris
1416 1098 1492 1120 anno
1512 1089 1626 1121 Domini
1643 1091 1729 1128 1109,

1271 1134 1373 1174 pontif.
1392 1144 1468 1164 anno
1486 1143 1524 1164 xi.

1360 1240 1429 1275 XL.

1021 1308 1190 1353 Descriptio
1211 1309 1343 1342 limitum
1371 1309 1406 1342 S.
1433 1308 1575 1342 Soranae
1597 1309 1768 1352 Ecclesiae,

1066 1359 1151 1391 cuius
1173 1359 1253 1391 bona
1281 1358 1385 1391 omnia
1411 1358 1634 1402 confirmantur
1657 1359 1718 1401 (l).

1282 1421 1496 1452 SUMMARIUM

1018 1477 1155 1509 Prooemii
1174 1488 1251 1518 pars.
1268 1495 1308 1501 —
1324 1478 1539 1510 Describuntur
1560 1479 1706 1509 dioecesis
1729 1479 1767 1510 li-

1058 1524 1155 1553 mites.
1175 1540 1212 1545 —
1230 1523 1445 1553 Confirmantur
1461 1523 1535 1553 bona
1552 1533 1626 1562 quae
1639 1524 1686 1553 hic
1703 1533 1769 1563 par-

1058 1568 1108 1597 tim
1132 1572 1353 1597 enumerantur.
1371 1585 1410 1590 —
1427 1567 1534 1597 Eadem
1558 1572 1697 1607 perpetua
1715 1568 1769 1597 im-

1057 1613 1197 1642 munitate
1221 1613 1279 1642 frui
1307 1612 1485 1642 decernitur.
1509 1629 1547 1634 —
1579 1612 1638 1642 Sub
1673 1612 1767 1643 solitis

1058 1657 1169 1696 poenis.
1188 1674 1227 1679 —
1244 1656 1297 1686 PP.
1317 1657 1506 1696 subscriptio.

1017 1709 1134 1739 Paschalis
1162 1710 1281 1748 episcopus
1311 1718 1389 1739 servus
1416 1719 1532 1740 servorum
1558 1709 1609 1747 Dei,
1642 1708 1768 1739 venerabili

1056 1748 1118 1778 fratri
1127 1749 1228 1779 Gottndo
1239 1750 1325 1779 Sorano
1335 1750 1443 1789 episcopo
1450 1750 1544 1788 eiusque
1554 1749 1737 1780 successoribus.
1747 1772 1753 1780 .
1762 1773 1767 1779 .

1056 1789 1208 1828 Populum..
1223 1812 1228 1819 .

1066 1842 1157 1876 Sicut
1175 1843 1288 1877 iniusta
1314 1842 1493 1889 petentibus
1517 1843 1622 1878 nullus
1649 1851 1696 1878 est
1719 1843 1768 1878 tri-

1018 1891 1163 1926 buendus
1197 1891 1364 1926 effectus...
1389 1892 1530 1939 petitioni
1560 1900 1648 1936 tuae,
1677 1892 1769 1928 frater

1019 1941 1049 1975 in
1072 1940 1199 1976 Christo
1233 1941 1436 1986 charissime,
1464 1941 1682 1989 praesentibus
1714 1954 1767 1976 an-

1019 1998 1169 2031 nuentes,
1203 1990 1240 2025 ad
1271 1999 1451 2038 perpetuam
1485 1990 1519 2025 S.
1548 1991 1687 2026 Soranae
1709 1991 1769 2026 Ec-

1017 2040 1130 2075 clesiae
1162 2052 1271 2087 pacem
1304 2052 1340 2075 ac
1366 2040 1565 2075 stabilitatem
1594 2040 1767 2088 praesentis

1018 2089 1134 2124 decreti
1159 2089 1341 2124 auctoritate
1369 2089 1545 2131 sancimus,
1576 2098 1607 2124 ut
1630 2089 1767 2124 universi

1019 2138 1183 2185 parochiae
1217 2138 1306 2179 fines,
1341 2139 1393 2186 qni
1421 2150 1438 2173 a
1467 2138 1666 2186 parochianis
1696 2147 1768 2173 ante

1017 2200 1087 2222 cnm
1119 2187 1239 2222 iuribus
1265 2188 1330 2222 suis
1369 2200 1468 2234 usqne
1502 2187 1594 2222 hottie
1631 2187 1767 2234 possessi

1017 2245 1101 2281 sunt,
1125 2237 1164 2271 ita
1188 2237 1318 2271 omnino
1346 2237 1466 2283 integre
1495 2245 1556 2271 tam
1582 2236 1636 2270 tibi
1671 2248 1766 2283 quam

1019 2286 1080 2320 tuis
1112 2285 1348 2321 successoribus
1370 2286 1400 2320 in
1426 2293 1611 2333 perpetuum
1645 2297 1771 2320 conser-

1020 2342 1141 2379 ventur,
1163 2335 1215 2381 qui
1232 2334 1376 2369 videlicet
1391 2334 1470 2369 fines
1488 2347 1596 2370 versus
1617 2333 1767 2370 Fundum

1018 2392 1047 2418 et
1080 2384 1210 2431 criptam
1245 2383 1407 2428 Latronis,
1442 2383 1514 2418 inde
1536 2384 1566 2418 in
1596 2384 1766 2418 terminum

1017 2432 1208 2477 Cetininam,
1231 2433 1301 2467 inde
1318 2433 1411 2473 intro,
1430 2440 1460 2467 et
1474 2432 1582 2468 inde...
1599 2432 1767 2478 Soranam,

1019 2483 1089 2516 inde
1110 2482 1138 2516 in
1156 2482 1326 2528 Sangrum,
1350 2482 1421 2516 inde
1436 2482 1466 2516 in
1490 2482 1601 2517 vallem
1622 2482 1768 2529 Regiam,

1019 2532 1090 2566 inde
1112 2532 1141 2566 in
1162 2531 1359 2572 Alfedenam‚
1383 2530 1456 2566 inde
1475 2531 1505 2566 iu
1521 2530 1673 2571 Vestiam,
1694 2531 1768 2567 inde

1020 2582 1049 2615 in
1072 2581 1214 2616 Sariram
1237 2581 1368 2622 Animi,
1404 2580 1476 2615 inde
1502 2580 1533 2615 in
1555 2580 1680 2616 Petram
1702 2580 1769 2616 Re-

1052 2649 1091 2680 (1)
1109 2647 1146 2673 Ex
1162 2646 1264 2673 archiv.
1282 2646 1413 2673 Ecclesiae
1432 2646 1512 2673 huius
1536 2646 1618 2674 edidit
1643 2646 1769 2675 Nicolaus

1018 2683 1125 2711 Cotetus
1142 2683 1166 2709 in
1183 2690 1251 2710 nova
1270 2682 1333 2709 edit.
1352 2682 1410 2709 ltal.
1428 2681 1486 2710 Sac.
1509 2686 1574 2709 tom.
1592 2689 1611 2710 ι.

1795 299 1843 325 An.
1864 297 1891 324 C.
1911 297 1977 325 ¹109

1795 656 1834 678 PP.
1844 656 1977 682 <uinci-iptio.

1809 1833 1912 1854 prooemii
1921 1838 1976 1860 pan.

1828 2401 1980 2424 Describuntur

1795 2430 1900 2478 atreo-in
1926 2429 1979 2451 timi-
