2180 3205
193 211 242 238 An.
263 211 280 237 C
309 211 374 238 1120

453 202 522 236 506

403 267 476 312 bus,
499 267 530 301 in
558 264 757 312 saepedictae
780 263 972 298 Viennensis
992 264 1152 299 Ecclesiae

401 316 472 350 iure
507 327 542 349 ac
577 313 772 349 subiectione
808 312 984 359 persistant.
1025 313 1059 347 ln
1087 314 1150 360 ipsa

403 365 495 399 ctiam
520 362 713 397 Romanensi
741 361 896 402 Ecclesia,
922 362 1064 409 quamvis
1098 374 1152 396 ro-

403 424 514 447 manae
548 423 582 446 se
619 411 707 446 saciat
740 410 911 451 libertatis,
938 411 1014 445 visis
1048 419 1149 445 tamen

400 461 682 515 praedecessorum
709 467 887 494 nostrorum
911 460 1092 506 privilegiis,
1121 467 1151 494 et

399 510 623 556 imperatorum
648 509 832 555 praeceptis,
868 517 930 543 tam
954 509 983 542 in
1006 508 1150 543 saecula-

398 559 497 598 ribus,
524 571 618 605 qnam
642 558 671 592 in
694 557 890 603 regularibus
913 557 1037 592 clericis
1059 565 1088 591 01
1103 569 1149 591 ca

400 607 524 642 ironicis
567 607 644 641 inibi
684 606 835 642 ordinatis
867 606 914 641 vel
947 605 1148 647 ordinandis,

397 655 568 691 Pontifices
594 655 793 691 Viennenses
819 667 945 690 omnem
968 655 1084 689 habere
1098 654 1151 688 de-

397 705 558 739 cernimus
577 713 781 752 potestatem,
803 704 947 738 similiter
968 704 998 738 in
1017 703 1148 738 ecclesia

396 753 487 788 Beati
511 753 623 788 Donati
658 762 688 788 et
708 753 796 787 Beati
830 752 958 793 Valerii,
985 760 1015 786 et
1046 753 1149 786 eccle-

396 803 460 837 siae
481 803 569 837 Beati
596 802 680 837 Pctri
702 802 741 836 de
762 801 952 846 Campania,
982 809 1013 835 et
1034 801 1148 836 Beatae

396 850 512 886 Mariae
538 852 577 886 de
604 851 780 885 Annonico.
822 850 931 884 Castra
968 858 1146 896 praeterea,

396 912 477 946 quac
499 912 555 947 per
571 912 628 935 nos
655 906 836 946 recuperata
858 907 932 933 sunt
956 898 1002 933 vel
1032 899 1149 944 acqui-

397 949 468 992 sita,
490 949 611 984 scilicet
636 948 872 994 Pompeiacum,
900 947 1091 990 Sasserlum,
1118 955 1149 981 et

397 1006 536 1032 castrum
563 998 602 1032 de
630 997 765 1037 Malvall,
792 996 964 1030 Viennensi
986 995 1148 1030 Ecclesiae

397 1046 428 1081 in
444 1055 631 1094 perpetuum
655 1046 890 1081 confirmamus
913 1044 1146 1079 Coemeterinm

396 1107 481 1136 vero,
512 1095 595 1142 quod
627 1095 775 1129 dominus
799 1094 1022 1141 praedecessor
1045 1100 1149 1128 noster

396 1153 523 1179 sanctae
549 1144 720 1179 memoriae
751 1143 914 1178 paschalis
947 1142 1030 1188 Papa
1065 1143 1148 1177 circa

395 1192 483 1228 Beati
506 1193 643 1228 Mauritii
671 1193 836 1227 ecclesiam
868 1191 1080 1231 consecravit,
1108 1191 1148 1225 li-

397 1242 508 1276 berum
531 1254 601 1277 esse
622 1242 799 1276 sancimus:
824 1249 995 1284 uteorum,
1017 1240 1070 1287 qui
1086 1240 1149 1275 illic

399 1291 524 1338 sepeliri
553 1291 811 1330 deliberaverint,
852 1297 883 1324 et
909 1289 1083 1329 devotioni,
1118 1297 1149 1323 et

400 1348 558 1375 extremae
581 1340 750 1384 voluntati,
779 1339 838 1374 nisi
865 1338 943 1373 forte
965 1350 1149 1373 excommu-

400 1389 495 1424 nicati
514 1389 589 1431 sint,
611 1388 716 1424 nullus
737 1388 877 1428 obsistat,
900 1387 984 1422 salvo
1000 1387 1147 1421 nimirum

399 1438 546 1485 propriae
573 1440 639 1473 iure
672 1437 848 1485 parochiae.
882 1436 932 1471 Ad
959 1436 1056 1477 haec,
1092 1448 1149 1483 pro

397 1487 541 1534 ampliori
566 1487 758 1522 Viennensis
778 1486 940 1520 Ecclesiae
966 1485 1149 1526 dilectione,

397 1544 468 1570 ante
488 1536 703 1571 Viennensem
716 1534 988 1581 archiepiscopum
1006 1545 1061 1581 per
1080 1545 1149 1580 pro-

995 210 1180 233 BULLAtttmt
1207 210 1321 233 ROMAN
1324 211 1369 233 ΠΜ

1194 264 1385 310 honorisque
1407 264 1455 298 5111
1478 263 1629 310 dignitate
1652 272 1766 305 careat,
1793 276 1942 313 reamque

1193 325 1226 347 se
1253 313 1358 347 divino
1394 291 1530 347 11111101οῢ
1544 313 1676 348 existere
1703 314 1741 348 de
1765 321 1941 369 perpetrata

1193 362 1356 408 iniquitate
1395 369 1581 407 cognoscam
1618 369 1648 396 01
1681 374 1698 396 3
1732 363 1941 398 sacratissimo

1192 409 1334 454 Corpore
1361 422 1397 444 ac
1417 410 1579 456 Sanguine
1597 409 1655 444 Dei
1682 418 1712 445 et
1733 411 1860 446 Domini
1884 424 1942 447 no-

1192 461 1245 493 stri
1271 459 1494 505 Rcdemptoris
1516 459 1586 493 Iesu
1613 458 1729 494 Christi
1751 459 1850 495 aliena
1872 460 1939 500 fiat,

1191 516 1284 555 atque
1314 509 1343 542 in
1367 515 1505 542 extremo
1533 508 1676 543 examine
1703 508 1861 543 districtae
1891 510 1940 544 111-

1192 558 1268 592 110111
1290 557 1461 592 subiaceat.
1484 556 1616 591 Cunctis
1638 564 1740 592 autem
1764 557 1866 592 eidem
1882 558 1941 593 Ec-

1191 606 1303 641 clesiae
1331 606 1409 641 iusta
1437 605 1635 640 servantibus
1657 606 1696 640 sit
1730 618 1788 652 pax
1811 606 1938 641 Domini

1192 656 1287 690 nostri
1310 654 1382 689 Iesu
1404 654 1533 694 Christi,
1560 663 1714 701 quatenus
1742 663 1772 690 01
1799 655 1850 690 1110
1871 655 1940 690 fru-

1190 712 1273 739 ctum
1298 704 1398 739 bonae
1419 704 1552 739 actionis
1573 704 1718 744 sentiant,
1745 712 1775 738 et
1797 704 1879 751 apud
1895 704 1939 739 di-

1189 753 1331 788 strictum
1360 752 1498 788 ludicen]
1529 753 1665 800 praemia
1687 760 1831 798 aeternae
1854 753 1939 800 pacis

1190 801 1360 837 inveniant.
1384 801 1497 836 Amen.

1239 851 1311 886 Eoo
1354 850 1518 885 Cama-ns
1566 851 1736 886 catholicae

1189 901 1367 946 episcopus.

1239 948 1352 983 Datum
1380 948 1540 983 Valentiae
1562 960 1581 982 v
1608 947 1668 982 kal.
1699 948 1817 989 martii,
1854 948 1938 983 indi-

1189 997 1293 1032 ctione
1319 997 1548 1038 decimatertia‚
1585 998 1808 1032 incarnationis
1835 998 1938 1033 domi-

1190 1046 1278 1081 nicae
1299 1058 1382 1081 anno
1404 1058 1502 1089 mcxx,
1526 1045 1725 1092 pontificatus
1747 1055 1849 1081 antem
1878 1047 1937 1082 do-

1191 1096 1254 1129 mni
1283 1095 1392 1130 Calixti
1412 1095 1440 1129 ΙΙ
1466 1095 1570 1141 Papae
1591 1106 1673 1129 anno
1695 1096 1845 1130 secundo.

1229 1151 1288 1182 Dat.
1307 1152 1353 1182 die
1371 1151 1409 1181 25
1429 1151 1569 1181 februarii
1589 1160 1663 1180 anno
1681 1151 1795 1181 Domini
1816 1151 1898 1190 1120,

1441 1195 1542 1236 pontif.
1565 1205 1641 1225 anno
1657 1205 1688 1225 11.

1778 851 1938 886 Ecclesiae

1533 1349 1590 1384 IX.

1192 1422 1393 1467 Confirmatio
1406 1422 1606 1455 donationum
1633 1423 1782 1463 omnium,
1804 1434 1824 1456 a
1849 1423 1937 1456 Gun-

1238 1473 1327 1504 narz'o
1348 1473 1469 1514 ez'usqtte
1485 1482 1582 1504 uxore
1595 1472 1750 1514 factarum
1767 1471 1939 1504 cassinensi

1236 1521 1431 1557 monasterio,
1455 1521 1560 1553 addito
1587 1531 1690 1553 annuo
1717 1532 1805 1553 censu
1840 1521 1935 1553 Late-

1964 205 2014 232 An.
2035 205 2062 233 C.
2076 206 2149 235 1¹20

2000 850 2080 872 Callisti
2106 851 2146 873 Pe.

1965 878 2100 904 subscriptio.

1238 1570 1362 1602 ranensi
1386 1569 1507 1613 palatio
1538 1580 1594 1613 per
1625 1570 1789 1603 monachos
1814 1569 1938 1614 persol-

398 1585 531 1619 vinciam
547 1597 635 1620 suam
651 1596 777 1619 crucem
796 1583 909 1618 deferri
932 1582 1148 1624 concedimus,
1295 1619 1316 1651 d
1357 1619 1406 1661 (l)

1237 1630 1291 1651 ven
1317 1630 1334 1651 o
1374 1637 1375 1640 =
1412 1644 1418 1651 .

398 1641 429 1668 et
450 1633 664 1669 Viennensem
686 1633 859 1668 Ecclesiam
875 1632 967 1667 alicui
986 1631 1148 1666 subiacere

397 1681 511 1737 legat—o,
539 1683 598 1717 nisi
619 1682 780 1726 cardinali,
802 1681 850 1716 vel
873 1681 922 1715 alii
945 1681 984 1715 de
1006 1680 1147 1715 Romana

203 1599 328 1620 Viennensis
336 1598 375 1619 Ec·

189 1626 255 1647 etesia
279 1626 316 1646 soti
333 1625 376 1645 Ro-

188 1658 252 1673 mano
266 1652 375 1673 Pontifici.

191 1681 211 1699 et
227 1680 272 1699 cius
287 1679 313 1699 de
324 1680 375 1699 lata·

189 1711 212 1726 re
221 1706 297 1731 tegatis
305 1705 375 1726 subie-

1454 1686 1669 1717 SUMMARIUM

233 2321 367 2342 Confirmatio

199 2348 319 2374 praesentis
345 2348 376 2368 di-

191 2375 289 2401 plomatis
297 2380 334 2400 per
343 2380 376 2395 sc·

191 2402 240 2422 litas
262 2401 374 2422 clausulas.

398 1732 568 1778 provincia,
590 1732 644 1779 qui
666 1744 683 1766 a
704 1730 840 1772 Romani
867 1728 1032 1764 Pontificis
1052 1729 1148 1764 latere

397 1780 553 1826 dirigitur,
576 1779 792 1827 prohibemus.
814 1779 945 1813 Porro
938 1791 970 1813 111
987 1778 1170 1831 Εο0105115,ΙΙ

397 1841 474 1876 quas
496 1830 526 1863 in
549 1829 723 1864 Viennensi
745 1829 924 1882 episcopatu
941 1835 1011 1882 post
1025 1839 1149 1861 assum·
1167 1833 1170 1879 Ι

398 1886 485 1924 ptum
508 1878 708 1925 Apostolicae
729 1877 820 1912 Sedis
844 1876 1053 1910 ministerium
1076 1888 1149 1910 con-
1166 1882 1170 1923 5

400 1939 611 1971 secravtmus,
656 1926 848 1961 Viennensis
893 1925 1170 1990 310111ορ150ορ11ἕ5

398 1976 554 2016 eamdem,
570 1988 662 2022 quam
677 1975 923 2014 habueratante,
939 1960 1170 2010 interdicendil

397 2036 433 2059 ac
447 2024 613 2060 ordinandi
628 2023 741 2059 habeat
758 2030 955 2070 potestatem.
972 2022 1074 2057 Sane
1068 2031 1147 2057 intra
1167 2003 1170 2049 l

398 2072 526 2108 claustri
559 2073 731 2117 ambitum⁷
759 2072 812 2107 nbi
835 2072 1022 2106 clericorum
1058 2073 1170 2112 man-j

398 2122 504 2157 siones
525 2101 739 2165 continentnd,
769 2121 874 2155 nullus
897 2121 1025 2155 omnino
1049 2103 1170 2157 laico-i

399 2183 467 2205 rum
503 2171 653 2218 deinceps
691 2170 803 2205 habeat
838 2170 1055 2213 mansionem,
1095 2165 1170 2211 ant}

399 2219 564 2261 assultum,
591 2221 638 2255 vel
661 2220 800 2267 rapinam
825 2218 938 2262 facere,
965 2230 1020 2253 seu
1042 2229 1150 2262 corpo·
1167 2225 1170 2251 !

398 2268 495 2303 ralem
523 2268 651 2304 cuilibet
673 2269 784 2303 audeat
817 2268 962 2302 iniuriam
999 2268 1148 2312 irrogare.
1167 2260 1171 2313 1

400 2317 432 2353 Si
466 2330 526 2365 qua
563 2318 658 2364 igitur
690 2319 720 2352 in
760 2317 899 2351 futurum
940 2316 1170 2350 ecclesiastica¹
1167 2333 1170 2351 ι

399 2366 607 2401 saecularisve
630 2378 761 2413 persona
775 2394 783 2407 ,
819 2366 899 2399 lianc
921 2373 1045 2399 nostrae
1073 2376 1150 2398 con-

401 2415 587 2450 firmationis
598 2416 644 2450 vel
657 2416 871 2450 concessionis
882 2415 1026 2461 paginam
1036 2414 1170 2453 sciensff

401 2472 508 2498 contra
535 2476 602 2499 eam
625 2472 743 2499 temere
765 2475 871 2498 venire
893 2470 1067 2503 tentaverit,
1097 2474 1149 2496 se·
1168 2468 1171 2502 1

401 2512 507 2547 cundo
530 2514 659 2548 tertiove
686 2515 896 2552 commonita⁷
925 2515 950 2546 si
973 2523 1034 2546 non
1058 2507 1171 2545 satis-{

402 2561 537 2597 factione
568 2574 705 2610 congrua
735 2561 962 2604 emendaverit,
990 2560 1172 2611 potestatis,

1189 1752 1356 1783 Exordium.
1373 1769 1413 1775 —-
1429 1752 1577 1782 Ecclesiae
1599 1753 1629 1782 in
1648 1752 1783 1782 Sardinia
1812 1762 1828 1782 a
1857 1751 1938 1782 Gun-

1229 1798 1312 1827 nario
1348 1797 1470 1827 donatae
1501 1796 1715 1827 Cassinatibus.
1751 1811 1791 1818 -—
1824 1795 1937 1826 Census

1228 1846 1352 1880 quatuor
1371 1841 1457 1871 solid.
1474 1845 1607 1870 monetae
1620 1840 1780 1879 papiensis.
1795 1857 1834 1862 —
1848 1839 1939 1877 Bona,

1228 1896 1242 1916 a
1265 1886 1402 1916 Gunnaro
1421 1885 1497 1921 data,
1513 1885 1541 1914 in
1562 1885 1707 1924 parandas
1723 1885 1876 1914 monachis
1889 1893 1937 1914 ve-

1227 1935 1286 1959 stes
1308 1929 1512 1958 convertenda.
1533 1945 1572 1950 —
1590 1929 1703 1958 Poenae
1720 1933 1817 1958 contra
1838 1937 1938 1958 mona-

1228 1974 1350 2003 sterium
1370 1972 1575 2012 perturbantes
1598 1973 1628 2001 in
1647 1972 1819 2002 huiusmodi
1843 1972 1937 2001 bonis.

1226 2035 1266 2041 -
1287 2018 1399 2048 Callisti
1417 2017 1472 2047 PP.
1491 2017 1672 2056 subscriptio
1694 2021 1723 2046 et
1745 2016 1885 2055 sigillum.

1188 2093 1310 2122 calixtus
1328 2094 1467 2129 episcopus
1487 2099 1580 2121 servus
1600 2098 1738 2120 servorum
1756 2091 1811 2124 Dei.
1835 2091 1937 2119 charis-

1234 2143 1311 2171 simis
1343 2143 1372 2170 in
1400 2142 1508 2170 Christo
1535 2142 1610 2174 filiis,
1641 2141 1752 2169 Gir-ardo
1771 2140 1939 2169 cassinensis

1233 2192 1392 2221 monasterii
1406 2191 1508 2224 abbati,
1526 2194 1553 2219 et
1569 2190 1626 2218 eins
1637 2189 1772 2218 fratribus
1786 2190 1845 2218 tam
1858 2195 1937 2225 prac-

1233 2241 1355 2270 sentibus
1383 2247 1462 2277 quam
1480 2239 1594 2272 futuris.
1614 2239 1643 2267 in
1661 2240 1830 2275 perpetuum.

1238 2313 1278 2347 Et
1313 2312 1472 2347 commissi
1512 2310 1605 2345 nobis
1639 2309 1729 2344 officii
1769 2308 1936 2344 solicitudo

1168 2361 1343 2412 deposcit,
1365 2369 1395 2395 et
1419 2368 1565 2407 paternae
1580 2359 1739 2393 charitatis
1760 2358 1937 2403 benignitas

1190 2423 1247 2444 nos
1273 2410 1451 2456 compellit
1488 2418 1520 2443 nt
1549 2408 1760 2442 Ecclesiarum
1793 2407 1936 2441 omnium

1192 2459 1355 2506 providere
1386 2457 1625 2493 necessitatibus
1658 2456 1846 2491 debeamus:
1883 2467 1938 2490 ve-

1227 2529 1265 2564 (l)
1286 2529 1324 2555 Ex
1340 2528 1456 2562 originali
1475 2529 1499 2553 in
1516 2527 1633 2553 archivio
1648 2526 1729 2554 edidit
1744 2525 1851 2553 Gattula
1867 2525 1935 2553 nist.

1191 2569 1326 2596 Cassinen.
1343 2576 1412 2596 saec.
1430 2576 1479 2600 vn,
1496 2575 1554 2602 pag.
1572 2567 1633 2593 [125.

2160 683 2175 1802 Μ»-1ΜἯὯ“ᾙ-δᾼ
2168 622 2171 673 ff...
2169 600 2172 608 ,
2169 570 2173 586 ,,
2170 519 2171 527 a

1989 2326 2108 2348 Exordium.
