2180 3205
38 249 90 278 An.
106 248 136 276 C.
151 248 215 276 ¹¹⁸7

69 2122 186 2146 wadhn.

854 241 1013 266 BUGENtcs
1039 241 1077 264 nl
1104 241 1152 264 ΡΙ).

231 301 336 348 ginam
364 301 485 342 sciens,
513 307 619 336 contra
641 311 708 335 eam
736 306 853 335 temere
872 297 977 332 venire

233 356 410 396 tentaverit,
443 354 581 390 secundo
613 354 742 389 tertiove
774 351 976 396 commonita,

231 409 256 444 si
279 421 340 444 non
367 409 576 445 satisfactione
597 421 732 456 congrua
753 406 976 450 emendaverit,

230 463 392 510 potestatis
414 462 605 510 honorisque
625 464 672 497 sni
695 461 844 508 dignitate
863 468 976 500 careat,

230 528 379 564 reamque
392 529 426 552 se
447 516 552 551 divino
569 515 683 551 iudicio
697 515 828 550 existere
849 514 888 549 de
904 526 976 562 per-

230 579 348 618 petrata
376 571 536 618 iniquitate
562 578 747 616 cognoscat,
774 578 804 603 et
827 581 843 604 a
870 580 976 603 sacra-

230 625 351 660 tissimo
365 623 505 671 Corpore
518 632 547 658 et
560 623 721 669 Sanguine
736 623 791 658 Dei
805 631 835 657 et
849 622 974 657 Domini

230 678 328 712 nostri
363 677 433 712 lesu
456 676 573 712 Christi
607 677 706 711 aliena
736 677 797 714 siat,
823 684 916 723 atque
945 677 973 710 iu

229 739 369 767 extremo
396 731 538 766 examine
560 730 717 765 districtae
736 730 848 765 ultioni
867 730 975 765 subia-

229 793 307 820 ceat.
332 784 465 820 Cunctis
490 778 594 818 autem
616 783 718 819 eidem
742 783 810 818 loco
832 796 885 818 sua
909 784 974 818 iura

228 838 426 874 servantibus
457 838 498 873 sit
527 849 586 884 pax
617 837 742 872 Domini
777 838 873 872 nostri
904 837 973 873 lesu

229 891 362 933 Christi,
396 900 547 939 quatenus
581 899 611 926 et
637 892 687 927 liic
713 891 847 928 fructum
874 892 974 928 bonae

228 946 360 981 actionis
393 945 585 993 percipiant,
619 953 650 981 et
681 945 764 993 apud
799 946 973 982 districtum

228 999 368 1035 Iudicem
391 999 526 1046 praemia
543 1007 687 1035 aeternae
703 1000 787 1047 pacis
803 1000 972 1036 inveniant.

229 1053 332 1090 Amen
354 1057 410 1100 (1).

555 1199 655 1234 XXV.

228 1276 340 1312 Simile
358 1276 553 1322 privilegiavit
574 1288 630 1322 pro
655 1276 879 1322 Asflt'yemiensi
902 1288 974 1311 mo-

279 1332 410 1365 nasterio
440 1331 631 1365 Cameracen.
655 1332 794 1365 dioecesis
820 1331 875 1374 (2).

499 1409 712 1440 SUMMAfflUM

229 1471 396 1502 Exordium.
419 1488 460 1494 —
486 1471 692 1501 Monasterium
719 1471 773 1501 sub
795 1471 974 1510 protectione

269 1515 354 1547 Sedis
369 1515 554 1556 Apostolicae
565 1516 670 1554 recipit
685 1515 873 1552 l'ontil'ex;—
884 1515 974 1555 Eique

271 1561 345 1592 bona
376 1562 473 1591 omnia
504 1561 666 1590 confirmat.
702 1577 741 1582 —
774 1560 974 1591 Immunitates

269 1615 386 1646 quoque
401 1606 496 1636 eidem
515 1615 530 1635 a
546 1605 806 1635 Cameracensibus
828 1606 974 1645 episcopis

269 1659 428 1681 concessas
454 1655 531 1680 ratas
552 1650 648 1680 liabet.
677 1667 716 1672 —
741 1651 854 1686 Quibus
873 1661 975 1682 mona-

271 1695 342 1726 chos
373 1696 402 1726 in
423 1695 624 1735 spiritualibus
657 1695 806 1726 subiectos
837 1697 974 1727 declarat.

269 1756 310 1763 —
324 1739 447 1770 Abbatis
463 1749 540 1777 vern,
555 1745 583 1770 et
601 1740 732 1771 advocati
751 1741 921 1771 electionem
939 1742 974 1772 ad

271 1785 352 1815 solos
374 1785 534 1815 monachos
552 1790 684 1825 spectare
702 1786 842 1816 decernit.
863 1803 902 1809 —
925 1786 976 1817 So-

270 1829 340 1860 litae
357 1830 575 1860 conclusiones.

233 1901 364 1938 Enganins
386 1902 525 1939 episcopus
540 1909 635 1931 servus
650 1909 788 1932 servorum
800 1903 855 1937 Dei,
878 1904 975 1933 dilecto

275 1951 332 1981 fllia
363 1952 528 1986 sodescatco,
552 1953 644 1982 abbati
672 1953 867 1991 Affligemensis
886 1962 975 1985 mona-

277 2002 367 2036 sterii.
383 2003 492 2040 eiusque
517 2004 713 2033 successoribus
731 2005 896 2041 regulariter
915 2006 975 2035 sub·

277 2052 434 2087 stituendis.
452 2053 482 2082 in
499 2056 667 2091 perpetuum.

282 2115 498 2159 Desiderium,
519 2118 604 2166 quod
629 2118 667 2154 ad
690 2118 850 2167 religionis
865 2132 979 2168 propo·

233 2169 350 2215 situm,
387 2178 418 2206 et
451 2172 627 2207 animarum
657 2172 788 2208 salutem
821 2175 977 2221 pertinere

270 2237 309 2273 (ί)
329 2237 463 2264 Aubertus
478 2238 590 2265 {itii-aeus
608 2239 633 2265 in
649 2240 772 2266 eruendis
788 2249 821 2267 ex
836 2243 979 2277 antiquita-

235 2277 268 2305 tis
284 2277 390 2305 latebris
405 2279 593 2311 monumentis,
609 2288 677 2315 quae
696 2280 834 2308 historiam
853 2284 978 2310 ecclesia-

235 2319 327 2346 sticam
348 2318 478 2345 illustrare
496 2327 575 2354 quam
598 2322 714 2348 maxime
730 2326 855 2356 possunt,
883 2324 978 2350 nemini

235 2358 449 2394 posthabendus,
473 2360 597 2394 quamvis
620 2361 645 2387 in
675 2361 725 2388 [ine
750 2363 876 2398 privilegii
902 2364 980 2391 huius

236 2398 334 2426 nullam
354 2399 449 2426 reserat
471 2399 680 2436 chronologicam
701 2407 800 2435 notam,
821 2411 889 2438 quae
908 2408 980 2431 certe

236 2437 381 2466 desiderari
396 2439 488 2466 debuit
503 2440 528 2466 in
544 2442 702 2476 exemplari,
719 2451 772 2478 quo
789 2451 852 2470 usus
868 2444 909 2471 ille
924 2448 978 2478 est,

237 2477 263 2505 in
283 2479 399 2513 margine
418 2482 504 2506 tamen
523 2488 620 2507 annum
641 2482 704 2508 lllt7
721 2487 803 2510 notat.
826 2484 908 2511 Tanto
927 2492 980 2511 au-

237 2518 304 2546 ctori
328 2518 404 2546 fidem
429 2527 480 2546 non
497 2521 693 2554 negaverimus,
714 2524 872 2557 peritissimo
891 2525 979 2559 siqui-

237 2557 299 2585 dem
314 2557 437 2585 historiae
452 2558 627 2587 Ecclesiarum
647 2561 807 2596 Belgicarum
833 2564 857 2590 in
878 2573 905 2591 re
928 2569 980 2592 tam

237 2597 315 2633 parvi
330 2599 454 2625 momenti
465 2606 512 2625 cur
523 2607 575 2626 non
586 2600 740 2628 credamus?
766 2602 804 2638 (ἐ)
822 2604 859 2630 Ex
871 2604 979 2637 Mimeo,

238 2636 318 2673 Oper.
337 2638 492 2674 Diplomat.‚
510 2642 572 2667 tom.
594 2648 613 2673 ι,
629 2649 687 2676 pag.
709 2643 768 2669 5514.

1648 231 1716 263 547

1020 294 1231 341 dignoscitur,
1258 302 1383 331 auctore
1405 295 1482 336 Deo,
1504 294 1572 330 sine
1594 293 1696 342 aliqua
1717 302 1764 329 est

1018 344 1168 379 dilatione
1194 345 1427 392 complendum.
1450 345 1634 392 Eapropter,
1652 344 1764 379 dilecte

1019 393 1049 427 iu
1073 393 1208 428 Domino
1228 395 1269 428 lili
1296 394 1488 430 Godescalce
1509 394 1616 437 abbas,
1642 394 1703 428 tuis
1719 393 1762 428 iu-

1017 443 1074 477 stis
1097 443 1360 490 postulationibus
1386 444 1555 479 clementer
1575 443 1760 484 annuimus,

1016 500 1047 526 et
1078 492 1114 525 B.
1149 492 1230 527 l'etri
1266 494 1496 539 Allligcmensis
1519 493 1759 531 monasterium,

1016 541 1066 575 cui
1093 541 1160 576 Deo
1186 550 1310 576 auctore
1337 555 1468 590 pizccsse
1495 542 1698 589 dignosceriS,
1721 542 1758 577 ad

1016 591 1176 638 exemplar
1203 591 1476 638 praedecessorum
1501 602 1676 627 nostrorum
1692 604 1759 626 san-

1016 647 1083 674 ctae
1104 642 1283 681 memoriae,
1307 641 1476 681 PasclialiS,
1504 651 1533 676 et
1555 642 1677 682 Calixti,
1698 641 1759 676 Ro-

1017 701 1179 724 manorum
1212 690 1422 731 Pontificum,
1455 691 1514 725 sub
1546 691 1582 725 B.
1610 691 1693 726 Petri
1729 699 1759 726 et

1016 747 1120 773 nostra
1153 741 1346 786 protectione
1375 741 1583 788 suscipimus,
1610 748 1640 774 et
1663 752 1758 786 prae-

1015 789 1112 822 sentis
1151 789 1259 836 scripti
1306 789 1464 836 privilegio
1504 791 1757 825 communimus:

1015 845 1201 879 statuentes,
1225 846 1259 873 ut
1285 851 1498 887 quascumque
1532 840 1756 886 possessiones,

1015 899 1233 935 quaecumque
1255 888 1336 922 bona
1355 889 1438 923 idem
1459 890 1682 923 monasterium
1699 889 1758 923 im-

1016 938 1262 984 praesentiarum
1285 938 1365 972 iuste
1386 947 1415 973 et
1438 939 1585 973 canonice
1609 939 1757 985 possidet,

1014 995 1067 1020 aut
1094 986 1123 1020 in
1159 986 1296 1021 futurum
1324 988 1527 1023 concessione
1549 987 1758 1032 Pontilicum,

1015 1035 1178 1082 largitione
1200 1048 1308 1083 regum
1331 1037 1377 1072 vel
1396 1038 1584 1084 principum,
1603 1037 1759 1072 oblatione

1015 1085 1172 1126 fidelium,
1194 1095 1247 1121 aut
1264 1087 1331 1121 aliis
1353 1087 1441 1121 iustis
1467 1087 1580 1127 modis,
1603 1087 1669 1121 Deo
1684 1099 1759 1133 pro-

1016 1134 1104 1181 pitio,
1139 1136 1250 1182 poterit
1271 1136 1421 1183 adipisci,
1448 1136 1535 1170 firma
1558 1135 1612 1170 tibi
1637 1137 1759 1184 tuisque

1015 1185 1249 1220 successoribus
1278 1194 1308 1220 et
1340 1186 1454 1220 illibata
1482 1194 1692 1233 permaneant.
1721 1186 1757 1221 ln

1015 1233 1130 1280 quibus
1151 1234 1228 1269 haec
1242 1236 1376 1282 propriis
1391 1236 1539 1270 duximus
1553 1235 1757 1283 exprimenda

1015 1283 1188 1318 vocabulis:
1211 1284 1373 1320 ecclesiam
1401 1285 1438 1320 dc
1460 1285 1580 1325 Asclia,
1603 1297 1618 1319 a
1641 1298 1757 1332 perso-

1015 1341 1089 1367 natu
1124 1341 1155 1368 et
1191 1334 1358 1382 episcopali
1396 1334 1526 1369 obsonio
1560 1334 1688 1369 liberam
1727 1343 1757 1369 et

1015 1382 1172 1429 quietam,
1206 1391 1237 1418 et
1271 1384 1425 1431 quidquid
1462 1396 1568 1419 comes
1600 1384 1757 1419 Henricus

1015 1432 1116 1467 bonae
1137 1433 1316 1474 memoriae,
1343 1433 1557 1469 consentiente
1581 1433 1673 1468 fratre
1699 1446 1757 1469 suo

1015 1481 1199 1527 Godefrido,
1215 1484 1349 1530 praefato
1364 1484 1553 1518 monasterio
1568 1483 1607 1518 de
1621 1484 1668 1517 sui
1683 1483 1757 1518 iuris

1015 1530 1128 1566 allodio
1155 1531 1349 1579 dignoscitur
1382 1533 1566 1568 contulisse:
1594 1532 1755 1567 ecclesiam

1015 1580 1048 1615 S.
1076 1581 1160 1615 Petri
1186 1583 1218 1616 in
1244 1582 1373 1623 Trasna,
1399 1583 1507 1617 cellam
1535 1590 1565 1617 et
1593 1583 1756 1617 eeclesiam

1014 1630 1048 1665 S.
1071 1630 1204 1665 Andreas
1235 1644 1330 1679 prope
1355 1632 1488 1679 Brugas,
1514 1632 1622 1667 cellam
1651 1641 1681 1667 et
1701 1644 1758 1667 ec-

1015 1680 1142 1715 clesiam
1174 1680 1207 1715 S.
1231 1682 1344 1716 Mariae
1372 1683 1403 1716 in
1431 1682 1569 1727 Wavria,
1595 1682 1704 1717 cellam
1726 1689 1757 1717 et

1015 1730 1176 1764 ecclesiam
1204 1730 1238 1765 S.
1265 1731 1379 1766 Mariae
1398 1731 1428 1766 in
1451 1731 1621 1773 Bornhem,
1646 1732 1756 1767 cellam

1015 1779 1149 1814 Sanctae
1173 1779 1288 1816 Mariae
1309 1781 1339 1816 in
1361 1781 1586 1816 Uliederbecka
1611 1794 1683 1817 cum
1704 1794 1757 1817 ec-

1016 1830 1119 1864 clesiis
1145 1829 1185 1865 de
1205 1829 1394 1877 Lindeuaet,
1417 1839 1447 1866 et
1472 1831 1676 1875 Villebrinca3
1703 1845 1758 1870 ec-

1016 1879 1142 1914 clesiam
1165 1880 1195 1914 in
1217 1879 1380 1928 Genappa,
1406 1893 1445 1915 ex
1471 1881 1554 1917 dono
1582 1882 1760 1920 comitissae

1016 1928 1088 1963 ldae
1114 1929 1336 1971 Bononiensis,
1357 1931 1506 1965 allodium
1525 1943 1597 1966 cum
1619 1933 1708 1968 terris
1730 1943 1760 1970 et

1017 1979 1110 2026 sylvis
1150 1979 1180 2013 in
1214 1980 1281 2027 ipsa
1317 1980 1386 2015 villa
1416 1980 1588 2028 Genaplia;
1626 1989 1759 2026 terram,

1017 2040 1110 2075 quam
1134 2029 1306 2076 praefatum
1334 2031 1556 2066 monasterium
1583 2031 1676 2068 habet
1700 2034 1760 2068 sub

1018 2090 1122 2112 annuo
1148 2090 1245 2113 censu
1275 2079 1313 2114 ab
1347 2079 1486 2115 Ecclesia
1513 2081 1703 2125 Nivellensi,
1729 2092 1761 2118 et

1018 2127 1133 2168 Leuso,
1161 2136 1193 2163 et
1220 2129 1353 2170 Anselo;
1380 2132 1565 2166 monasteria
1590 2133 1761 2167 sanctimo-

1019 2177 1147 2212 nialium
1167 2178 1199 2212 in
1220 2178 1350 2213 Foresto
1372 2187 1402 2214 et
1420 2179 1582 2227 Bigardis;
1614 2183 1761 2218 ecclesias

1018 2238 1143 2274 quoque
1161 2227 1200 2262 de
1220 2228 1357 2273 Escben,
1379 2228 1563 2277 Hekelgem,
1586 2231 1760 2274 Morsellae,

1019 2276 1144 2317 Wiese,
1179 2277 1412 2324 Herdinghem,
1444 2279 1760 2327 Erembodengliem,

1019 2326 1210 2367 Metelitene,
1235 2326 1453 2369 Lenendecke,
1478 2330 1673 2375 Meet-becka,
1700 2331 1763 2366 Os-

1019 2375 1158 2417 sensele,
1193 2376 1400 2419 Londersele,
1438 2378 1556 2425 Lisele,
1588 2379 1761 2423 Puersclie,

1021 2424 1178 2460 Baesrode
1202 2437 1273 2461 cum
1295 2427 1441 2462 omnibus
1462 2441 1571 2464 eorum
1595 2430 1764 2477 pertinen-

1021 2474 1084 2519 tiis,
1110 2475 1222 2510 liberas
1244 2488 1258 2510 a
1286 2486 1453 2524 personatu
1476 2482 1539 2523 (‘l):
1563 2480 1657 2515 salvis
1678 2481 1764 2515 dam·

1056 2538 1095 2573 (t)
1112 2538 1216 2564 Liberos
1235 2548 1250 2564 α
1264 2544 1424 2572 personatu,
1450 2541 1527 2573 idest,
1550 2546 1578 2568 ut
1597 2541 1686 2568 liceret
1703 2550 1763 2569 mo-

1022 2575 1136 2600 nasterio
1155 2574 1265 2601 vicarios
1281 2584 1306 2602 in
1319 2576 1381 2610 ipsis
1394 2576 1512 2603 Ecclesiis
1522 2576 1652 2612 delegare,
1669 2578 1713 2613 qui
1726 2579 1765 2604 eis

1021 2610 1203 2642 deservirent;
1229 2612 1402 2645 proventibus
1416 2612 1449 2639 ad
1474 2614 1561 2648 ipsum
1577 2614 1765 2641 monasterium

1021 2647 1202 2681 spectantibus
1217 2648 1254 2682 (n.
1272 2648 1320 2682 τ.).

1781 242 1872 271 Amc.
1893 243 1958 271 ¹147

1790 555 1937 578 nonasterium

1773 588 1810 608 sub
1825 590 1956 614 protectione

1772 618 1831 639 Sedis
1847 620 1956 646 Apo-ioti-

1773 655 1809 670 eae
1821 651 1895 676 recipit
1903 649 1956 671 Pon·

1773 680 1836 707 ulex,

1780 866 1843 895 Eique
1851 868 1955 889 bonnam-

1773 900 1807 920 nia
1829 902 1945 921 confirmat.
