2180 3205
163 242 213 268 An.
234 242 261 268 C.
280 243 346 270 1156

175 345 201 366 c·
197 348 281 367 monica

184 379 233 403 spiri
230 382 252 398 ιι
253 378 285 398 iali
289 378 326 399 bus

163 409 207 433 epis
211 414 286 434 copo·-
277 409 347 429 subie-

163 441 208 459 ctos
223 440 323 460 declarat.

186 784 211 805 Se
215 784 317 811 pulturam

160 822 211 836 vero
235 814 344 835 Ecclesiae

161 846 247 866 liberam
263 846 320 865 dicit.

177 1173 323 1200 Praepositum

160 1210 198 1231 per
209 1205 316 1224 eosdem
311 1211 344 1224 ra-

160 1236 249 1255 nonicos
295 1234 335 1260 clig

160 1266 250 1286 mandat.

170 1474 194 1496 tn
223 1476 342 1495 *communi

159 1506 271 1532 parochiae
310 1507 343 1525 in—

159 1537 249 1556 terdicto
273 1537 344 1556 divina

158 1572 197 1593 pei·
224 1572 260 1587 cos
284 1567 345 1587 ccle—

158 1598 345 1624 brariofficiaper-

159 1630 231 1649 mittit.

173 1764 285 1785 Decretum
304 1771 342 1791 pro

160 1795 268 1815 Ecclesiae
307 1797 344 1815 irn-

161 1827 269 1846 munitate.

176 2251 271 2271 Annuum
293 2255 346 2270 cen-

163 2287 207 2300 sum
237 2281 347 2306 Apostoli—

164 2318 201 2331 (ιιι)
225 2311 272 2331 Sedi
297 2317 348 2337 prr—

164 2342 287 2361 solvendum
308 2343 348 2362 im—

165 2375 231 2399 ponit.

184 2456 263 2476 Solitae
280 2462 329 2476 con-

199 2486 314 2507 clusiones.

411 232 481 265 654.

360 309 376 330 a
398 296 488 330 iobis
506 294 645 329 decimas
660 302 837 339 praesumat
854 292 988 338 exigere.
1010 292 1108 326 Poiio

325 354 345 367 ¹¹¹
360 344 611 380 consecrationes
645 342 788 377 altarium
812 354 867 377 seu
890 341 1107 382 ecclesiarum,

361 394 574 428 ordinationes
601 392 801 435 clericorum,
837 391 890 438 qui
930 391 966 425 ad
1003 403 1108 425 sacros

359 442 486 478 ordines
507 441 621 475 fuerint
648 440 864 487 pr',omorendi
887 452 902 474 a
920 439 1108 474 dioecesano

359 491 539 536 suscipietis
566 490 726 536 episcopo,
762 490 788 524 si
815 489 944 536 quidem
973 489 1108 523 catholi-

360 552 415 574 cus
438 539 540 582 fuerit,
563 546 591 573 et
619 551 652 573 ea
682 539 777 583 gratis
798 551 835 573 ac
868 539 935 572 sine
959 538 1108 584 pravitate

359 589 447 623 robis
473 588 605 622 voluerit
637 588 802 628 exliibere;
829 587 990 634 alioquin,
1019 587 1107 621 liceat

359 637 447 671 vobis
475 636 676 677 catholicum,
704 648 798 683 quem
823 636 1006 676 malueritis,
1021 636 1108 670 adire

358 687 540 728 antistitem,
563 686 616 732 qui
647 686 794 720 nimirum
819 693 922 720 nostra
947 685 1042 719 fultus
1058 697 1108 718 au-

359 735 515 775 thoritate,
538 735 620 781 quod
645 735 832 781 postulatur,
854 734 1025 780 indulgeat.
1054 733 1109 768 Se·

359 784 516 831 pulturam
544 796 672 830 quoque
694 784 794 830 ipsius
810 784 869 818 loci
897 783 1025 818 liberam
1040 795 1108 816 esse

358 834 569 877 decernimus,
598 843 630 867 ut
652 845 773 877 eorum,
796 833 849 879 qui
872 844 905 867 se
933 833 994 866 illic
1016 843 1108 878 sepe—

358 883 405 917 liri
428 882 680 925 deliberaverint,
708 882 878 921 devotioni,
900 889 929 916 et
952 889 1108 916 extremae

358 932 521 976 voluntati,
558 931 616 965 nisi
643 930 907 965 excommunicati
938 930 985 965 vel
1009 930 1108 964 inter-

359 981 431 1015 dicti
471 982 546 1023 sint,
574 980 679 1014 nullus
711 980 858 1014 obsistat:
892 980 974 1013 salva
1003 987 1106 1013 tamen

358 1030 472 1064 iustitia
503 1030 639 1063 matricis
661 1029 833 1064 Ecclesiae.
862 1028 910 1062 Ad
936 1029 1011 1063 baec
1029 1028 1108 1062 adii-

358 1079 477 1113 cientes
519 1091 688 1113 censemus
705 1106 712 1116 ,
747 1087 780 1112 ut
820 1077 964 1112 Ecclesia
1007 1085 1106 1111 restra

359 1128 478 1162 nullum
504 1127 613 1161 babeat
640 1127 837 1162 advocatum.
862 1126 1008 1162 Obeunte
1034 1138 1108 1161 vero

358 1185 399 1217 te,
428 1176 511 1210 nnnc
539 1177 678 1211 eiusdem
708 1176 768 1211 loci
798 1176 1004 1231 praeposito,
1029 1176 1109 1210 nul-

339 1226 406 1260 ilus
438 1226 478 1260 ibi
506 1225 644 1272 qualilnt
679 1225 886 1280 surreptionis
913 1225 1024 1259 astutia
1052 1237 1107 1259 seu

359 1275 504 1309 violentia
533 1282 756 1321 praeponatur
795 1274 852 1308 nisi
875 1286 969 1320 quem
998 1274 1109 1308 fratres

358 1324 519 1358 communi
541 1336 683 1367 assensu,
707 1323 754 1358 vel
778 1323 907 1357 fratrum
938 1335 1008 1369 pais
1030 1335 1108 1357 con-

359 1374 419 1408 silii
443 1373 586 1412 sanior,is
614 1372 790 1407 secundnm
814 1372 870 1406 Dei
900 1372 1055 1411 timorem,
1079 1380 1109 1406 et

359 1422 396 1463 B.
433 1422 601 1468 Augustini
643 1422 783 1467 regulam
823 1421 880 1455 sibi
916 1421 1109 1468 providerint.

359 1472 551 1517 eligendum.
581 1471 745 1506 Praeterea
772 1471 797 1505 si
824 1471 969 1517 generale
1012 1471 1109 1504 inter-

359 1520 479 1555 dictum
509 1521 538 1554 in
565 1520 711 1567 parochia
743 1520 834 1554 suerit
862 1519 1108 1566 promulgatum,

360 1569 567 1603 nibilominus
594 1569 709 1603 clausis
737 1569 854 1608 ianuis,
891 1581 953 1603 non
978 1569 1109 1615 pulsatis

358 1618 587 1658 tintinnabulis,
611 1618 748 1653 exclusis
770 1618 1052 1652 excommunicatis
1079 1625 1108 1651 et

359 1668 547 1707 interdictis,
575 1667 730 1701 submissa
754 1679 830 1701 voce
852 1667 1031 1702 celebrandi
1047 1666 1110 1701 offi-

358 1717 405 1751 cia
429 1716 605 1751 facultatem
629 1716 759 1750 liberam
783 1716 936 1750 habeatis.
955 1716 1109 1750 Decerni-

357 1778 426 1800 mus
445 1778 518 1811 ergo
533 1773 565 1799 ut
580 1765 655 1799 nulli
672 1765 801 1800 omnino
820 1765 983 1799 hominum
1008 1765 1108 1805 liceat,

356 1814 566 1862 supradictam
589 1814 765 1849 Ecclesiam
791 1822 873 1849 tuam
898 1823 1016 1849 temere
1037 1826 1110 1861 per—

356 1864 493 1905 turbare,
509 1871 561 1898 aut
582 1864 650 1898 eius
672 1864 889 1911 possessiones
907 1863 1040 1903 auferre,
1062 1863 1108 1897 vel

357 1912 475 1948 ablatas
499 1913 653 1956 retinere,
675 1913 830 1953 minuere,
844 1925 900 1947 seu
917 1912 1110 1960 quibuslibet

358 1962 574 1996 vexationibus
601 1962 746 2008 fatigare:
775 1962 829 1997 sed
857 1962 975 1996 illibata
1004 1962 1110 1996 omnia

357 2019 388 2046 et
404 2012 522 2057 integra
545 2022 782 2052 conserventur,
806 2023 933 2055 eorum,
956 2023 1011 2057 pro
1030 2023 1111 2057 quo-

358 2072 426 2094 rnm
454 2060 680 2106 gubernatione
701 2068 731 2095 et
755 2060 1005 2095 substentatione
1027 2072 1112 2094 con-

358 2121 446 2144 cessa
472 2117 564 2150 suut,
585 2110 696 2144 usibus
717 2109 910 2144 omnimodis
933 2109 1109 2155 profutura:

360 2159 442 2192 salva
465 2159 613 2193 nimirum
637 2159 838 2205 Apostolicae
859 2158 951 2193 Sedis
973 2159 1112 2192 auctori-

362 2215 433 2247 tate,
456 2216 485 2242 et
503 2208 680 2242 dioecesani
700 2207 839 2254 episcopi
854 2207 1003 2242 canoniea
1023 2207 1112 2241 iusti-

363 2257 413 2290 tia.
447 2256 497 2290 Ad
526 2257 676 2291 indicium
716 2265 819 2291 autem
855 2257 949 2291 huius
984 2269 999 2290 a
1029 2256 1112 2291 Sede

362 2305 543 2351 Apostolica
575 2313 739 2352 perceptae
769 2306 984 2352 protectionis,
1014 2318 1112 2339 unum

362 2354 531 2388 bizantium
561 2367 690 2389 aureum
719 2355 810 2389 nobis
834 2355 1012 2401 nostrisque
1038 2366 1112 2389 suc-

363 2404 540 2437 cessoribus
552 2404 643 2438 annis
654 2404 786 2449 singulis
800 2404 991 2450 persolvetis.
1003 2403 1036 2437 Si
1052 2415 1112 2450 qua

364 2452 458 2496 igitur
485 2453 515 2486 in
551 2453 689 2487 futurum
721 2453 931 2487 ecclesiastica
971 2453 1114 2487 saecula-

365 2502 444 2535 risve
461 2513 609 2546 persona,
633 2502 713 2536 hanc
735 2510 859 2536 nostrae
881 2502 1115 2536 constitutionis

364 2550 510 2596 paginam
529 2551 642 2591 sciens,
660 2559 767 2585 contra
789 2563 857 2585 eam
879 2559 994 2585 temere
1011 2551 1114 2585 venire

367 2599 546 2633 tentaverit.
579 2600 720 2634 secundo
747 2600 876 2635 tertiove
908 2600 1114 2641 commonita,

957 237 1093 261 BULLARI
1099 237 1144 260 ml
1171 237 1335 260 ROMANUM

1151 291 1210 325 nisi
1238 288 1526 337 praesumptionem
1549 300 1636 323 suam
1652 299 1791 334 congrua
1806 286 1899 322 satis-

1150 340 1284 374 factione
1316 338 1497 378 correxerit‚
1521 337 1681 384 potestatis
1707 337 1899 383 honorisque

1149 389 1196 424 sni
1231 388 1381 435 dignitate
1406 395 1520 427 careat,
1556 398 1704 433 reamque
1737 398 1770 420 se
1792 385 1899 420 (lirino

1150 417 1282 472 iudiciov
1295 437 1426 472 existere
1460 436 1500 471 (le
1532 442 1705 482 perpetrata
1733 435 1898 481 iniquitate

1149 495 1335 533 cognoscat
1363 494 1393 520 et
1419 498 1434 519 a
1457 485 1668 519 sacratissimo
1695 483 1835 530 Corpore
1865 496 1900 517 ac

1148 536 1309 580 Sanouine
1322 513 1380 569 Dei
1405 542 1434 569 et
1457 533 1582 568 Domini
1598 533 1820 579 Redemptoris
1843 545 1900 567 no-

1149 585 1201 618 stri
1214 570 1283 618 lesu
1295 584 1411 618 Christi
1424 583 1523 618 aliena
1538 583 1599 623 fiat,
1612 591 1706 629 atque
1717 582 1746 616 in
1759 590 1900 616 extremo

1149 634 1292 668 examine
1314 633 1472 667 districtae
1495 632 1604 666 ultioni
1623 632 1798 671 subiaceat3
1818 643 1899 665 cun-

1148 683 1205 717 etis
1227 691 1331 717 autem
1349 682 1449 716 eidem
1466 682 1533 716 loco
1548 693 1603 716 sua
1620 681 1686 715 iura
1703 680 1900 715 servantibus

1148 733 1189 766 sit
1217 744 1274 778 pax
1296 731 1424 765 Domini
1440 730 1536 765 nostri
1565 730 1634 765 lesu
1657 729 1794 769 Christi;
1821 741 1900 776 qua-

1149 789 1240 815 tenus
1263 789 1294 815 et
1318 781 1368 814 bic
1391 780 1526 814 fructum
1549 779 1649 814 bonae
1675 779 1807 813 actionis
1830 790 1900 825 per-

1149 830 1278 876 cipiant,
1300 838 1330 863 et
1351 829 1434 876 apud
1457 829 1635 864 districtum
1652 828 1792 862 Iudicem
1810 839 1900 874 prae-

1148 880 1210 912 mia
1233 887 1376 912 aeternae
1404 878 1490 924 pacis
1507 878 1674 912 inveniant.
1698 877 1811 911 Amen.

1198 928 1265 973 Ego
1288 927 1431 962 Ubaldus
1459 927 1562 974 presb.
1592 926 1712 961 cardin.
1747 926 1898 961 ecclesiae

1148 977 1182 1011 S.
1206 976 1367 1011 praxedis.

1199 1026 1265 1069 Ego
1293 1025 1391 1060 Iulius
1415 1025 1575 1072 presbyter
1598 1024 1716 1060 cardin.
1750 1024 1901 1059 ecclesiae

1148 1074 1182 1109 S.
1205 1054 1356 1109 Marcelli.

1198 1124 1265 1170 Ego
1288 1123 1469 1158 Bernardus
1493 1123 1595 1170 presb.
1619 1122 1703 1158 eard.
1732 1122 1810 1158 ecel.
1840 1122 1902 1157 divi

1149 1172 1335 1208 Clementis.

1197 1222 1265 1268 Ego
1292 1221 1485 1257 Octavianus
1513 1221 1615 1268 presb.
1644 1220 1728 1256 card.
1747 1221 1901 1256 ecclesiae

1150 1271 1182 1306 S.
1211 1271 1378 1306 Caeciliae.

1200 1321 1267 1366 Ego
1283 1320 1444 1355 Gerardus
1458 1320 1563 1367 presb.
1583 1319 1668 1354 card.
1688 1319 1724 1354 S.
1745 1319 1901 1367 Stephani

1150 1369 1180 1403 in
1208 1369 1318 1404 Coelio
1340 1377 1459 1404 monte.

1198 1419 1268 1464 Ego
1290 1419 1424 1454 Ioannes
1460 1417 1563 1465 presb.
1593 1418 1679 1452 card.
1701 1418 1751 1452 Ss.
1775 1417 1904 1452 Ioannis

1151 1467 1247 1502 Ulrici
1270 1476 1300 1503 et
1322 1468 1474 1503 ecclesiae
1497 1467 1695 1502 Lamacbaei.

1198 1517 1267 1551 Dat.
1296 1517 1470 1552 Beneventi
1506 1529 1562 1563 per
1600 1529 1729 1551 manum
1765 1515 1902 1550 Rolandi

1150 1565 1183 1600 S.
1212 1566 1250 1600 R.
1270 1566 1308 1600 E.
1334 1566 1436 1612 presb.
1466 1565 1550 1600 card.
1579 1573 1610 1600 et
1631 1565 1778 1606 cancell„
1794 1577 1819 1599 ιι
1841 1565 1902 1599 kal.

1151 1615 1241 1654 iunii,
1270 1615 1334 1649 ind.
1364 1628 1407 1654 iv,
1433 1615 1551 1649 incarn.
1575 1614 1661 1649 dom.
1690 1627 1762 1649 ann.
1791 1626 1903 1657 ιιιοινι,

1151 1664 1262 1711 pontif.
1288 1677 1359 1698 vcro
1387 1664 1424 1698 D.
1448 1664 1578 1698 Adriani
1607 1663 1670 1698 ΡΙ).
1701 1675 1784 1698 anno
1808 1675 1857 1697 ιιι.

1211 1720 1272 1750 Dat.
1298 1721 1344 1750 die
1368 1721 1401 1750 311
1428 1721 1495 1750 maii
1515 1730 1591 1750 anno
1608 1720 1723 1750 Domini
1748 1720 1834 1757 1156,

1399 1765 1500 1804 pontif.
1519 1774 1594 1794 anno
1616 1773 1655 1794 ιιι.

1509 1931 1551 1966 Χ.

1155 2007 1355 2053 Confirmatio
1383 2009 1531 2042 bonorum
1557 2009 1600 2042 ad
1632 2008 1793 2042 canonicos
1819 2008 1907 2041 eccle-

1200 2058 1262 2090 siae
1283 2058 1318 2090 S.
1351 2057 1524 2092 Constantii
1542 2059 1577 2091 cle
1602 2057 1798 2092 Urbe-Veteri
1813 2057 1906 2102 perei-

1201 2107 1339 2140 nentium
1367 2108 1425 2150 (l).

1423 2183 1636 2214 SUMMARIUM

1153 2246 1313 2276 Ecclesiam
1337 2246 1431 2285 ipsam
1454 2245 1508 2275 snb
1528 2246 1708 2285 protectione
1730 2245 1814 2276 Sedis
1830 2246 1906 2285 Apo-

1194 2290 1314 2319 stolicae
1332 2290 1447 2329 recipit3
1462 2289 1611 2320 —Eidem
1630 2290 1705 2320 bona
1719 2291 1816 2320 omnia
1830 2299 1904 2320 con-

1194 2336 1299 2363 tirmat.
1311 2351 1350 2356 -
1367 2334 1407 2363 Ex
1417 2334 1661 2373 possessionibus
1675 2335 1819 2374 quaedam
1837 2343 1905 2374 pro-

1194 2379 1265 2418 priis
1284 2379 1434 2408 vocabulis
1449 2379 1591 2409 nominat.
1606 2396 1645 2402 —-
1656 2379 1790 2409 Decimas
1806 2380 1903 2409 donat.

1193 2439 1232 2444 —
1248 2422 1436 2461 Sepulturam
1454 2423 1577 2453 liberam
1594 2423 1732 2453 omnibus
1748 2424 1822 2454 inibi
1834 2433 1906 2453 con-

1194 2466 1282 2495 cedit.
1305 2482 1345 2488 —
1372 2466 1480 2497 Solitae
1503 2468 1727 2505 conclusiones⁷
1757 2472 1812 2498 tam
1836 2476 1903 2505 erga

1194 2509 1406 2548 inobedientes,
1431 2528 1471 2533 —
1487 2511 1579 2547 Quam
1607 2520 1675 2550 erga
1706 2511 1904 2542 observantes.

1190 2572 1228 2608 (t)
1245 2573 1456 2607 EdiditUghell.,
1470 2573 1526 2600 ital.
1538 2573 1682 2606 Sae.‚tom.
1704 2581 1723 2606 1,
1741 2572 1785 2600 ubi
1800 2572 1834 2600 de
1850 2572 1904 2599 Ur-

1156 2612 1292 2640 bevetanis
1311 2613 1450 2648 episcopis.

1913 229 1964 257 An.
1981 229 2009 256 C.
2031 228 2096 255 1156

1927 928 1948 948 S.
1957 927 1979 948 R.
1987 927 2096 948 Ecclesiae

1941 958 2078 979 cardinalium

1916 989 2091 1015 subscriptiones.
