2180 3205
41 302 90 330 An.
110 301 138 329 C.
158 301 222 329 ¹039

65 1478 155 1501 Decreta
182 1479 222 1501 Fa-

39 1505 98 1526 biaui
130 1506 171 1527 ΡΡ.
202 1510 222 1528 et

40 1531 142 1559 stephani
156 1533 197 1555 PP.

54 2077 209 2099 confirmantur.

34 2418 41 2422 “
60 2421 134 2442 Clerici
145 2422 224 2444 Lucen-

42 2447 72 2468 sis
79 2448 186 2470 Ecclesiae
196 2449 225 2469 ol'-

44 2474 91 2495 ttuio
116 2477 137 2496 el.
163 2481 225 2501 prae-

43 2500 118 2522 bendis
143 2502 226 2528 primi.-

44 2529 84 2548 tur.

822 285 846 308 S.
875 286 1060 307 ‹uttinzizttt's‘
1084 285 1127 308 vit
1154 287 1187 308 l'l·

1683 276 1747 308 ¹07

252 338 420 385 diligenter
447 340 679 382 examinantes,
707 339 823 386 diuqu=¹
848 339 876 373 in
905 353 938 373 ea
961 339 1005 373 la·
1048 339 1191 373 eiusdem
1231 339 1388 373 Ecclesiae
1425 339 1528 373 lot-um
1564 347 1711 383 teneant,
1745 348 1798 375 aut

253 387 418 432 boi-antes,
447 390 565 423 nullam
598 389 627 423 in
658 389 703 423 eis
730 390 881 423 rationem
911 397 1004 435 atque
1048 389 1297 433 praebendarum
1313 388 1439 435 aliquod
1456 388 1614 429 solatium,
1637 401 1690 424 seu
1707 391 1796 436 spem

1045 437 1251 484 imposterum
1281 438 1424 471 babeant.
1463 437 1526 472 Vos
1555 437 1675 486 itaque,
1711 439 1798 474 dile-
1844 458 2001 481 nmmum„

1818 484 1895 505 clerum
1917 488 1938 506 ot
1964 492 2001 515 po.

1819 514 1888 536 putum
1912 518 1938 532 ne
1962 513 2002 535 iilis

1043 535 1099 569 lica
1127 536 1308 570 auctoritate
1332 536 1558 576 interdicimus,
1581 545 1613 570 ut
1638 536 1796 573 sceleratis
1818 539 1978 560 communicem.

250 438 535 478 veritatem,·sicut
563 438 654 472 decet
682 438 888 481 christianos,
916 437 1003 471 iuve-

250 486 365 522 nimus.
394 487 538 529 Quorum
568 487 741 521 mirabilem
771 495 800 520 et
831 486 1000 521 inauditam

250 535 448 582 superbiam,
487 536 559 570 licet
594 536 662 570 sine
694 535 850 570 audientia
886 547 1001 570 secuu-

249 584 324 619 dum
347 585 528 633 synodalem
556 584 761 624 seutentiam,
790 596 883 631 quam
914 584 943 618 in
967 596 1000 619 se

250 633 506 680 provocaverant,
531 634 642 681 punire
664 633 883 673 d‹·buerimus;
911 645 1000 667 man-

248 683 425 718 suetudinis
450 691 554 718 tamen
579 682 689 729 spiritu
718 695 767 717 res
803 694 913 717 eorum
942 695 999 716 au-

247 731 381 767 diendas
399 744 467 767 esse
489 732 619 778 dignum
648 731 867 774 duximus,ut
889 730 997 765 saltem

247 781 396 816 confusos
417 788 447 816 et
461 781 621 816 convictos
638 780 676 815 ad
689 793 801 815 sanum
818 781 998 820 consilium,

246 841 440 877 sensumque
462 829 648 865 humilitatis
669 842 898 865 revocaremus.
918 829 996 864 Nun

246 879 272 914 si
294 879 324 914 in
347 880 393 915 eis
411 879 538 927 aliquod
561 878 748 914 humilitatis
764 879 888 926 signum
910 891 997 913 mens

246 937 351 964 nostra
374 929 607 976 perpendisset,
641 928 707 963 sine
734 928 837 975 aliqua
864 940 878 961 a
907 927 997 962 nobis

246 977 460 1013 misericordia
482 990 544 1012 non
573 977 788 1013 recessissent.
815 977 938 1019 Quibus
966 977 994 1011 iu

245 1027 392 1074 superbia
410 1039 466 1062 sua
480 1026 722 1074 perdurantibus
737 1027 906 1061 auctoritas
922 1026 996 1061 bea-

248 1084 350 1111 torum
367 1084 538 1124 martyrum
552 1084 645 1123 atque
661 1076 850 1110 Pontificum
863 1075 993 1110 Fabiani

245 1133 275 1160 et
297 1125 449 1172 Stephani
472 1137 576 1160 coram
594 1125 685 1160 nobis
699 1125 788 1160 allata
812 1133 875 1165 est·‚
901 1137 993 1172 quam

245 1187 302 1210 nos
329 1187 385 1222 per
419 1175 524 1210 onmia
558 1174 633 1209 huic
668 1175 793 1221 negotio
827 1175 994 1209 convenire

244 1232 423 1272 cernentes,
444 1236 499 1259 eos
515 1232 547 1258 ut
568 1223 703 1259 rebelles
725 1232 755 1258 ct
777 1223 995 1258 inobedientes

244 1273 387 1309 eiusdem
420 1273 614 1308 auctoritatis
647 1273 798 1308 sententia
833 1272 995 1307 damnavi-

245 1335 336 1364 mus;
375 1335 469 1370 quam
504 1322 602 1357 literis
641 1322 756 1357 uostris
793 1322 992 1356 inserendam

244 1383 313 1407 esse
334 1372 595 1416 existimavimus,
613 1380 645 1406 ut
660 1372 785 1418 quantis
803 1372 864 1405 sint
881 1371 995 1405 facino-

246 1421 333 1456 ribus
354 1421 476 1462 irretiti,
499 1421 662 1468 quantisve
677 1421 877 1455 contumeliis
896 1420 994 1466 digni,

243 1469 364 1518 liquido
383 1477 494 1518 pateat.
507 1469 734 1505 —Fabianus
751 1469 993 1508 ——Statuimus,

244 1519 269 1555 si
291 1519 403 1568 aliquis
430 1520 496 1555 suis
517 1519 674 1567 episcopis
697 1519 841 1560 infestus,
864 1528 915 1553 aut
945 1519 995 1553 in-

243 1568 374 1605 sidiator
403 1569 513 1614 fuerit,
543 1569 686 1616 eoquod
714 1568 870 1603 criminari
894 1576 994 1603 tenta-

243 1618 347 1665 verit,
385 1627 440 1654 aut
469 1619 664 1666 conspirator
699 1618 810 1659 fuerit,
852 1625 884 1652 ut
921 1630 992 1652 mox

243 1675 316 1703 ante
347 1668 558 1703 examinatum
597 1668 750 1703 iudicium
778 1667 944 1702 submotus
977 1680 992 1702 a

244 1717 328 1753 clero
361 1718 466 1753 curiae
496 1717 654 1759 tradatur,
688 1717 737 1752 cui
770 1717 883 1751 diebus
914 1717 994 1750 vitae

244 1779 320 1802 suae
349 1767 520 1808 deserviat,
554 1775 585 1802 et
618 1766 741 1801 infamis
779 1766 898 1813 absque
933 1766 993 1800 ulla

245 1816 450 1851 restitutionis
467 1828 522 1863 spe
542 1824 732 1863 permaneat.
748 1837 794 1842 —
813 1815 994 1862 Stephanus

244 1865 404 1913 Papa.—
423 1865 578 1902 Clericus,
604 1865 656 1912 qui
685 1865 871 1913 episcopum
900 1877 992 1899 suum

244 1915 455 1955 accusaverit,
495 1924 549 1950 aut
574 1915 601 1949 ei
641 1915 804 1950 insidiator
839 1914 994 1954 extiterit,

245 1976 308 1999 non
323 1972 370 1999 est
382 1964 596 2011 recipiendus,
617 1963 689 2011 quia
710 1964 833 1999 infamis
854 1963 994 2004 effectus,

245 2021 276 2049 et
294 2026 310 2048 a
332 2014 431 2059 gradu
455 2014 548 2048 debet
570 2014 727 2057 recedere,
749 2021 779 2048 et
797 2013 900 2047 curiae
915 2012 993 2047 tradi

245 2062 442 2098 serviendus.
470 2063 558 2097 Hanc
581 2063 684 2109 itaque
711 2063 742 2096 in
770 2075 824 2097 eos
847 2062 994 2109 promul-

246 2111 381 2159 gandam
398 2113 585 2147 sententiam
608 2111 865 2150 existimavimus,
893 2110 997 2145 utsal-

247 2169 311 2196 tem
347 2169 488 2208 tempore
515 2169 617 2195 tantae
643 2161 836 2195 auctoritatis
861 2160 899 2194 ad
935 2160 995 2194 liu-

248 2210 412 2245 militatem
435 2217 701 2245 converterentur.
725 2209 788 2244 Sed
808 2209 864 2256 ipsi
885 2209 946 2243 dati
963 2209 994 2242 in

247 2259 417 2307 reprobum
440 2271 588 2303 sensum,
615 2267 645 2293 et
667 2259 800 2293 demersi
829 2259 858 2292 in
884 2258 995 2292 ‹linbo-

247 2308 326 2344 licae
359 2308 518 2343 caecitatis
545 2315 693 2355 puteum,
727 2320 743 2342 a
771 2307 994 2342 communione

247 2358 382 2393 Sanctae
401 2357 562 2392 Ecclesiae
584 2357 734 2403 separati,
760 2365 789 2391 et
811 2368 996 2391 exeommu-

248 2407 344 2442 nicati
365 2414 571 2442 recesserunt.
608 2405 700 2441 Unde
728 2418 785 2440 nos
813 2406 995 2452 praedicto-

249 2469 320 2492 rum
346 2464 525 2491 sanctorum
548 2462 663 2490 statuta
687 2456 857 2495 firmantes,
879 2467 915 2489 ex
931 2466 996 2489 au-

249 2505 391 2541 ctoritate
414 2505 499 2553 beati
519 2505 604 2539 Petri
631 2516 685 2539 eos
707 2504 745 2537 ab
767 2504 933 2538 ordinibus
966 2511 996 2537 et

249 2553 438 2602 praebendis
475 2554 627 2589 ecclesiae
662 2553 769 2588 Sancti
806 2553 930 2587 Martini
966 2553 994 2586 in

250 2611 435 2651 perpetuum
469 2603 707 2643 submovemus3
742 2611 770 2636 et
799 2603 997 2636 decernimus

1043 487 1174 520 ctissimi
1203 487 1268 527 lilii,
1291 486 1511 527 admonemus,
1540 487 1636 521 inimo
1658 497 1796 535 aposto-

1042 585 1258 619 eontumaciae
1285 585 1407 620 actibus
1433 596 1541 619 eorum
1566 597 1627 620 uon
1650 598 1796 622 commu-

1043 634 1172 671 nicetis,
1213 645 1313 681 neque
1351 634 1518 668 consilium
1554 643 1607 669 aut
1640 636 1794 671 auxilium

1041 691 1148 717 contra
1173 682 1342 718 Dominum
1372 682 1579 729 impendatis,
1603 684 1656 718 sed
1681 693 1714 719 ut
1734 685 1794 732 ipsi

1042 731 1137 766 illaesi
1174 741 1202 766 et
1231 732 1388 766 immunes
1410 744 1425 766 a
1448 732 1650 767 damnatione
1682 746 1794 770 eorum

1042 782 1261 827 permaneatis,
1290 781 1397 828 illique
1416 781 1452 815 ad
1479 782 1701 828 poenitentiam
1720 796 1794 817 con-

1040 830 1223 872 fundantur,
1252 830 1328 864 inl'ra
1343 830 1493 865 ambitum
1513 831 1647 866 civitatis
1671 841 1792 867 vestrae,

1039 892 1092 914 eos
1118 880 1297 914 cohabitare
1320 891 1381 914 non
1411 880 1607 926 permittatis,
1630 889 1659 915 et
1680 890 1711 915 ut
1728 890 1790 918 tota

1040 929 1196 975 provincia
1239 941 1346 964 eorum
1397 930 1551 976 praesenti
1602 931 1792 975 contagione

1039 978 1226 1022 mundetur,
1263 990 1389 1025 operam
1413 978 1503 1013 detis.
1532 978 1625 1021 Quod
1648 980 1710 1014 nisi
1739 980 1792 1015 se-

1037 1028 1154 1072 ceritis,
1177 1035 1207 1062 et
1234 1039 1288 1063 eos
1311 1028 1410 1073 magis
1444 1040 1538 1075 quam
1563 1029 1723 1069 iustitiam,
1759 1038 1791 1064 et

1037 1077 1169 1112 salutem
1192 1078 1366 1112 animarum
1394 1085 1567 1112 vestrarum
1595 1078 1786 1123 dilexeritis,

1038 1133 1132 1159 totius
1164 1126 1503 1161 excommunicationis
1537 1139 1645 1162 corum
1675 1128 1706 1162 in
1735 1141 1790 1164 vos

1038 1176 1211 1222 periculum
1236 1175 1402 1214 inducetis,
1425 1184 1454 1209 et
1471 1176 1546 1210 iram
1567 1176 1623 1211 Dei
1647 1177 1676 1211 in
1698 1190 1790 1224 prae-

1036 1225 1115 1258 senti
1157 1233 1187 1258 et
1216 1225 1245 1259 in
1270 1225 1371 1259 sutura
1401 1224 1460 1259 vita
1488 1225 1556 1260 sine
1591 1225 1687 1261 dubio
1713 1239 1790 1261 sen-

1038 1274 1129 1308 tietis.
1159 1274 1222 1308 Eos
1245 1286 1329 1318 vero,
1352 1273 1404 1320 qui
1426 1274 1498 1318 illis,
1522 1286 1560 1308 ne
1583 1275 1613 1309 in
1636 1276 1787 1322 superbia

1036 1335 1090 1357 sua
1120 1332 1333 1369 permaneant,
1356 1331 1385 1357 et
1408 1323 1664 1368 confundantur,
1693 1326 1789 1359 resti-

1037 1373 1147 1413 terint,
1183 1374 1279 1418 gratia
1314 1372 1394 1407 beati
1423 1372 1507 1407 Petri
1540 1374 1788 1409 remunerandos

1036 1434 1202 1456 censemus
1230 1430 1258 1456 et
1294 1421 1517 1468 promittimus.
1556 1422 1634 1456 Data
1665 1422 1787 1459 Romae

1037 1471 1178 1505 kalendis
1200 1470 1349 1510 octobris,
1367 1471 1549 1506 ‘indictione
1575 1472 1674 1506 tertia.

1083 1528 1144 1558 Dat.
1164 1529 1210 1558 die
1233 1530 1243 1558 1
1265 1528 1395 1559 octobris
1419 1538 1495 1558 anno
1515 1528 1628 1558 Domini
1650 1528 1734 1567 1079,

1279 1568 1381 1607 pontif.
1398 1577 1474 1598 anno
1493 1577 1541 1598 vti.

1354 1635 1488 1643 —-

1392 1709 1429 1744 L.

1062 1792 1177 1825 lteram
1208 1791 1483 1825 excommunicatio
1516 1791 1645 1824 Ilenrici
1672 1790 1762 1834 reyt's.

1303 1870 1517 1901 St‘ttttattttat

1037 1940 1181 1971 Invocatio
1204 1942 1356 1972 beatorum
1379 1940 1455 1970 Petri
1483 1945 1511 1969 et
1532 1939 1626 1969 Pauli.
1649 1957 1688 1962 —
1710 1939 1788 1969 lIen-

1075 1982 1168 2010 sicum
1193 1983 1267 2011 alias
1288 1980 1473 2010 humiliatum
1492 1981 1555 2018 ipse
1581 1980 1712 2010 Pontifex
1736 1979 1790 2008 ab·

1077 2021 1172 2058 solvit,
1192 2026 1222 2050 ut
1241 2022 1315 2050 inter
1334 2029 1400 2049 enin
1428 2025 1456 2049 et
1477 2020 1634 2059 episcopos
1654 2024 1681 2048 et
1709 2019 1791 2058 prin-

1075 2061 1156 2100 cipes
1177 2071 1230 2100 pax
1248 2064 1483 2099 componeretur.
1511 2076 1552 2081 ——
1583 2059 1637 2088 Sed
1662 2058 1787 2088 Ilenrieo

1077 2101 1221 2138 promissa
1241 2110 1298 2129 non
1325 2100 1509 2135 observante,
1522 2098 1623 2128 luitab
1647 2098 1717 2133 illis,
1737 2098 1786 2126 in-

1077 2141 1138 2169 scio
1151 2140 1237 2178 Papa,
1250 2140 1361 2168 electus
1374 2139 1402 2168 in
1419 2148 1516 2176 regem
1534 2139 1591 2167 dux
1603 2137 1788 2175 liudulphus,

1076 2180 1126 2217 qui
1146 2180 1239 2217 Papae
1266 2180 1435 2208 fidelitatem
1457 2178 1540 2207 vovit.
1557 2194 1597 2199 —
1614 2177 1733 2206 llenrici
1760 2180 1789 2206 et

1076 2219 1223 2257 Rodulplii
1247 2228 1335 2248 causa
1368 2218 1403 2247 ad
1436 2217 1543 2256 Papam
1576 2216 1727 2250 devoluta,
1749 2231 1790 2238 —-

1076 2258 1131 2293 Qui
1154 2259 1188 2287 de
1218 2259 1271 2287 lioc
1290 2258 1317 2287 in
1347 2257 1501 2286 Germania
1525 2256 1703 2294 colloquium
1725 2255 1789 2284 steri

1077 2299 1192 2334 statuit,
1221 2298 1354 2335 illudque
1376 2297 1570 2335 impedientes
1590 2294 1790 2324 excommuni-

1076 2338 1161 2367 cavit.
1185 2354 1224 2359 —-
1250 2337 1392 2366 llenricus
1411 2341 1507 2365 autem
1531 2335 1603 2364 illud
1627 2334 1790 2373 impedivit,

1077 2382 1104 2406 et
1130 2377 1212 2414 regni
1231 2376 1406 2406 desolationi
1428 2386 1459 2405 se
1489 2375 1577 2404 dedit.
1609 2392 1650 2396 —
1681 2374 1789 2403 lterum

1077 2417 1357 2446 excommunicatur.
1385 2431 1425 2437 --
1447 2415 1666 2453 Deponiturque
1686 2422 1788 2450 regno,

1076 2456 1180 2485 solutis
1199 2465 1213 2484 a
1243 2456 1406 2484 iuramento
1432 2454 1564 2484 vassalis.
1582 2471 1622 2476 —
1639 2453 1790 2490 llodulplii

1077 2496 1181 2525 electio
1203 2496 1404 2524 confirmatur.
1427 2510 1467 2516 —
1487 2493 1656 2533 Imploratio
1687 2492 1790 2522 auxilii

1076 2534 1130 2564 BB.
1149 2535 1224 2564 Petri
1247 2539 1275 2564 et
1298 2534 1390 2563 Pauli.

1086 2601 1181 2635 Beate
1207 2601 1300 2635 Petre
1328 2600 1474 2647 princeps
1499 2600 1732 2647 apostolorum,
1756 2605 1787 2632 et

251 2653 309 2698 ita,
339 2660 375 2688 ut
395 2652 515 2688 nullum
541 2652 693 2700 deinceps
727 2651 808 2687 inter
829 2651 997 2686 canonicos
1038 2659 1070 2686 tu
1093 2651 1128 2684 Β.
1154 2650 1248 2685 Paule
1280 2650 1390 2685 doctor
1410 2649 1572 2697 gentium,
1598 2648 1787 2695 dignamini,

1818 306 1838 332 Α

1842 313 1867 333 n.
1880 306 1908 334 C.
1929 306 2000 335 ‘2079

1833 2624 1941 2645 lnvoratio
1951 2624 2001 2645 bea-

1815 2654 1835 2671 lo

1817 2680 1836 2698 l'.

1838 2658 1882 2692 rn'm
1900 2651 1957 2672 Petri
1982 2654 2003 2672 et
