2180 3205
168 250 218 278 An.
237 251 264 279 C.
287 253 352 279 ¹1th

175 1201 344 1223 Decimasbonn-

161 1240 205 1254 rum
226 1234 343 1254 huiusmodi

161 1271 173 1285 a
193 1266 276 1285 nemine
297 1265 344 1285 exi-

161 1297 240 1322 gendas
249 1297 345 1318 declara-

160 1452 268 1474 Monaehis
283 1456 342 1476 vero,

179 1485 324 1504 ordinationes

160 1516 266 1541 recipere,
287 1515 343 1534 atta-

160 1547 255 1573 riu-nque
268 1551 344 1566 conse-

183 1578 290 1597 crationes
305 1583 317 1597 n

160 1608 286 1635 quolibucrit
301 1608 345 1633 epi-

161 1645 225 1665 scopo
241 1640 342 1660 concedi-

161 1669 343 1690 tui-Botiien.sede

173 1797 285 1819 Decretum
302 1800 342 1819 im-

167 1830 275 1849 muninus
291 1836 328 1856 pro

160 1863 250 1880 monast.
261 1861 340 1887 quiete.

171 2149 250 2170 Solitae
267 2150 327 2172 clau-

217 2181 283 2202 sulae.

417 245 486 276 aas:

943 255 1068 278 Imrmn
1075 257 1081 277 1
1088 256 1133 278 tut
1160 256 1323 279 ROMANUM

365 306 538 345 Sar-onarii,
566 320 709 341 mansum
737 307 858 350 Ugnnis
896 308 1012 342 Albvrii
1048 309 1111 342 Da·
1155 310 1183 343 iu
1232 319 1371 345 extremo
1413 311 1556 345 examine
1596 311 1753 348 districtae
1792 314 1901 349 ultioni

364 357 483 401 gatarii,
507 369 648 390 mausum
672 357 768 391 Vallis
798 357 995 397 Laui-iculae,
1024 371 1112 392 man-

364 418 433 439 sum
468 405 506 439 de
541 406 700 444 l‘radvllo,
743 419 885 441 mans-um
925 407 1040 441 Borelli
1073 408 1111 442 ‹h-

364 453 469 496 Sarto,
496 467 638 489 mansum
663 455 874 496 Somemarii,
904 469 1047 491 mansum
1073 457 1111 491 de

363 502 492 543 Svlaro,
530 516 674 539 mansum
712 505 750 539 de
783 505 929 549 Maliolis,
965 519 1108 541 mansum

363 552 581 595 Quoquorum,
609 567 753 588 mansum
786 554 900 589 Petroli
934 564 962 589 et
984 555 1110 590 loannis

362 601 400 635 de
428 601 571 645 Caniulo,
599 613 713 638 sortem
741 616 833 638 unam
858 604 888 638 in
917 604 1008 646 Lobi,
1040 618 1111 639 sor-

361 658 422 684 tem
449 664 540 685 unam
566 652 595 686 in
621 653 750 691 Palatio,
772 662 803 688 et
823 666 952 688 censum
968 654 1005 688 dc
1020 653 1110 689 Cori-

362 700 460 741 nollo,
485 701 622 735 braidam
646 702 685 737 de
713 703 830 745 Ponte,
859 703 996 737 braidam
1026 704 1108 739 iuxta

360 748 524 784 Fossatum
549 751 586 785 dc
615 751 745 793 Batalia,
768 752 906 787 braidam
931 752 960 786 in
989 752 1109 800 Campo

360 797 487 839 Tulini,
521 800 660 835 braidam
690 802 720 835 iu
757 801 875 846 Pigno,
908 801 1046 836 braidam
1077 803 1107 836 iu

361 847 561 889 Mai-zetum,
595 859 716 897 pratum
750 851 831 898 quod
859 851 975 886 divitur
996 851 1110 886 Codo-

360 898 516 943 guarium,
551 911 621 933 cum
647 900 745 934 vineis
771 900 828 935 sibi
862 900 1029 939 adiunctis,
1063 901 1110 934 vi-

360 959 450 981 neam
470 948 547 982 intra
564 949 731 992 civitatem,
754 958 783 983 et
801 949 994 989 molendinag
1017 962 1110 996 quae-

358 1008 495 1044 cumque
513 998 604 1032 etiam
626 999 779 1043 praefatus
795 998 1107 1046 Simon-episcopus,

358 1046 405 1080 i‘cl
432 1056 647 1082 antecessores
680 1049 762 1089 eius,
790 1049 854 1083 sire.
888 1048 996 1083 Aluisa
1031 1061 1109 1083 uxor

358 1096 551 1130 man-tunnis
569 1096 707 1131 Marcelli
730 1110 800 1132 cum
823 1097 892 1131 [iliis
913 1098 991 1136 suis,
1020 1098 1108 1132 vobis

358 1145 583 1179 rationabiliter
609 1147 841 1186 concesserint,
869 1147 1011 1181 similiter
1031 1159 1109 1181 con-

361 1193 530 1230 firmamus.
560 1194 642 1230 Sane
664 1195 804 1230 laborum
822 1204 1008 1235 vestrorum,
1028 1209 1108 1243 quos

361 1245 493 1289 propriis
525 1244 671 1278 manibus
706 1254 735 1279 et
768 1245 946 1291 sumptibus
985 1246 1107 1290 colitis,

359 1293 424 1327 sire
440 1293 479 1327 de
499 1294 698 1328 nutrimentis
716 1295 897 1329 animalium
922 1304 1106 1335 vestrorum,

359 1342 464 1376 nullus
477 1344 607 1377 omnino
631 1344 763 1379 clericus
786 1345 830 1378 vet
850 1344 949 1378 laicus
971 1344 1107 1379 decimas

358 1403 372 1424 a
402 1392 490 1426 vobis
518 1394 644 1439 exigere
672 1401 861 1440 praesumat.
889 1393 922 1428 Si
954 1406 1026 1429 vero
1054 1406 1107 1429 ea-

358 1440 428 1475 dem
452 1442 642 1488 episcopalis
667 1443 757 1478 sedes
781 1443 951 1483 vacaverit,
980 1444 1026 1477 vel
1055 1457 1107 1478 ca-

360 1490 510 1525 tbolieum
534 1492 716 1538 episcopum
742 1505 803 1526 non
832 1492 985 1532 babuerit,
1012 1492 1107 1527 Chri-

358 1551 446 1577 sma,
488 1540 601 1575 Oleum
642 1549 784 1575 sanctum
800 1568 808 1584 ,
855 1542 1107 1577 consecrationes

358 1589 520 1627 altarium,
555 1603 611 1625 seu
645 1590 861 1634 basilicarum,
895 1590 1108 1626 ordinationes

359 1637 585 1673 ecclesiasticas
606 1652 621 1674 a
646 1652 835 1686 quocunque
855 1640 1026 1675 malueritis
1046 1641 1107 1687 epi-

359 1699 466 1734 seopo,
492 1688 578 1723 vobis
597 1689 757 1735 suscipere
777 1689 876 1723 liceat.
899 1689 1107 1724 Decernimus

358 1748 455 1781 ergo,
490 1746 521 1771 ut
550 1738 626 1772 nulli
660 1739 791 1772 omnino
819 1738 980 1772 bominum
1017 1738 1107 1774 liceat

360 1785 530 1829 praefatum
565 1788 788 1822 monasterium
825 1795 943 1822 temere
981 1796 1106 1834 pertur-

359 1834 448 1877 bare,
477 1844 529 1870 aut
555 1837 624 1871 eius
651 1837 866 1884 possessiones
893 1837 1030 1877 auferre,
1058 1838 1104 1872 vel

357 1884 476 1918 ablatas
499 1886 642 1925 retinere,
669 1886 822 1926 minuere,
856 1899 911 1920 seu
934 1887 1107 1933 quomodo—

357 1933 431 1967 libet
455 1933 598 1980 fatigare3
625 1935 679 1970 sed
707 1936 813 1970 omnia
835 1935 952 1981 integra
976 1948 1106 1970 conser-

356 1991 470 2017 ventur
484 1996 605 2027 eorum,
631 1997 685 2031 pro
707 1997 840 2031 quorum
856 1985 1106 2020 substentatione

356 2040 386 2066 et
419 2032 646 2078 gurbei-natione
681 2046 830 2068 concessa
863 2042 956 2074 sunt,
992 2035 1105 2069 usibus

355 2082 547 2118 omnimodis
569 2083 746 2129 profutura:
774 2084 854 2118 salva
880 2083 1002 2118 Summi
1026 2084 1106 2118 Pon—

355 2130 449 2166 tilieis
475 2133 622 2167 canonica
648 2133 772 2167 iustitia.
808 2133 840 2168 Si
868 2146 928 2180 qua
953 2133 1047 2179 igitur
1074 2134 1103 2168 in

357 2180 494 2215 futurum
509 2182 718 2216 ecelesiastica
734 2182 940 2217 saecularisve
962 2195 1104 2228 persona,

355 2228 436 2263 lianc
452 2241 574 2266 nostrae
588 2232 973 2278 constitutionispaginam
989 2233 1104 2271 sciens,

356 2288 462 2313 contra
485 2292 553 2314 eam
583 2289 699 2315 temere
727 2293 830 2315 venire
858 2289 1032 2321 tentaverit,
1059 2294 1106 2316 se-

356 2329 460 2363 cundo
482 2330 609 2364 tertiove
631 2331 834 2372 commonita,
860 2331 885 2364 si
905 2343 966 2365 nou
984 2339 1102 2365 reatum

357 2388 449 2411 suum
488 2391 625 2424 congrue
663 2379 882 2414 satisfaciendo
917 2380 1102 2424 correxerit,

357 2428 517 2472 potestatis
544 2428 732 2475 honorisque
755 2429 802 2463 sui
819 2429 968 2475 dignitate
989 2438 1102 2473 careat,

357 2487 504 2522 reamque
526 2489 558 2511 se.
581 2477 684 2511 (livino
704 2477 818 2512 iudicio
836 2479 967 2513 existere
983 2479 1020 2512 de
1039 2492 1104 2524 pcr-

357 2534 472 2570 petuita
502 2526 661 2572 iniquitate
688 2535 874 2573 cognoseat,
902 2536 931 2562 vt
957 2541 971 2561 a
999 2541 1102 2562 saera-

357 2574 475 2607 tissimo
502 2575 640 2621 Corpore
662 2588 697 2608 ac
722 2577 883 2621 Sanguine
909 2577 948 2611 D.
976 2577 1012 2613 N.
1037 2577 1103 2612 Re-

356 2621 529 2670 demptor-is
555 2624 625 2659 lesu
652 2624 767 2659 Clu-isti
792 2626 890 2661 aliena
919 2628 981 2668 liat,
1010 2636 1102 2674 atquc

1154 359 1321 394 subiaceat.
1345 359 1477 395 Cunctis
1503 369 1604 395 autem
1627 362 1728 396 eidem
1757 361 1825 398 loco
1847 375 1902 399 sua

1154 411 1217 442 iura
1250 409 1448 444 servantibus
1486 410 1525 444 sit
1557 422 1614 456 pax
1646 410 1771 445 Domini
1805 413 1902 447 nostri

1154 457 1221 491 lesu
1237 457 1371 499 Cbristi;
1394 468 1549 505 quatenus
1566 468 1596 493 et
1616 459 1665 494 liic
1684 459 1784 495 bonae
1802 463 1902 496 actio-

1153 507 1201 541 nis
1223 507 1357 542 fructum
1379 508 1563 554 percipiant,
1580 516 1610 543 et
1624 508 1705 555 apud
1726 509 1900 545 districtum

1154 556 1290 592 ludicem
1316 558 1451 603 praemia
1466 566 1610 592 aeternae
1629 559 1714 605 pacis
1729 559 1902 596 inveniant.

1152 606 1266 645 Amen,
1293 619 1398 651 amen,
1424 619 1516 642 amen
1533 609 1590 651 (1).

1255 656 1275 676 0

1453 729 1600 765 LXXXI.

1152 797 1325 836 Decretum,
1360 805 1391 831 ut
1425 799 1458 831 in
1490 799 1682 832 monasteriis
1715 799 1754 832 ab
1790 800 1901 833 Ottone

1200 847 1401 891 Bamberqen.
1417 849 1554 892 episcopo
1575 848 1715 891 fundatis
1736 849 1814 881 idem
1827 861 1901 882 sem-

1195 908 1252 940 per
1288 899 1363 929 ordo
1395 908 1452 941 pro
1485 897 1644 941 reli'yiom's
1670 904 1697 930 et
1720 898 1899 942 disciplinae

1197 947 1369 989 spiritualis
1400 947 1567 979 stabilitate
1599 954 1689 991 alque
1718 948 1900 981 immutabi-

1198 996 1282 1028 litate
1303 1003 1495 1028 conservetur
1517 999 1571 1038 (⁹2).

1149 1068 1318 1097 Innocentius
1338 1070 1477 1106 episcopus
1497 1077 1591 1099 servus
1615 1078 1752 1100 servorum
1779 1070 1834 1104 Dei,
1855 1078 1898 1099 ve·

1194 1118 1309 1146 net-abili
1336 1118 1420 1148 fratri
1440 1119 1528 1148 Ottoni
1547 1119 1736 1156 Bambergensi
1763 1119 1896 1156 episcopo.

1193 1168 1302 1204 eiusque
1322 1170 1522 1198 suecessoribus
1540 1169 1665 1198 canonice
1690 1169 1897 1202 substituendis,

1194 1218 1309 1247 salutem
1328 1220 1356 1248 et
1375 1219 1552 1255 apostolicam
1567 1219 1787 1248 benedictionem.

1197 1286 1352 1328 Quotiens
1383 1299 1399 1321 a
1427 1286 1517 1321 nobis
1553 1287 1669 1334 petitur
1690 1286 1780 1331 illud,
1813 1287 1897 1334 quod

1151 1336 1291 1382 religioni
1314 1345 1343 1370 et
1365 1336 1520 1370 honestati
1543 1337 1710 1370 convenire
1731 1337 1899 1382 cognosci-

1149 1393 1209 1429 tur,
1233 1386 1337 1419 auimo
1367 1398 1422 1420 nos
1449 1386 1539 1420 decet
1567 1385 1674 1420 libenti
1705 1385 1897 1430 concedere,

1149 1444 1177 1469 et
1205 1447 1380 1480 congruum
1408 1435 1559 1481 impartiri
1586 1434 1780 1481 suffragium,
1806 1443 1839 1469 ut
1861 1435 1897 1469 fi-

1149 1485 1227 1518 delis
1249 1484 1374 1519 devotio
1401 1484 1534 1519 celerem
1561 1484 1710 1518 sortiatur
1736 1484 1895 1519 effectum.

1149 1534 1297 1573 Proinde,
1321 1533 1506 1568 venerabilis
1532 1533 1625 1568 frater
1639 1532 1713 1568 Otto
1735 1534 1896 1580 episcope,

1149 1584 1309 1630 petitionis
1331 1583 1496 1617 desideriis
1522 1591 1592 1617 tuae
1618 1596 1654 1617 ex
1677 1591 1826 1618 consucta
1842 1582 1896 1618 Se·

1148 1633 1197 1667 dis
1220 1633 1419 1679 Apostolicae
1451 1631 1694 1666 mansuetudine
1724 1633 1896 1668 clementer

1148 1683 1335 1722 annuimus;
1366 1695 1396 1716 in
1427 1682 1536 1729 primis
1562 1681 1719 1736 siquidem
1746 1690 1895 1716 statuen-

1149 1740 1210 1774 tes,
1245 1740 1277 1766 ut
1300 1740 1388 1766 tenor
1411 1731 1583 1777 religionis
1610 1731 1662 1778 qui
1685 1732 1716 1765 in
1743 1730 1895 1766 Ecclesiis

1147 1780 1202 1815 tibi
1231 1781 1408 1815 commissis
1434 1789 1480 1815 est
1503 1793 1557 1827 per
1580 1789 1663 1814 tuam
1686 1780 1894 1826 diligentiam,

1147 1838 1336 1877 cooperante
1354 1830 1503 1870 Domino,
1521 1830 1692 1870 institutus,
1715 1830 1844 1864 firmiter
1863 1831 1894 1864 in

1147 1880 1192 1914 eis
1236 1880 1394 1925 perpetuis
1440 1878 1635 1926 temporibus
1680 1887 1892 1914 conservetur.

1147 1928 1379 1964 Censtituimus
1392 1929 1496 1969 etiam,
1520 1937 1553 1963 ut
1567 1929 1596 1962 in
1608 1929 1726 1963 eisdem
1742 1928 1895 1963 Ecclesiis

1148 1978 1253 2012 nullus
1286 1991 1340 2024 per
1362 1979 1566 2013 simoniacam
1594 1977 1746 2012 baeresim
1773 1986 1894 2012 statua-

1147 2036 1213 2070 tur,
1227 2028 1289 2062 “sed
1307 2028 1455 2062 honestae
1469 2039 1632 2075 personae,
1648 2026 1765 2074 quibus
1784 2028 1894 2074 utique

1146 2089 1270 2112 morum
1305 2085 1336 2112 et
1370 2086 1469 2112 status
1505 2076 1642 2123 dignitas
1684 2076 1892 2123 suffragatur,

1146 2126 1222 2160 inibi
1245 2126 1440 2161 ordinentur.
1465 2126 1549 2161 Sane
1576 2127 1604 2160 in
1621 2125 1795 2166 coenobiis,
1811 2138 1893 2173 quae
1912 2146 1913 2149 =

1147 2178 1193 2210 vel
1220 2176 1393 2222 antiquitus
1420 2177 1449 2210 in
1470 2184 1520 2211 tua
1544 2175 1690 2222 parocbia
1712 2183 1892 2211 constructa

1145 2234 1229 2280 sunt,
1256 2226 1303 2260 vel
1325 2233 1357 2260 tu
1382 2226 1448 2273 ipse
1470 2225 1647 2260 devotionis
1672 2225 1789 2260 intuitu
1811 2237 1892 2260 eou-

1145 2275 1284 2318 stituisti,
1314 2287 1370 2309 seu
1401 2275 1471 2310 aliis
1497 2275 1587 2309 iustis
1607 2274 1712 2308 modis
1732 2274 1891 2309 Ecclesiae

1146 2333 1214 2359 tuae
1236 2325 1324 2358 unire
1343 2324 1468 2370 poteris
1492 2323 1538 2359 vel
1560 2324 1598 2358 ab
1619 2323 1724 2371 aliquo
1742 2324 1891 2371 deinceps

1146 2373 1284 2408 fidelium
1308 2373 1385 2408 infra
1413 2382 1496 2408 tuam
1519 2373 1700 2415 dioecesim,
1727 2373 1853 2408 divina
1846 2385 1891 2408 in-

1143 2424 1280 2469 spirante
1306 2424 1414 2470 gratia,
1441 2431 1674 2464 construentur,
1701 2435 1805 2458 sacrae
1839 2435 1890 2457 re-

1178 2487 1217 2522 (Ι)
1234 2489 1421 2524 Cbronologica
1442 2494 1500 2516 nota
1531 2489 1616 2520 nulla;
1642 2489 1805 2523 Margarinus
1825 2496 1889 2515 vero

1142 2529 1237 2554 asserit
1253 2529 1306 2556 dat.
1320 2530 1434 2564 diploma
1451 2529 1492 2556 die
1506 2530 1521 2556 8
1537 2530 1623 2555 martii
1643 2529 1703 2555 anni
1734 2529 1809 2555 ¹102.
1832 2530 1886 2555 Ac-

1142 2572 1232 2594 curate
1249 2569 1417 2603 praeciseque
1432 2569 1538 2604 quidem
1555 2569 1639 2595 nimis.
1678 2568 1717 2603 (2)
1735 2569 1820 2595 Edidit
1835 2569 1887 2596 Ca-

1143 2608 1233 2639 nisius,
1248 2609 1337 2643 Antiq.
1356 2609 1439 2641 Lect.‚
1452 2613 1514 2635 tom.
1528 2616 1556 2640 tt,
1574 2608 1617 2635 lib.
1637 2616 1644 2635 1
1663 2608 1734 2635 Vitae
1750 2609 1817 2635 beat:
1834 2608 1886 2636 Ot-

1143 2648 1210 2675 touis
1225 2649 1339 2684 scriptae
1354 2649 1388 2676 al)
1406 2653 1515 2676 auctore
1530 2648 1789 2684 anony-sinchrono.

1920 259 1968 286 An.
1987 259 2014 287 C.
2035 259 2102 287 ¹142

1935 1293 2067 1318 Pron-mium.

1914 1941 2028 1963 Decretum
2042 1941 2082 1964 PP.
