2180 3205
150 247 198 272 An.
221 246 251 273 C.
266 244 332 273 1070

174 462 245 482 Perna
259 464 332 481 ronti-:t

149 488 331 513 nutaturespriti·

144 514 196 535 lxii
211 515 318 540 pontificii.

170 1562 290 1583 Exordium.

183 2329 317 2349 slwntirmnti]

160 2357 317 2382 priiilegisurniu

156 2383 255 2408 pontifici.
266 2388 275 2402 r
285 2389 321 2401 nu.

155 2412 175 2429 et
210 2409 311 2428 how-rum
322 2424 326 2429 ,

156 2442 210 2461 quae
226 2435 259 2454 hit:
276 2441 325 2454 enu-

155 2465 268 2483 ructantur.

418 220 464 253 58

366 283 519 331 quidquid
542 282 652 317 iniuria
673 281 927 328 praenominatae
948 279 1110 314 Ecclesiae

366 335 398 368 in
424 333 561 368 alienum
589 330 771 366 transferre:
808 329 891 364 salva
919 329 1027 363 matris
1051 328 1112 363 Ec-

364 382 478 417 clesiae
492 409 500 420 .
536 389 565 415 et
600 379 719 426 proprii
755 378 895 425 episcopi
925 378 1107 412 reverentia.

363 431 513 478 Quisquis
530 438 634 464 autem
657 428 823 462 temerario
841 439 918 462 ausu
941 427 1035 461 huius
1051 439 1109 461 no-

363 490 444 515 strae
487 477 660 513 sanctionis
694 477 891 524 privilegium
928 475 1109 522 infregerit,

362 529 419 563 nisi
448 527 630 574 resipuerit,
653 526 774 560 noverit
795 538 828 559 se
850 525 1109 559 excommunica-

362 578 455 612 tionis
472 584 565 622 atque
584 575 790 609 anathematis
812 573 938 608 vinculo
959 574 1109 608 innodan-

361 626 448 660 dum.
476 625 517 659 At
539 636 611 659 vero
639 624 690 670 qui
723 625 775 670 pio
804 623 918 657 intuitu
951 630 1056 657 custos
1078 630 1108 656 et

361 675 545 710 observator
571 673 728 713 extiterit,
769 680 937 719 perpetuae
974 671 1107 705 benedi—

361 724 474 758 ctionis
496 722 686 757 abundantia
709 722 874 768 repleatur.
902 721 1017 755 Datum
1044 720 1107 754 La-

361 774 457 808 terani
481 785 506 807 11
532 771 592 806 kal.
620 770 710 817 april.
735 782 789 817 per
808 782 919 804 manus
940 769 1024 803 Petri
1039 768 1105 803 Cle-

361 823 427 862 rici,
449 821 607 865 fungentis
629 831 760 854 munere
782 819 864 853 Petri
887 826 1011 853 sanctae
1041 817 1106 852 Ro-

360 883 470 906 manae
495 870 654 904 Ecclesiae
676 868 856 907 cardinalis,
879 879 913 901 ac
935 866 1105 901 bibliothe-

359 921 445 959 carii,
468 931 549 954 anno
572 918 610 952 ab
627 917 839 951 incarnatione
858 916 984 950 Domini
1005 928 1104 960 nux,

360 969 562 1016 pontificatus
583 967 621 1001 D.
646 965 817 1001 Alexandri
835 965 861 999 ll
882 965 984 1012 Papae
1008 977 1104 1009 nono,

360 1019 467 1052 indict.
494 1029 566 1051 vlu.

412 1074 474 1105 Dat.
492 1073 540 1104 die
558 1073 592 1102 31
611 1072 708 1101 martii
727 1080 803 1100 anno
820 1070 934 1099 Domini
958 1070 1048 1106 1070,

520 1112 623 1152 pontif.
641 1110 797 1141 Alexandri
815 1119 890 1139 anno
910 1118 945 1139 xx.

691 1229 764 1264 XX.

357 1304 556 1349 Confirmatio
589 1303 824 1348 privileyiorum
857 1301 1002 1334 Arect'nue
1041 1301 1103 1333 Ec-

404 1355 511 1387 clesiae
551 1354 589 1386 ab
633 1351 869 1386 antecessoribus
904 1351 1103 1394 Pontificibus

405 1414 613 1436 concessorum
642 1404 698 1445 (1).

626 1469 839 1502 SUMMARILVM

354 1538 542 1569 Confirmatio
565 1537 784 1576 privilegiorum
812 1535 1043 1574 pontificiorum3
1077 1538 1103 1563 et

395 1578 537 1607 honorum
557 1586 632 1616 quae
652 1576 699 1605 hic
717 1579 936 1604 enumerantur.
963 1590 1003 1595 ·—-
1023 1572 1101 1602 Con-

394 1618 520 1647 firmatio
537 1616 784 1655 permutationum
801 1615 932 1642 omnium
950 1613 1102 1651 hucusque

393 1657 548 1686 factarum.
575 1672 614 1678 —
638 1655 790 1684 Decretum
810 1653 954 1682 libertatis
982 1661 1102 1681 eorum-

393 1697 459 1726 dem
479 1696 633 1725 bonorum.
656 1711 696 1716 —
715 1693 774 1723 Sub
794 1692 988 1722 anathematis
1008 1692 1102 1721 inter-

396 1736 565 1765 minatione.

354 1797 504 1826 Alexander
523 1796 662 1832 episcopus
686 1802 781 1823 servus
800 1800 939 1822 servorum
958 1793 1013 1826 Dei,
1037 1793 1102 1821 Gon·

401 1842 523 1870 stantino
542 1841 665 1876 episcopo
683 1840 810 1868 aretinae
835 1839 967 1867 Ecclesiae
992 1838 1104 1873 eiusque

400 1886 598 1915 successoribus
613 1884 810 1921 promovendis.
829 1884 861 1926 iu,
875 1885 1043 1919 perpetuum.

406 1948 563 1984 Convenit
599 1947 773 1995 apostolico
813 1945 1021 1981 moderamini
1055 1945 1103 1991 pia

356 1998 510 2045 religione
544 1996 736 2044 pollentibus
777 1995 929 2030 benevola
959 2006 1104 2040 compas-

356 2047 445 2082 sione
466 2058 663 2087 succurrere,
698 2054 729 2080 et
755 2045 952 2092 poscentium
990 2043 1103 2077 animis

335 2096 447 2131 'alacri
479 2095 646 2130 devotione
678 2093 830 2140 impertiri
865 2104 1041 2128 assensum.
1068 2100 1103 2125 ut

356 2157 404 2189 ea,
425 2157 506 2192 quae
528 2154 609 2179 mota
629 2152 659 2179 et
672 2143 812 2190 legaliter
826 2142 1000 2177 examinata
1019 2148 1102 2181 sunt,

357 2202 451 2241 atque
475 2194 661 2228 authoritate
686 2192 818 2232 firmata,
842 2191 1003 2238 perpetuis
1023 2197 1104 2224 tem-

357 2243 488 2290 poribus
514 2250 661 2277 maneant
687 2242 882 2276 inconcussa.

407 2293 606 2339 Quapropter
628 2291 725 2326 nostri
760 2289 961 2337 pontificatus
991 2287 1105 2322 autho-

360 2341 458 2376 ritatis
481 2348 683 2387 praeceptum
710 2339 775 2374 fieri
797 2338 1010 2377 decrevimus;
1033 2348 1106 2371 con-

360 2390 521 2424 firmantes
542 2390 661 2424 scilicet
686 2396 811 2423 sanctae
845 2387 931 2422 sedis
957 2385 1105 2434 Aretinae

358 2438 530 2482 Ecclesiae,
549 2451 628 2485 quae
647 2437 686 2472 ab
703 2436 957 2472 antecessoribus
978 2435 1104 2473 nostris.

359 2487 468 2522 Leone
495 2487 651 2531 videlicet,
678 2495 708 2521 et
733 2486 906 2532 Stephano,
930 2492 1023 2530 atque
1046 2483 1106 2517 Pa-

360 2536 472 2579 schali,
498 2536 669 2577 Hadriano,
698 2535 834 2574 Victore,
853 2535 927 2568 item
945 2531 1107 2579 Stephano

394 2597 434 2634 (t)
450 2597 489 2624 Ex
506 2596 607 2632 Ughell.
625 2596 683 2622 Ital.
701 2595 760 2623 Sac.
783 2598 847 2622 tom.
865 2602 884 2622 1.

924 224 1112 247 brunum!
1140 223 1301 247 ROMANUM

1152 278 1306 313 Pontifice
1332 289 1428 319 nono,
1464 289 1519 324 per
1543 280 1707 326 apostolici
1741 281 1893 328 privilegii

1151 327 1264 362 seriem
1292 327 1386 371 iuste,
1413 327 1563 362 canonice
1596 337 1627 363 et
1653 338 1804 377 perpetuo
1828 331 1894 366 iure

1151 376 1271 411 firmata
1298 383 1382 419 sunt,
1406 375 1562 410 videlicet:

1199 425 1328 459 Plebem
1351 424 1485 459 Sanctae
1508 424 1624 460 Felicis
1646 426 1677 460 in
1699 426 1815 472 Prolio,
1832 428 1896 474 ple-

1150 473 1220 508 bem
1243 474 1376 509 Sanctae
1397 473 1512 508 Mariae
1532 474 1560 508 in
1579 473 1706 516 Pacina,
1728 477 1892 511 ecclesiam

1148 523 1255 558 Sancti
1283 523 1401 557 Ansani
1424 535 1497 557 cum
1519 523 1668 558 omnibus
1698 525 1763 559 suis
1790 526 1892 572 perti—

1149 572 1308 611 nentibus,
1332 571 1455 618 plebem
1478 571 1584 606 Sancti
1600 572 1746 613 Victoris,
1767 574 1892 620 plebem

1148 620 1253 655 Sancti
1289 621 1350 655 Viti
1379 621 1407 654 in
1440 620 1597 661 versure,
1627 621 1748 668 plebem
1786 622 1892 658 Sancti

1148 670 1282 704 Andreae
1306 671 1335 703 in
1371 669 1506 714 Maleno,
1534 669 1656 716 plebem
1688 670 1794 705 Sancti
1822 671 1894 706 Ste-

1149 719 1242 765 phani
1266 719 1295 752 in
1323 718 1493 762 Aciviano,
1516 719 1640 766 plebem
1668 719 1801 754 Sanctae
1827 720 1894 755 Ma-

1148 768 1211 802 riae
1237 768 1269 802 in
1290 766 1384 804 Pava.
1412 767 1535 813 plebem
1564 767 1697 804 Sanctae
1722 769 1839 803 Mariae
1862 769 1893 804 in

1146 816 1246 856 Saltu,
1266 816 1387 862 plebem
1405 816 1540 851 Sanctae
1559 818 1710 863 Agathae,
1725 827 1754 853 et
1768 818 1891 865 plebem

1145 865 1253 901 Sancti
1273 865 1398 899 loannis
1420 866 1449 899 in
1471 865 1623 907 Vescona,
1643 867 1766 913 plebem
1785 867 1893 902 Sancti

1145 913 1205 948 Viti
1229 915 1260 948 in
1287 914 1501 960 Corsignano,
1525 915 1647 961 plebem
1670 915 1804 951 Sanctae
1825 917 1892 950 Ma-

1146 963 1208 997 riae
1235 964 1265 997 in
1289 962 1425 1003 Cosona,
1449 963 1571 1010 plebem
1594 964 1700 999 Sancti
1723 965 1837 1000 Donati
1861 965 1892 1000 in

1145 1012 1366 1058 Sentigliano,
1406 1013 1634 1048 monasterium
1668 1013 1702 1049 S.
1739 1014 1823 1049 Petri
1858 1014 1890 1049 in

1144 1061 1226 1095 Assu
1253 1073 1324 1095 cum
1349 1062 1434 1095 omni
1462 1073 1519 1096 sua
1541 1062 1738 1108 pertinentia.

1192 1110 1356 1144 Praeterea
1383 1110 1608 1145 confirmamus
1633 1111 1736 1147 eidem
1765 1122 1892 1148 sanctae

1143 1158 1290 1193 Aretinae
1322 1158 1483 1193 Ecclesiae
1516 1160 1686 1206 praefatam
1721 1161 1890 1196 ecclesiam

1143 1207 1249 1242 Sancti
1277 1207 1396 1242 Ansani
1423 1220 1494 1242 cum
1526 1208 1675 1243 omnibus
1701 1209 1768 1243 suis
1794 1210 1893 1256 perti-

1143 1257 1311 1295 nentibns3
1346 1257 1423 1291 itaut
1459 1257 1606 1304 synodica
1632 1258 1776 1299 sanctio,
1811 1270 1893 1306 quae

1145 1314 1284 1352 tempore
1303 1305 1488 1352 Luitprandi
1507 1307 1590 1353 regis
1612 1306 1892 1353 Longobardorum

1143 1355 1224 1390 inter
1250 1355 1448 1389 Adeodatum
1470 1354 1623 1390 Senensis
1644 1356 1803 1391 Ecclesiae
1824 1357 1893 1403 epi-

1143 1416 1287 1451 scopum,
1315 1412 1344 1438 et
1369 1404 1598 1450 Lupertianum
1625 1405 1789 1439 Aretinum
1817 1405 1887 1452 epi-

1143 1465 1287 1500 scopum,
1315 1465 1371 1487 nec
1400 1465 1462 1487 non
1489 1465 1570 1499 quae
1605 1461 1745 1500 tempore
1782 1453 1890 1488 Karoli

1142 1502 1246 1548 Magni
1274 1502 1355 1536 inter
1381 1501 1564 1537 Aribertum
1600 1503 1754 1549 praefatae
1775 1503 1889 1537 Eccle-

1143 1552 1207 1586 siae
1241 1551 1390 1586 Aretinae
1424 1551 1630 1597 episcopum,
1665 1560 1695 1586 et
1728 1551 1890 1586 Andream

1144 1600 1317 1635 Senensem
1345 1600 1542 1647 episcopum,
1567 1600 1775 1635 nihilominus
1796 1612 1893 1636 cano-

1144 1650 1215 1684 nice
1237 1649 1306 1684 data
1329 1657 1391 1690 est;

1192 1699 1278 1733 Haec
1295 1706 1400 1732 nostra
1423 1697 1610 1733 authoritate
1629 1706 1782 1745 perpetuo
1801 1698 1890 1734 firma

1144 1760 1179 1783 ac
1205 1755 1268 1782 rata
1297 1746 1463 1788 habeatur;
1491 1759 1549 1782 nec
1577 1747 1642 1782 ulla
1664 1747 1813 1794 deinceps
1840 1759 1894 1782 ca-

1144 1797 1262 1832 lumnia
1276 1796 1464 1831 Senensium
1489 1797 1711 1844 episcoporum
1733 1796 1891 1832 audiatur.

1192 1846 1250 1880 His
1276 1845 1316 1880 ita
1343 1845 1572 1884 corroboratis,
1609 1845 1782 1892 apostolica
1816 1857 1894 1880 cen-

1144 1907 1216 1930 sura
1251 1894 1310 1929 sub
1343 1894 1437 1927 divini
1470 1894 1610 1928 nominis
1643 1894 1894 1939 constitutione,

1144 1953 1237 1990 atque
1259 1942 1389 1977 districti
1416 1943 1624 1977 anathematis
1651 1943 1894 1990 interpositione

1145 1992 1373 2035 interdicimus,
1395 1991 1528 2026 utnulla
1543 1991 1727 2037 quamlibet,
1749 2000 1779 2026 et
1793 2004 1894 2038 quan-

1145 2041 1290 2076 tumlibet
1315 2052 1427 2087 magna
1454 2040 1502 2074 vet
1537 2052 1629 2087 parva
1657 2053 1803 2088 persona,
1832 2052 1890 2075 seu

1145 2091 1373 2136 cuiuscumque
1400 2089 1591 2124 conditionis
1619 2090 1726 2133 homo,
1753 2098 1813 2124 tam
1851 2089 1892 2125 de

1145 2139 1291 2187 praefatis
1313 2138 1475 2185 plebibus,
1497 2146 1527 2173 et
1553 2138 1660 2173 Sancti
1695 2139 1813 2173 Ansani
1835 2138 1895 2173 ba-

1145 2189 1243 2233 silica,
1266 2200 1359 2235 quam
1382 2188 1475 2222 etiam
1497 2200 1535 2221 ex
1557 2187 1695 2227 cunctis,
1718 2199 1798 2234 quae
1817 2199 1892 2222 san-

1145 2247 1212 2273 ctae
1245 2237 1392 2272 Aretinae
1418 2236 1583 2271 Ecclesiae
1609 2236 1647 2271 de
1669 2237 1737 2271 iure
1766 2248 1895 2283 compe-

1147 2295 1227 2327 tunt,
1259 2286 1353 2321 rebus
1379 2285 1551 2320 mobilibus
1572 2285 1621 2320 vel
1655 2285 1893 2325 immobilibus,

1146 2347 1214 2371 sese
1235 2334 1445 2375 moventibus,
1464 2346 1533 2369 eam
1548 2334 1734 2381 inquietare,
1756 2346 1811 2369 seu
1830 2333 1893 2368 dis-

1146 2385 1270 2425 vestire,
1304 2383 1351 2418 vel
1371 2384 1562 2418 calumniare
1583 2391 1773 2430 praesumat.

1195 2433 1229 2468 Si
1256 2433 1328 2480 quis
1359 2440 1487 2473 antem,
1522 2432 1606 2479 quod
1633 2444 1694 2466 non
1723 2439 1893 2478 optamus,

1147 2489 1255 2517 contra
1277 2482 1336 2516 hoc
1358 2491 1481 2516 nostrae
1503 2480 1736 2516 constitutionis
1751 2480 1894 2515 edictum

1147 2531 1311 2566 temerario
1333 2543 1411 2565 ausu
1427 2531 1589 2576 insurgere
1611 2530 1787 2570 tentaverit,
1809 2529 1895 2576 quod

1149 2580 1274 2615 molitus
1296 2580 1399 2621 fuerit,
1421 2579 1618 2621 anichiletur‚
1640 2586 1671 2614 et
1692 2578 1820 2627 insuper
1849 2579 1896 2613 di-

1917 243 1964 270 An.
1985 242 2014 270 C.
2030 243 2100 271 1070

1957 1151 1972 1171 C
1987 1156 1999 1171 n
2015 1153 2069 1171 rmat
2080 1158 2091 1171 o

1918 1180 2094 1203 permutationum

1918 1209 2008 1223 omnium
2016 1203 2092 1224 hueus-

1918 1235 1959 1256 que
1981 1229 2091 1252 factarum.

1942 2217 2053 2238 Decretum
2077 2215 2100 2236 li-

1915 2244 2004 2266 bertatis
2019 2248 2100 2263 eornm-

1917 2271 1964 2292 dem
1990 2270 2098 2290 bonorum.

1943 2456 1987 2477 Sub
2013 2455 2100 2475 anathe-

1916 2483 1977 2512 matis
2008 2481 2101 2502 intonui-

1916 2512 2008 2530 natione.
