2180 3205
31 215 80 242 An.
102 215 132 242 C.
148 215 215 242 1075

567 276 682 313 XVIII.

242 351 400 396 Depositi’o
425 349 548 383 Ottom's
577 348 814 383 constantiensis
847 347 995 391 episcopi,

291 407 318 433 et
341 401 414 433 cleri
431 400 597 444 populique
611 399 760 432 absolutio
773 398 812 430 ab
824 397 995 429 obedientia

293 449 322 482 ei
338 450 527 494 praestanda
551 451 611 490 (lq).

512 514 725 547 Stant-unm!

238 579 463 610 Admonitiones
495 579 630 616 praeviae
659 576 798 616 episcopo
822 575 924 605 sactae.
955 590 994 597 —

279 619 459 649 Clericorum
483 618 574 647 libido
597 622 623 646 et
650 617 809 646 simoniaca
830 615 912 644 labes
935 623 992 644 non

280 659 426 689 serendae.
447 674 487 680 —
508 656 620 687 Ottonis
654 655 852 685 inobedientia
884 659 911 683 et
943 663 992 683 re-

278 698 380 729 bettio.
403 714 443 720 —
464 697 587 726 Iteratae
606 695 832 725 admonitiones.
854 711 893 716 —
914 692 992 723 Obe-

279 738 389 769 dientia
423 738 448 766 ei
479 745 536 766 non
569 735 764 774 praestanda,
790 735 814 763 si
838 738 994 763 contumax

278 778 415 807 extiterit.
436 792 476 798 --
502 775 606 805 Contra
626 775 715 804 Deum
740 773 923 812 superbienti
947 782 993 802 re-

278 817 455 846 sistendum.
483 832 523 837 —
543 815 636 850 Quale
659 818 810 853 peccatum
835 814 872 843 sit
891 812 993 842 inobe-

279 856 401 886 dientia.

237 923 382 959 Gregorius
406 922 546 958 episcopus
566 928 660 950 servus
684 927 822 949 servornm
838 919 893 952 Del.
913 919 992 948 cleri·

284 968 322 997 cis
339 969 368 996 ot
387 967 466 995 laicis
482 966 630 995 maioribus
647 966 675 994 et
693 965 843 993 minorihus
869 965 897 992 in
928 964 992 992 Gon·

283 1012 431 1041 stantiensi
448 1011 604 1047 episcopatu
624 1010 846 1042 consistentibus.
864 1008 992 1037 christia·

282 1063 346 1085 nam
364 1056 451 1092 legem
467 1055 656 1091 diligentibus,
678 1054 794 1083 salutem
825 1055 852 1082 et
884 1054 992 1089 aposto-

282 1101 364 1130 licam
382 1100 605 1129 benedictionem.

289 1163 436 1198 Misimus
459 1162 543 1197 sratri
573 1170 691 1205 nostro,
713 1161 863 1208 episcopo
893 1168 993 1194 vestro

240 1211 348 1248 Ottoni
371 1211 476 1247 literas
498 1211 736 1249 exhortatorias,
761 1222 816 1256 per
837 1222 917 1256 quas
938 1221 993 1256 pro

242 1261 341 1296 nostri
364 1261 549 1296 necessitate
571 1260 664 1295 officii
691 1258 860 1306 apostolica
883 1267 994 1292 aucto-

241 1310 331 1345 ritate
353 1310 548 1344 iniunximus
564 1309 618 1350 illi,
639 1317 671 1343 ut
693 1308 897 1343 simoniacam
919 1307 994 1341 hae-

240 1359 335 1394 resim
351 1358 389 1393 de
410 1358 554 1393 Ecclesia
578 1358 703 1405 penitus
726 1369 780 1391 sua
798 1356 992 1395 excluderet,

240 1415 272 1443 ct
298 1408 471 1443 castitatem
495 1406 681 1442 clericorum
704 1405 844 1441 studiose
873 1405 994 1452 praedi-

47 1470 216 1502 -ciericqmmfln-
240 1456 374 1492 caudam
397 1457 590 1502 susciperet,
619 1464 649 1489 et
673 1455 801 1489 firmiter
824 1454 991 1488 tenendam

30 1497 217 1546 ffi'ssffii'ffg'ss'sssl
242 1505 414 1553 episcopali
446 1505 604 1552 vigilantia
633 1503 816 1538 inculcaret.
845 1503 923 1537 Nam
947 1504 992 1537 sic

30 1551 117 1572 '‘mm‘'
240 1567 310 1590 eam
347 1554 439 1589 nobis
483 1553 682 1599 evangelicae
729 1561 759 1587 et
802 1552 993 1599 apostolicae

239 1603 360 1646 literae,
374 1603 625 1638 authenticarum
645 1602 838 1650 synodorum
856 1602 992 1644 decreta,

240 1663 272 1688 et
296 1653 483 1688 eximiorum
517 1652 682 1687 doctorum
721 1659 885 1698 praecepta
921 1651 994 1685 insi-

240 1711 356 1744 nuant,
378 1710 412 1737 ut
438 1714 506 1737 eam
535 1700 734 1736 dissimulare
761 1709 791 1734 et
820 1700 992 1746 negligere,

242 1752 313 1786 sine
350 1763 464 1797 magno
498 1751 620 1785 animae
657 1758 780 1785 nostrae
815 1757 846 1784 et
886 1749 992 1796 populi

241 1801 381 1836 cristiani
404 1800 614 1840 detrimento,
646 1812 708 1834 non
733 1799 900 1846 possimus.
929 1798 992 1833 Sed

241 1849 408 1897 episcopus
437 1857 555 1890 vester,
583 1857 618 1883 ut
650 1849 744 1884 nobis
773 1848 902 1882 relatum
934 1856 993 1887 est,

241 1911 324 1947 quae
351 1907 480 1946 paterne
506 1910 725 1939 suaseramus,
752 1897 903 1944 perlicere
930 1909 992 1931 non

240 1948 381 1990 curavit;
417 1957 447 1983 et
480 1956 513 1982 ut
536 1960 599 1983 nou
622 1947 724 1982 solum
748 1946 993 1990 inobedientiae,

241 2009 351 2032 verum
375 1997 469 2032 etiam
492 1997 672 2031 rebellionis
699 1996 849 2031 offensam
875 2003 995 2030 contra-

243 2046 345 2088 heret,
372 2046 643 2094 quemadmodum
671 2046 865 2092 accepimuS,
892 2044 993 2092 palam

243 2094 368 2130 clericis
389 2095 454 2130 suis
481 2095 611 2130 iussioni
642 2103 778 2138 nostrae,
802 2094 899 2128 immo
915 2094 994 2128 beati

243 2143 354 2185 Petri,
382 2144 512 2179 omnino
540 2145 696 2179 contraria
729 2143 884 2190 permisit,
921 2143 996 2176 itaut

243 2193 297 2240 qui
319 2192 522 2228 mulierculas
543 2193 729 2233 habuerant,
753 2193 938 2227 retinerent:
967 2199 996 2226 et

244 2242 299 2290 qui
329 2255 392 2278 non
412 2242 581 2285 habebant,
604 2242 710 2276 illicita
731 2241 903 2276 temeritate
920 2240 997 2275 sub-

243 2291 495 2327 introducerent.
519 2291 614 2333 Quod
636 2299 670 2325 ut
692 2290 880 2330 audivimus,
903 2289 999 2324 mole·

51 2350 222 2398 tgerataoadmo-
243 2348 291 2375 ste
313 2340 462 2380 ferentes,
484 2340 656 2375 secundam
680 2340 706 2374 ei
730 2340 915 2386 scripsimus
937 2339 997 2385 epi-

37 2383 136 2399 n¹¹⁰⁰⁰³'
243 2390 379 2430 stolam,
415 2389 643 2436 indignationis
677 2389 704 2424 ei
737 2397 862 2423 nostrae
896 2396 999 2422 motus

245 2439 468 2483 ostendentes,
490 2447 520 2474 et
548 2438 630 2473 idem
657 2446 857 2486 praeceptum
889 2438 999 2472 iterato

245 2488 351 2523 acrius
379 2489 592 2529 inculcantes,
623 2496 688 2522 tum
717 2488 810 2522 etiam
835 2487 938 2534 ipsum
962 2486 999 2520 ad

281 2558 321 2593 (l)
344 2559 382 2585 Ex
400 2560 454 2585 vita
472 2558 593 2593 Gregorii
612 2558 659 2585 Vtt
679 2557 750 2593 apud
771 2556 887 2584 Bolland.
914 2556 946 2582 ad
973 2555 1000 2582 d.

245 2597 281 2626 25
301 2599 362 2625 maii
381 2606 440 2634 cap.
460 2607 498 2625 tv.

328 2642 402 2673 Bult.
420 2642 499 2673 Rom.
529 2642 582 2673 t'ol.
601 2642 622 2672 I.
668 2646 670 2649 ’

61 1173 218 1204 Admonitinups

40 1206 142 1227 ῙΙΙῚΘῙΙΞΘ
166 1205 211 1225 012!-

33 1231 100 1254 scopo
114 1226 192 1247 tactae.

55 1876 96 1897 01¹·
105 1876 138 1897 n's
146 1876 219 1897 inobe-

33 1903 114 1950 piioentia
123 1905 144 1924 et
152 1904 219 1924 tebet-

743 2640 825 2672 “10

858 220 884 244 S.
916 218 1101 243 GREGomns
1123 218 1168 241 vtt
1192 218 1239 240 1²1².

1699 205 1744 237 73

1038 272 1193 320 synodum
1219 283 1397 310 romanam,
1417 281 1497 317 quae
1514 268 1612 316 prima
1629 269 1791 315 proximae

1037 322 1296 369 quadragesimae
1319 319 1538 354 hebdomauda
1567 327 1625 361 est,
1648 318 1790 352 advoca-

1039 372 1151 411 vimus,
1168 379 1199 404 ut
1223 383 1278 417 pro
1301 382 1333 404 se
1356 369 1508 404 rationem
1533 367 1654 411 reddat,
1670 375 1700 401 ct
1717 367 1790 401 ino-

1038 420 1214 454 bedientiae
1231 431 1354 463 causas,
1372 419 1396 452 si
1414 416 1616 452 rationabiles
1629 416 1787 457 habuerit,

1037 470 1066 503 in
1093 469 1284 503 audientiam
1319 470 1414 502 totius
1437 474 1612 502 conventus
1633 475 1786 512 exponat.

1036 517 1104 553 Hoc
1127 518 1210 563 ideo,
1233 518 1343 552 fratres
1364 516 1556 556 charissimi,
1585 515 1674 549 vobis
1701 515 1787 549 inno-

1036 568 1201 608 tescimus,
1236 575 1269 601 ut
1296 566 1419 601 animae
1447 573 1566 600 vestrae
1592 564 1684 599 saluti
1709 576 1788 598 cou-

1035 617 1186 652 sulamus.
1215 618 1248 651 Si
1277 615 1359 651 enim
1377 615 1467 649 beato
1491 614 1584 649 Petro
1607 622 1637 648 et
1658 621 1786 648 sanetae

1034 666 1108 700 Sedi
1131 666 1331 713 Apostolicae
1353 663 1453 698 fronte
1482 672 1585 709 aperta
1607 675 1787 708 repugnans

1808 207 1856 232 An.
1878 205 1905 231 C.
1926 206 1991 232 1075

1035 724 1064 749 et
1090 725 1258 750 contumax
1282 727 1350 749 esse
1378 713 1523 751 volucrit,
1552 713 1668 759 liquido
1692 712 1787 746 mani-
1822 741 1825 743 .

1035 764 1146 799 festum
1170 774 1228 806 est,
1252 765 1334 812 quod
1363 763 1415 809 qui
1439 770 1569 796 matrem
1598 762 1642 795 rel
1667 770 1785 807 patrem

1036 814 1201 849 inhonorat
1235 813 1352 848 nullam
1386 823 1402 845 a
1442 810 1587 845 fidelibus
1625 810 1719 856 patris
1755 818 1787 844 et

1035 864 1141 898 matris
1159 864 1223 898 iure
1245 862 1458 898 obedientiam
1478 860 1601 906 exigere
1623 867 1675 894 aut
1693 871 1788 906 quae-

1035 925 1103 948 rere
1129 913 1252 948 debeat.
1283 912 1452 958 Indignum
1475 918 1521 944 est
1549 909 1645 948 enim,
1674 917 1707 942 ut
1729 909 1783 954 qui

1034 962 1183 1005 magistro
1233 962 1384 996 detrectat
1429 959 1559 994 subesse
1578 985 1587 1002 ,
1636 957 1787 1004 magister

1838 995 1964 1015 Obedientia
1977 995 1994 1014 ei

1034 1011 1231 1046 auditoribus
1254 1011 1390 1058 postulet
1415 1020 1557 1055 praeesse.
1583 1007 1784 1053 Quapropter
1810 1026 1851 1042 non
1862 1021 1997 1047 praesensa.

1812 1055 1827 1067 Ι·
1840 1052 1951 1068 tuntum-21
1963 1055 1996 1068 rx·

1034 1061 1200 1099 omnibus,
1227 1061 1309 1095 sicut
1343 1058 1572 1106 praediximus,
1612 1055 1785 1090 maioribus
1810 1074 1883 1095 ,μω-μ

1034 1118 1127 1156 atque
1149 1109 1335 1147 minoribus,
1359 1108 1437 1151 Deo,
1459 1115 1488 1141 et
1504 1106 1540 1140 B.
1559 1105 1654 1140 Petro
1670 1104 1784 1139 adhae-

1035 1158 1187 1198 rentibus,
1217 1157 1385 1205 apostolica
1413 1156 1595 1190 auctoritate
1625 1154 1784 1201 praecipi-

1036 1219 1116 1247 mus,
1139 1208 1164 1242 si
1189 1209 1218 1241 in
1242 1207 1449 1241 obduratione
1468 1217 1522 1239 sua
1547 1204 1713 1251 persistere
1733 1217 1784 1238 vo-

1035 1257 1137 1296 luerit,
1166 1256 1282 1291 nullam
1305 1256 1332 1290 ei
1356 1253 1551 1289 obedientiae
1574 1252 1783 1288 reverentiam

1034 1305 1226 1343 exhibeatis.-
1254 1317 1312 1339 nec
1334 1305 1363 1338 id
1389 1305 1513 1338 animae
1540 1311 1658 1337 vestrae
1680 1302 1785 1348 perni-

1034 1355 1114 1389 ciem
1137 1367 1206 1389 esse
1233 1354 1369 1401 putetis,
1397 1365 1468 1387 nam
1491 1352 1529 1394 si,
1553 1359 1584 1385 ut
1605 1351 1698 1385 toties
1721 1351 1781 1385 iam

1036 1403 1260 1450 praediximus,
1285 1402 1458 1449 praeceptis
1479 1400 1659 1446 apostolicis
1681 1400 1786 1433 volue-

1036 1452 1074 1486 rit
1095 1464 1164 1487 esse
1186 1452 1374 1491 contrarius,
1400 1451 1438 1485 ab
1465 1449 1549 1484 omni
1574 1449 1657 1483 illius
1683 1449 1784 1483 subie-

1033 1502 1146 1536 ctionis
1168 1501 1240 1547 iugo
1263 1500 1342 1535 beati
1364 1500 1447 1535 Petri
1477 1498 1661 1533 auctoritate
1683 1497 1785 1532 absol-

1035 1552 1136 1585 vimus
1167 1551 1206 1585 ita
1243 1551 1416 1589 universos,
1441 1556 1473 1583 ut
1495 1560 1568 1582 cum
1595 1547 1783 1582 sacramenti

1033 1600 1228 1646 obligatione
1256 1599 1388 1647 quilibet
1418 1598 1444 1633 ci
1473 1597 1564 1631 fuerit
1600 1596 1784 1637 obstrictus,

1033 1649 1184 1696 quamdiu
1212 1649 1280 1683 Deo
1307 1647 1528 1694 omnipotenti,
1551 1653 1582 1679 et
1602 1645 1677 1680 Sedi
1701 1645 1786 1692 Apo-

1034 1699 1160 1733 stolicae
1183 1698 1309 1732 rebellis
1337 1697 1482 1735 extiterit,
1515 1695 1598 1730 nulla
1626 1695 1654 1729 ei
1683 1695 1786 1729 fideti-

1036 1748 1105 1782 tatis
1127 1747 1320 1782 exhibitione
1343 1746 1394 1781 siat
1416 1745 1582 1780 obnoxius.
1606 1743 1676 1778 Non
1698 1744 1785 1778 euim

1034 1797 1163 1832 cuilibet
1181 1808 1330 1843 personae
1352 1803 1459 1830 contra
1477 1793 1660 1829 Creatorem
1679 1805 1784 1833 suum,

1034 1846 1087 1893 qui
1127 1846 1249 1880 cunctis
1287 1843 1530 1892 praeponendus
1563 1850 1630 1883 est,
1671 1841 1786 1888 aliquis

1035 1895 1127 1930 debet
1148 1895 1292 1935 obedire3
1313 1894 1366 1929 sed
1389 1893 1541 1928 debemus
1559 1899 1667 1927 contra
1682 1890 1785 1925 Deum

1035 1944 1229 1992 superbienti
1258 1944 1415 1984 resistere,
1442 1951 1477 1976 ut
1505 1941 1613 1976 saltem
1642 1940 1700 1974 hac
1723 1953 1786 1974 ne-

1035 1994 1179 2029 cessitate
1201 2001 1329 2028 coactus
1355 1993 1393 2027 ad
1427 1992 1508 2026 viam
1536 1990 1670 2025 iustitiae
1696 1989 1789 2024 addi-

1035 2052 1100 2078 scat
1128 2043 1240 2078 redire.
1268 2041 1384 2084 Quanti
1412 2040 1496 2076 enim
1525 2039 1668 2086 periculi,
1690 2051 1788 2085 quan-

1037 2102 1148 2139 taeque
1175 2105 1192 2127 a
1218 2091 1386 2127 christiana
1421 2090 1490 2136 lege
1517 2089 1557 2123 sit
1578 2087 1786 2128 alienationis.

1037 2141 1246 2177 obedientiam
1264 2168 1271 2181 ,
1299 2141 1436 2174 maxime
1470 2137 1670 2184 Apostolicae
1697 2136 1786 2176 Sedi,

1039 2203 1099 2225 nou
1139 2190 1299 2228 exhibere,
1335 2201 1373 2224 ex
1405 2188 1495 2223 dictis
1518 2187 1597 2222 beati
1625 2185 1784 2220 Samuelis

1039 2239 1208 2286 prophetae
1229 2239 1359 2286 potestis
1380 2248 1583 2283 cognoscere,
1603 2247 1681 2282 quae
1709 2247 1785 2269 san·

1038 2289 1197 2324 ctissimus
1218 2300 1297 2334 papa
1318 2287 1489 2332 Gregorius
1512 2286 1541 2319 in
1566 2285 1621 2319 ult.
1645 2284 1698 2318 lib.
1721 2283 1784 2318 Mo-

1040 2338 1149 2372 ralium
1173 2337 1351 2383 procuravit
1372 2346 1542 2382 exponere.
1565 2333 1608 2368 Ut
1629 2345 1664 2368 ea
1680 2341 1784 2368 autem

1039 2388 1101 2422 sint
1127 2387 1217 2421 nobis
1245 2386 1275 2420 in
1306 2394 1471 2432 promptu,
1499 2383 1613 2430 scripta
1646 2383 1790 2417 transmi-

1040 2438 1154 2479 simus,
1177 2444 1330 2483 quatenus
1353 2433 1569 2468 indubitanter
1590 2431 1708 2471 sciatis,
1732 2443 1789 2466 nos

1043 2486 1129 2521 vobis
1160 2497 1271 2519 novam
1298 2496 1360 2518 non
1391 2482 1508 2522 dicere,
1543 2481 1598 2516 sed
1625 2482 1787 2527 antiquam

1042 2543 1219 2570 sanctorum
1241 2534 1369 2568 Patrum
1397 2532 1572 2566 doctrinam
1601 2531 1786 2577 propalare:

1043 2584 1125 2620 Hinc
1146 2583 1272 2619 Samuel
1300 2583 1358 2617 ait:
1387 2581 1498 2617 Melior
1524 2587 1572 2616 est
1597 2579 1788 2621 obedientia,

1840 1888 1917 1909 Contra
1932 1887 1998 1917 Deum

1814 1917 1944 1937 superbienti
1966 1921 1998 1935 re-

1813 1942 1935 1963 sistendum.
