2180 3205
33 263 82 292 An.
101 263 129 291 C.
147 264 210 291 1181

0 426 12 547 ννομ-

47 722 75 742 Ad
92 727 143 747 quos
164 727 214 748 spe-

33 755 76 772 ctet
91 751 147 772 illins
169 757 215 771 mo-

33 786 87 803 nast.
125 783 216 803 admini-

33 814 116 837 stratio,
138 813 156 834 si
178 819 215 833 ra-

7 858 10 862 ,
34 845 121 864 caverit.

45 1060 104 1086 Quod
153 1058 216 1080 liceat

33 1091 156 1112 manasterii
175 1096 218 1110 ma-

34 1122 109 1147 tribus,
124 1122 150 1142 de
165 1126 217 1142 cae-

7 1170 13 1172 ,
34 1153 86 1173 teris
100 1158 112 1172 a
131 1157 154 1172 se
177 1152 217 1172 de-

33 1183 102 1203 ductis
140 1182 217 1203 Eccle-

34 1215 80 1239 siis,
121 1213 216 1234 abbatem

34 1245 73 1265 sibi
109 1245 216 1270 seligere:

34 1282 75 1296 nnn
99 1279 168 1296 autem
191 1277 217 1297 de

34 1308 121 1328 exteris.

47 1557 171 1578 Omnimoaa
179 1562 218 1577 ex-

35 1589 113 1614 emptio
144 1587 169 1608 ab
192 1593 217 1608 e-

35 1619 136 1645 piscopali
152 1619 217 1640 iuris-

36 1649 138 1670 dictione.

53 2235 88 2257 Ca(
95 2240 140 2256 tera
168 2240 222 2262 qun—

40 2274 80 2295 que
88 2270 166 2288 statuta
173 2273 224 2288 cou-

41 2299 154 2320 tiruiantur.

836 262 1030 286 ALEXANDER
1054 263 1088 284 111
1114 263 1161 285 PF.

228 331 297 352 sum
330 319 434 359 fuerit,
461 318 644 353 celebretur.
681 316 838 359 Quoniam
870 324 973 351 autem

227 367 449 403 Cistereicnsis
475 368 614 403 Ecclesia
637 376 734 401 mater
759 374 807 401 est
832 366 972 402 omnium

229 425 377 462 vestrum,
399 426 429 453 01
450 418 544 452 31111111
569 425 686 464 patrem
716 415 857 450 abbatem
881 427 975 461 super

227 479 262 502 se
296 479 356 502 non
392 467 496 507 habet,
524 467 604 501 sicut
630 466 666 500 ad
701 465 854 500 cautelam
877 473 907 499 et
928 476 975 498 or—

228 516 311 551 dinis
345 517 517 551 custodiam
553 515 721 553 statuistis.
758 527 812 562 per
846 513 973 553 eosdem

227 566 355 600 abbates
373 578 476 600 annua
500 565 539 599 ibi
564 566 615 599 liat
637 565 781 604 visitatio,
804 572 833 599 et
852 564 887 599 ad
904 576 976 609 sug-

227 615 402 661 gestionem
430 628 538 649 eornm
562 614 737 649 secundum
759 614 901 648 ordinem
923 625 975 646 ve-

228 673 326 699 strum
351 665 534 709 corrigatur,
556 665 582 699 si
610 664 684 710 qnid
708 664 882 698 invenerint
905 674 975 696 cor-

229 714 406 759 rigendum.
437 714 499 748 Sed
535 723 564 748 et
602 714 727 760 quoties
761 714 828 747 sine
863 711 974 746 abbate

231 765 355 810 proprio
377 763 490 798 domus
512 763 731 797 (lister-ciensis
753 762 915 805 exstiterit,
936 760 973 796 ad

231 813 316 860 ipsos
341 821 475 860 quatuor
497 813 564 846 eius
585 824 659 846 cura
687 812 842 858 respiciat,
864 821 893 845 et
913 820 973 846 tam

228 863 267 896 ab
289 863 335 898 eis
350 875 442 910 quam
464 861 503 896 ab
525 861 592 895 aliis
611 860 774 896 abbatibus
796 861 832 894 ad
856 861 975 894 Cister-

229 912 314 946 cium
343 911 584 959 pertinentibus,
611 912 663 957 qni
689 923 742 958 per
764 911 832 945 dies
858 910 895 944 ad
921 909 976 943 1111-

230 973 291 995 11115
312 974 353 996 xv
382 961 496 995 suerint
522 960 696 1004 convocati,
718 969 747 994 et
774 972 790 995 a
813 958 975 994 monachis

230 1009 389 1053 Cistercii,
411 1022 540 1057 persona
562 1009 671 1044 idonea
694 1009 839 1055 eligatur.
871 1008 975 1042 Liceat

230 1067 332 1094 autem
356 1060 525 1106 unicnique
552 1059 640 1093 matri
674 1059 831 1094 Ecclesiae
857 1057 976 1092 ordinis

231 1110 336 1149 vestri,
367 1118 428 1144 tam
451 1109 490 1144 de
518 1108 679 1143 monachis
711 1121 805 1155 qnam
833 1108 870 1142 de
900 1107 977 1154 ipsis

230 1158 394 1194 abbatibus
410 1159 635 1201 Ecclesiarum,
662 1170 741 1205 quae
762 1158 801 1193 ab
824 1158 891 1204 ipso
910 1169 977 1203 pro-

230 1209 362 1244 cessisse
390 1217 574 1248 noscuntur,
596 1208 654 1242 sibi
676 1218 909 1255 quemeumque
929 1218 976 1240 vo-

231 1257 336 1302 luerit,
371 1258 395 1293 si
424 1267 525 1293 tamen
561 1258 675 1303 dignus
709 1257 862 1295 extiterit,
889 1268 976 1290 assu-

232 1319 317 1343 mere
343 1307 374 1342 in
401 1307 557 1343 abbatem.
593 1307 763 1341 Personam
798 1314 903 1341 autem
938 1305 976 1339 de

230 1357 293 1392 alio
318 1357 428 1392 ordine
456 1357 537 1391 nulla
565 1356 775 1391 Ecclesiarum
805 1364 975 1390 vestrarum

230 1406 289 1441 sibi
317 1407 411 1454 eligat
435 1407 465 1441 in
494 1415 671 1454 pastorem,
697 1406 777 1440 sicut
799 1417 857 1440 nec
884 1404 974 1439 vestri

231 1455 350 1491 ordinis
371 1456 485 1503 aliquis
519 1457 550 1491 in
571 1455 713 1490 abbatem
736 1455 828 1489 alicui
850 1454 976 1489 alterius

231 1505 352 1540 ordinis
373 1506 564 1540 monasterio
583 1505 757 1539 ordinetur.
775 1504 861 1539 Haec
884 1503 978 1550 igitur

231 1554 274 1599 (le-
304 1555 412 1590 multis
445 1555 698 1590 institutionibus
731 1554 850 1588 ordinis
884 1553 974 1588 vestri

231 1605 458 1652 excerpsimus,
485 1612 516 1638 et
542 1604 675 1651 propriis
697 1604 875 1639 curavimus
897 1603 979 1649 capi-

232 1654 306 1688 tulis
327 1654 507 1700 designare,·
528 1653 721 1691 adiicientes,
746 1662 777 1688 ut
796 1653 901 1687 nullus
916 1652 979 1699 epi-

230 1716 398 1750 scoporum
438 1703 560 1738 abbatis
600 1703 646 1738 vel
685 1703 824 1749 grangiis
868 1702 978 1736 vestris

230 1753 334 1799 aliqua
362 1753 581 1799 religiosorum
603 1765 656 1787 sen
681 1752 886 1787 saecularium
915 1752 978 1786 lia--

233 1801 382 1837 bitatione
405 1805 462 1846 (l),
492 1802 575 1837 unde
598 1802 685 1837 vobis
708 1802 890 1849 inquietatio
905 1813 979 1847 pos—

231 1855 272 1891 sit
299 1856 481 1902 provenire,
516 1855 771 1902 superaedificari
810 1855 979 1901 permittat,

231 1909 286 1944 sed
309 1922 374 1949 eos,
397 1911 450 1957 qni
486 1910 748 1958 superaedificare
779 1908 980 1948 tentaverint,

232 1976 271 1998 ne
292 1964 322 1999 id
346 1964 469 2004 faciant,
494 1964 532 1999 ab
551 1963 718 2011 episcopis,
741 1975 874 2010 quorum
897 1961 980 1996 ‹lioe-

231 2019 336 2052 ccsaui
359 2027 443 2057 sunt,
466 2017 526 2053 sub
553 2016 759 2051 anathematis
795 2015 978 2051 intermina-

233 2072 318 2107 tione
341 2073 536 2120 prohibeant.
565 2071 665 2106 Nemo
700 2071 793 2105 etiam
823 2069 979 2117 professos

235 2134 366 2168 vestros,
388 2127 560 2161 monachos
582 2126 627 2160 vel
652 2137 833 2168 couversos,
855 2124 922 2158 sine
940 2123 980 2158 li-

233 2181 334 2216 centia
356 2181 504 2216 abbatum
531 2191 661 2215 suorum
686 2179 827 2225 recipiat,
854 2186 904 2212 aut
932 2189 981 2212 su-

233 2242 358 2282 sceptos
381 2235 494 2269 audeat
520 2234 665 2269 retinere.
701 2232 782 2274 Quia
817 2244 888 2266 vero
915 2231 980 2266 5111-

233 2289 324 2336 gula,
359 2301 439 2336 quae
472 2287 708 2334 atl.religionis
741 2286 916 2334 profectum
951 2293 979 2319 et

235 2343 407 2378 animarum
435 2343 567 2377 salutem
595 2341 779 2388 regulariter
802 2339 980 2380 ordinastis,

235 2397 390 2445 praesenti
427 2395 652 2431 abbreviationi
687 2394 894 2441 nequiverunt
924 2405 981 2427 an-

236 2452 331 2492 necti,
354 2463 410 2486 uos
424 2462 495 2485 cum
512 2449 571 2493 his,
593 2461 672 2496 quae
688 2448 877 2495 praescripta
897 2455 980 2487 sunt,

236 2504 351 2545 omnia,
378 2515 458 2551 quae
480 2503 678 2538 continentur
700 2502 729 2535 in
757 2500 850 2535 Carta
869 2507 980 2541 vestra,

272 2574 311 2610 (1)
327 2575 407 2609 Lege:
425 2575 544 2600 Abbatiis
564 2573 602 2598 vel
619 2574 739 2605 911171ῃὶ15-
755 2572 846 2597 vestris
864 2572 981 2602 aliquam

235 2621 420 2651 reliyt'osorum
461 2619 501 2643 vel
522 2618 700 2643 saecularium
725 2617 912 2642 habitationem
933 2613 981 2648 (ex

236 2663 317 2701 Cocq.
337 2664 405 2689 Adel.
422 2665 446 2688 et
463 2660 567 2698 Corr.).

1645 250 1715 282 855

1017 329 1096 363 quae
1111 316 1284 364 appellatur
1299 314 1479 360 Charitatis,
1501 322 1530 349 ct
1544 326 1764 361 quaecumque

1017 370 1096 405 inter
1133 384 1187 405 vos
1232 370 1391 416 religionis
1430 368 1544 403 intuitu
1580 367 1764 415 regulariter

1015 424 1178 468 statuistis,
1213 424 1396 459 anctoritate
1423 422 1593 471 apostolica
1627 421 1763 457 robora-

1016 490 1097 517 mus,
1124 486 1154 512 et
1188 478 1275 513 vobis
1308 478 1480 525 vestrisque
1513 476 1763 520 successoribus,

1015 540 1045 565 et
1066 531 1214 566 omnibus
1235 533 1287 580 qui
1311 532 1453 567 ordinem
1475 539 1611 565 vestrum
1632 529 1763 577 professi

1017 585 1142 629 fuerint,
1176 586 1396 621 inviolabiliter
1419 585 1581 633 perpetuis
1612 584 1764 631 tempori-

1016 638 1074 673 bus
1097 639 1298 675 decernimus
1320 639 1524 675 observanda.
1554 639 1600 673 De
1627 648 1762 680 caetero,

1015 694 1086 740 quia
1116 694 1310 740 propositum
1334 694 1457 727 firmum
1486 692 1606 727 habetis
1640 692 1764 728 habita-

1016 747 1092 781 tioni
1122 757 1240 782 vestrae
1279 748 1343 782 loca
1375 755 1463 782 extra
1493 746 1761 782 conversationem

1016 802 1219 837 saecularium
1263 802 1421 848 eligendi,
1456 801 1600 848 grangias
1646 810 1764 836 vestras

1016 859 1096 892 sicut
1129 857 1277 891 ecclesias
1309 869 1325 891 a
1361 868 1525 904 pravorum
1562 856 1690 889 incursu
1729 867 1765 890 ac

1017 911 1162 946 violentia
1185 910 1298 944 liberas
1314 922 1349 944 ac
1370 910 1490 956 quietas
1505 909 1570 943 sore
1585 909 1765 953 statuimus,

1016 974 1046 1001 et
1061 965 1214 1001 utnullus
1237 964 1278 998 ibi
1294 964 1453 998 hominem
1473 975 1597 1010 capere,
1619 962 1764 1009 spoliare,

1017 1019 1195 1058 verberare,
1222 1026 1276 1053 ant
1298 1018 1435 1064 rapinam
1464 1028 1609 1051 exercere
1632 1029 1765 1063 praesu-

1019 1082 1091 1113 mat,
1114 1074 1143 1107 in
1162 1073 1274 1107 virtute
1289 1072 1426 1119 Spiritus
1447 1071 1553 1106 Sancti
1573 1070 1764 1112 inhibemus;

1016 1127 1193 1162 sancientes
1224 1126 1335 1170 etiam,
1373 1134 1405 1160 ut
1437 1133 1563 1172 propter
1584 1124 1764 1159 communia

1019 1181 1181 1217 interdicta
1218 1189 1390 1221 terrarum,
1427 1179 1511 1214 nulla
1552 1178 1763 1213 Ecclesiarum

1018 1244 1190 1271 vestrarum
1219 1248 1236 1270 a
1267 1234 1382 1269 divinis
1417 1232 1623 1280 compellatur
1654 1232 1765 1267 officiis

1017 1291 1184 1325 abstinere.
1209 1289 1433 1324 Interdicimus
1456 1288 1580 1326 iterum,
1603 1299 1642 1321 ne
1661 1287 1764 1333 aliqua

1017 1346 1146 1380 omnino
1169 1352 1300 1391 persona
1324 1343 1430 1378 fratres
1452 1341 1570 1376 ordinis
1593 1340 1685 1375 vestri
1706 1353 1765 1374 311-

1018 1399 1088 1434 deat
1110 1399 1146 1434 ad
1170 1398 1342 1433 saecularia
1365 1397 1480 1431 iudicia
1501 1406 1686 1442 provocare:
1709 1395 1763 1429 sed

1018 1453 1162 1500 quisquis
1188 1452 1245 1487 sibi
1267 1452 1418 1487 adversus
1439 1463 1493 1485 eos
1515 1449 1632 1496 aliquid
1662 1448 1765 1484 credi-

1017 1508 1096 1542 derit
1122 1507 1161 1542 de
1180 1507 1247 1541 iure
1269 1513 1460 1553 competere,
1483 1504 1540 1539 sub
1563 1503 1764 1538 ecclesiastici

1018 1562 1130 1596 iudicis
1152 1560 1296 1596 examine
1321 1558 1501 1607 experiendi
1530 1557 1640 1592 habeat
1666 1557 1765 1592 sacul-

1018 1624 1129 1651 tatem:
1169 1615 1250 1650 salva
1278 1614 1308 1648 in
1335 1613 1483 1649 omnibus
1522 1612 1613 1647 Sedis
1635 1612 1766 1659 Aposto-

985 1700 992 1708 .
1019 1671 1095 1705 licae
1131 1669 1324 1704 anctoritate.
1360 1667 1568 1702 Decernimus
1600 1678 1696 1713 ergo,
1732 1673 1765 1700 ut

1020 1725 1095 1759 nulli
1123 1723 1252 1758 0111111110
1287 1721 1452 1756 11011111111111
1485 1721 1576 1755 liceat
1603 1720 1682 1756 banc
1710 1731 1765 1767 pa-

1019 1779 1125 1825 giuam
1153 1786 1278 1812 nostrae
1305 1774 1552 1810 confirmationis
1579 1773 1764 1819 infringere,

1022 1833 1066 1867 vel
1090 1831 1296 1880 praescriptas
1314 1829 1527 1864 institutiones
1548 1836 1666 1863 vestras
1686 1840 1763 1862 ausu

1020 1886 1184 1921 temerario
1207 1885 1331 1920 violare.
1359 1883 1392 1918 Si
1420 1884 1490 1930 quis
1513 1891 1613 1918 ..utem
1637 1882 1696 1916 1100
1717 1891 1764 1916 31-

1020 1948 1138 1975 tentare
1166 1938 1429 1986 praesumpserit,
1461 1936 1600 1972 secundo
1634 1936 1764 1971 tertiove

1020 1994 1243 2033 commonitus,
1270 1993 1296 2027 si
1319 2004 1380 2026 non
1395 1991 1604 2026 satisfactione
1625 2002 1762 2036 congrua

1020 2048 1242 2092 emendaverit,
1266 2046 1426 2094 potestatis
1444 2045 1635 2092 honorisque
1650 2044 1696 2078 sui
1716 2044 1764 2078 di-

1020 2103 1137 2150 gnitate
1154 2110 1267 2141 careat,
1291 2111 1443 2147 reumque
1467 2111 1500 2133 se
1522 2098 1626 2132 divino
1648 2097 1763 2132 iudicio

1021 2159 1153 2193 existere
1179 2156 1217 2190 de
1246 2162 1422 2202 perpetrata
1457 2152 1618 2199 iniquitate
1645 2164 1764 2198 cogno-

1020 2219 1096 2252 scat,
1119 2221 1147 2246 et
1180 2223 1195 2245 a
1220 2209 1430 2245 sacratissimo
1458 2206 1600 2253 Corpore
1627 2218 1663 2241 ac
1685 2206 1765 2241 Sau-

1021 2267 1114 2312 gnine
1136 2264 1194 2299 Dei
1216 2275 1252 2298 30
1272 2262 1399 2297 Domini
1423 2260 1520 2295 nostri
1542 2259 1765 2307 Redemptoris

1022 2321 1091 2354 lesu
1105 2318 1222 2354 Christi
1238 2317 1360 2352 alienus
1374 2316 1437 2356 fiat,
1459 2323 1553 2362 atque
1575 2314 1606 2348 in
1625 2322 1765 2349 extremo

1021 2374 1164 2408 examine
1187 2371 1344 2406 districtae
1365 2370 1526 2405 subiaceat
1547 2368 1674 2409 ultioni;
1703 2381 1766 2403 ser-

1022 2427 1164 2462 vantibus
1195 2434 1298 2460 autem
1325 2424 1403 2459 haec
1424 2424 1463 2458 sit
1485 2435 1542 2470 pax
1563 2422 1690 2457 Domini
1714 2435 1766 2457 no·

1022 2482 1074 2516 stri
1097 2481 1165 2516 Iesu
1189 2479 1319 2520 Christi,
1341 2487 1497 2526 quatenus
1511 2486 1541 2513 et
1563 2478 1614 2512 hic
1628 2477 1762 2512 fructum

1023 2535 1122 2570 bonae
1144 2533 1276 2568 actionis
1305 2532 1487 2579 percipiant,
1514 2539 1544 2566 et
1564 2531 1645 2578 apud
1664 2531 1763 2565 distri-

1022 2598 1105 2623 ctum
1130 2588 1266 2622 Iudicem
1291 2586 1426 2633 praemia
1453 2593 1598 2621 aeternae
1620 2585 1705 2634 pacis
1722 2584 1764 2620 in-

1022 2643 1155 2677 veniant.
1183 2640 1296 2676 Amen.

1780 259 1828 286 An.
1842 259 1872 287 C.
1893 259 1956 287 1131

1790 704 1868 725 Totalis
1885 705 1960 724 immu-

1861 740 1872 754 3
1907 740 1960 760 qua-

1778 771 1865 792 cumque
1892 764 1962 785 111010-

1778 798 1848 822 105113,
1864 797 1883 817 vi
1899 799 1940 817 etc.

1778 736 1832 755 nitas

1792 1680 1913 1701 Praesentis
1921 1686 1961 1706 pri-

1778 1711 1850 1737 vilegii
1866 1710 1960 1731 firmitas.
