2180 3205
177 231 225 258 An.
246 230 264 256 C
295 231 360 257 tilii

191 487 302 507 Dec-retum
324 490 344 506 ut

184 520 234 537 nidi·
251 518 354 537 nmnaSll*

176 555 212 569 cus
234 548 358 573 regulariter

177 581 197 599 iu
210 586 235 599 co
253 582 357 599 servetur.

175 790 272 811 Deeimas
283 789 306 809 ab
318 794 358 810 eo-

177 822 222 842 daem
239 822 302 847 exigi.

189 984 290 1004 Alibateui
312 984 346 1004 rel

183 1016 308 1035 advocatum
324 1015 349 1034 ab

190 1046 231 1065 alm
247 1049 347 1072 praeter-

177 1082 237 1103 quam
258 1082 269 1096 a
284 1082 359 1096 mona-

177 1108 221 1127 chis
233 1106 281 1133 eligi
295 1113 359 1133 posse

177 1141 247 1159 vetat:

192 1574 352 1601 Molestiamque

180 1606 241 1626 ullam
252 1606 320 1626 eidem
331 1606 362 1625 in-

179 1636 229 1657 ferri
250 1637 363 1656 interdici-

179 1670 219 1688 tur.

206 2171 261 2191 Haec
278 2170 346 2190 omnia

185 2202 222 2222 snb
242 2200 367 2221 anathema-

186 2235 212 2254 tis
229 2238 297 2258 poena
319 2236 368 2251 ser-

187 2264 254 2284 vanda
269 2267 317 2283 esse
334 2262 370 2282 de-

188 2294 262 2316 clarat.

425 220 495 253 tot

374 285 420 320 vel
451 284 638 340 principum.
676 283 832 316 oblatione
872 281 1029 321 fidelium,
1065 295 1119 317 seu

373 335 440 368 aliis
463 334 551 367 iustis
579 332 692 369 modis.
727 332 793 366 Deo
826 332 973 378 propitio
1010 333 1121 377 poterit

372 383 515 429 adipisci
545 383 630 415 tiima
665 381 752 415 vobxs
788 381 960 428 vwesnisque
992 393 1122 415 suctus-

372 432 495 466 soribus
517 439 546 465 et
569 431 682 465 illibata
713 439 925 477 permaneant.
955 430 1122 473 Sanci1nus

372 481 538 520 orian2,.11t
560 480 637 514 ordo
667 480 858 514 monasticus
885 470 1060 514 secundum
1085 479 1120 513 B.

374 530 535 564 Benedicti
560 530 696 574 regulam
721 529 881 576 perpetuis
903 529 944 563 ibi
970 529 1121 576 tempori-

374 579 432 614 bus
448 578 669 614 inviolabiliter
691 587 912 619 conservetur,
935 587 1028 626 atque
1044 578 1121 612 nulli

373 628 501 663 fratrum
518 637 586 674 post
596 628 705 663 factam
719 628 944 674 professionem
959 628 1120 674 proprium

373 678 446 725 quid
489 677 603 712 babere
637 678 744 717 liceat,
771 678 825 712 sed
854 678 883 711 in
921 677 1041 711 abbatis
1074 677 1144 720 sui‡

372 727 550 762 obedientia
578 739 649 761 cum
679 726 764 761 omni
796 726 970 761 humilitate
997 738 1122 773 perma-

374 785 479 811 neant.
504 776 662 811 Laborum
686 788 811 823 quoque
835 785 1021 817 vestrorum
1043 788 1123 822 quos

374 827 508 873 piopriis
534 826 681 860 manibus
708 834 760 860 aut
790 825 968 872 sumptibus
1002 825 1121 864 colitis,
1142 824 1144 843 ¹*

373 876 437 910 sive
456 876 495 910 de
522 875 723 910 nutrimentis
740 883 911 909 vestrorum
927 875 1121 914 animalium

374 925 480 960 nullus
501 925 629 959 omnino
648 925 782 959 clericus
801 924 847 959 vel
867 924 964 958 laicus
983 924 1123 957 decimas

373 987 388 1009 a
412 974 500 1009 vobis
521 975 646 1020 exigere
670 983 856 1020 praesumat.
885 972 1033 1007 Obeunte
1051 985 1123 1007 vero

374 1032 417 1069 te,¹
437 1036 522 1058 nunc
544 1023 685 1058 eiusdem
708 1023 767 1057 loci
791 1023 913 1062 abbate,
932 1022 1121 1056 veltuorum
1142 1019 1144 1023 ’

374 1073 515 1120 quolibet
541 1084 772 1116 successorum,
800 1071 906 1106 nullus
929 1072 968 1106 ibi
984 1071 1123 1119 qualibet

374 1123 581 1169 surreptionis
605 1122 716 1156 astutia
746 1122 792 1155 vel
821 1121 965 1155 violentia
995 1133 1124 1168 praepo—

375 1180 482 1212 natur;
505 1171 560 1206 sed
580 1171 669 1205 liceat
685 1170 774 1205 vobis
795 1171 956 1205 communi
978 1170 1122 1209 consilio,

375 1221 422 1256 vel
452 1221 529 1268 parti
551 1221 670 1255 consilii
693 1220 839 1264 sanioris,
867 1219 1041 1254 secundum
1065 1219 1121 1254 Dei

374 1271 533 1314 timorem,
561 1279 590 1305 et
617 1270 653 1304 Β.
676 1269 839 1304 Benedicti
869 1269 1023 1315 regulam,
1056 1269 1124 1303 abs-

375 1332 437 1366 que
453 1320 546 1355 ullius
565 1319 814 1354 contradictione
836 1318 979 1353 abbatem
997 1318 1121 1365 eligere.

375 1369 474 1404 Porro
508 1369 568 1404 loci
597 1369 687 1403 vestri
717 1369 912 1403 advocatiam
941 1368 1048 1402 nullus
1077 1369 1124 1402 in-

375 1419 487 1453 vadere
502 1419 547 1453 vel
568 1429 720 1465 usurpare
736 1425 925 1464 prae-sumat⁷
954 1417 1012 1451 nisi
1030 1429 1122 1464 quem

376 1467 471 1502 abbas
493 1476 521 1502 et
549 1468 658 1502 fratres
680 1468 854 1502 secundum
878 1467 993 1511 Deum,
1021 1475 1051 1501 et
1068 1467 1125 1501 uti-

376 1517 494 1552 litatem
528 1517 626 1564 ipsius
654 1517 833 1551 monasterii
859 1516 899 1550 ibi
934 1516 1125 1563 providerint

377 1566 572 1613 eligendum.
609 1566 818 1601 Decernimus
849 1578 942 1612 erge,
979 1574 1011 1600 ut
1046 1565 1122 1600 nulli

376 1617 507 1650 omnino
536 1616 698 1649 bominum
722 1615 824 1658 liceat
847 1614 1018 1662 praefatum
1050 1627 1124 1649 mo—

377 1666 547 1700 nasteiium
576 1673 693 1699 temere
720 1643 923 1712 peituibare
967 1672 1020 1698 aut
1057 1665 1125 1698 eius

377 1711 595 1769 possessiones
621 1714 753 1758 auferre
773 1714 822 1748 vel
840 1713 957 1748 ablatas
979 1713 1124 1754 retinere

377 1776 537 1803 minuere,
580 1776 636 1798 seu
679 1762 874 1818 quibuslibet
910 1763 1125 1798 vexationibus

379 1813 525 1859 fatigare3
551 1813 606 1848 sed
629 1813 732 1848 omnia
752 1813 869 1858 integra
888 1820 1125 1852 conserventur

379 1874 500 1906 eorum⁷
523 1875 578 1910 pro
597 1874 730 1909 quorum
754 1862 982 1908 gubernatione
1004 1870 1034 1896 et
1054 1861 1127 1896 sub-

379 1913 568 1947 stentatione
594 1924 741 1946 concessa
765 1920 856 1955 sunt,
885 1911 995 1946 usibus
1017 1912 1127 1946 omui-

379 1961 483 1996 modis
505 1961 676 2007 profutura.
702 1960 750 1995 Ad
774 1961 923 1996 indicium
947 1969 1050 1996 autem
1068 1961 1127 1995 hu-

379 2011 428 2045 ius
454 2023 469 2045 a
496 2010 579 2045 Sede
606 2010 785 2057 Apostolica
820 2018 984 2057 perceptae
1016 2018 1129 2057 prote-

379 2060 493 2095 ctionis
515 2060 685 2095 bizantium
713 2072 843 2095 aureum
873 2060 962 2094 nobis
996 2060 1129 2094 nostris-

380 2122 441 2156 que
469 2109 703 2145 successoribus
730 2109 907 2144 annualiter
933 2109 1126 2156 persolvetis.

381 2159 414 2193 Si
448 2171 510 2206 qua
543 2159 636 2205 igitur
673 2159 703 2193 in
743 2158 882 2194 futurum
917 2158 1129 2193 ecclesiastica

382 2209 589 2243 saecularisve
617 2220 767 2255 persona
796 2208 876 2242 bane
908 2216 1031 2243 nostrae
1053 2220 1130 2243 con-

383 2259 552 2293 stitutionis
587 2258 731 2304 paginam
759 2258 882 2298 sciens,
918 2265 1026 2292 contra
1060 2269 1128 2292 eam

385 2315 501 2342 temere
517 2308 623 2342 venire
644 2308 818 2348 tentaverit,
841 2307 980 2342 secundo
1001 2307 1130 2342 tertiove

385 2365 567 2392 commonit
559 2371 587 2401 ι7
613 2358 637 2392 si
661 2369 723 2392 non
751 2356 961 2392 satisfactione
994 2368 1131 2402 congrua

385 2406 619 2451 emendaverit,
655 2407 816 2454 potestatis
855 2405 1048 2452 honorisque
1082 2406 1130 2440 sui

386 2454 536 2500 dignitate
561 2465 682 2495 cai-‚eat
710 2467 857 2503 reamque
888 2467 922 2490 se
948 2454 1054 2489 divino
1082 2455 1132 2489 iu-

386 2503 468 2537 dicio
507 2505 638 2539 existere
682 2504 721 2539 de
756 2512 930 2559 perpetrata
970 2504 1132 2551 iniquitate

387 2561 566 2599 cognoseat,
594 2562 623 2587 et
647 2565 663 2588 a
690 2554 900 2588 saeratissimo
933 2552 1075 2600 Corpore
1096 2565 1132 2588 ac

386 2601 549 2650 Sanguine
582 2602 639 2638 Dei
674 2611 704 2638 et
741 2603 869 2639 Domini
908 2602 1131 2652 Redemptoris

967 228 1065 250 unm
1072 227 1102 249 ttt
1109 227 1152 250 CM
1182 228 1249 249 110³!
1255 228 1271 249 Α
1277 228 1343 250 Nun

1165 283 1260 316 nostri
1297 282 1366 317 Iesu
1390 282 1507 317 Christi
1543 283 1642 317 aliena
1671 284 1733 321 liat.
1760 291 1852 330 atque
1882 284 1911 318 in

1163 340 1302 366 extremo
1330 333 1473 367 examine
1496 333 1655 367 districtae
1673 333 1784 367 ultioni
1804 333 1913 367 subia-

1163 390 1240 416 ceat.
1266 381 1399 416 Cunctis
1426 390 1530 416 autem
1553 381 1654 416 eidem
1678 381 1747 416 loco
1769 395 1822 416 sua
1846 383 1912 416 iura

1163 430 1361 465 servantibus
1393 431 1433 465 sit
1464 443 1522 477 pax
1554 431 1679 465 Domini
1715 431 1811 465 nostri
1842 431 1911 466 tesu

1163 478 1296 519 Christi
1331 489 1484 535 quatenus
1517 489 1546 514 et
1575 481 1624 514 liic
1650 479 1784 514 fructum
1813 480 1913 515 bonae

1163 529 1294 563 aetionis
1329 530 1521 576 percipiant,
1556 537 1587 564 et
1618 529 1702 576 apud
1737 529 1912 564 districtum

1163 577 1301 613 Iudicem
1326 579 1461 625 praemia
1481 587 1624 614 aeternae
1641 578 1724 625 pacis
1742 578 1912 614 inveniant.

1164 628 1278 662 Amen.

1214 677 1284 712 Eoo
1310 676 1523 712 tamem-irs
1556 676 1727 711 catholicae
1755 676 1912 712 Ecclesiae

1142 767 1143 770 Ἴ
1163 727 1332 774 episcopus
1354 739 1395 761 ss.

1212 776 1280 822 Ego
1301 775 1482 822 Stephanus
1505 775 1730 810 Praenestinus
1745 775 1845 821 episc.
1869 787 1911 810 ss.

1212 825 1281 872 Ego
1303 824 1409 860 Guido
1432 835 1556 860 sanctae
1570 825 1730 860 Romanae
1752 824 1913 860 Ecclesiae

1142 878 1143 881 ’
1164 874 1313 916 indignus
1331 874 1479 910 sacerdos
1506 887 1547 909 ss.

1211 923 1279 970 Ego
1306 924 1458 959 Boethius
1482 924 1584 971 presb.
1613 923 1779 958 cardinalis
1802 923 1845 958 tit.
1877 923 1911 957 S.

1163 971 1265 1007 Clem.
1294 986 1336 1007 ss.

1213 1022 1281 1067 Ego
1306 1021 1447 1058 Ubaldus
1469 1022 1548 1057 diae.
1576 1022 1660 1057 card.
1685 1023 1718 1058 S.
1742 1021 1858 1057 Mariae
1882 1022 1913 1056 in

1165 1071 1219 1106 Via
1248 1071 1323 1106 Lata
1346 1084 1387 1107 ss.
1572 1115 1576 1119 ι

1213 1121 1280 1167 Ego
1303 1120 1493 1156 Octavianus
1521 1121 1598 1156 diac.
1629 1120 1712 1156 card.
1735 1120 1769 1155 S.
1793 1119 1913 1155 Nicolai

1165 1170 1195 1204 in
1219 1170 1352 1205 Caruere
1378 1183 1420 1206 ss.

1214 1219 1281 1265 Ego
1303 1219 1409 1255 Guido
1436 1220 1540 1267 presb.
1568 1219 1652 1255 card.
1675 1220 1721 1254 tit.
1750 1218 1784 1254 S.
1811 1217 1913 1267 Chry·

1164 1281 1272 1315 segont
1301 1282 1343 1303 ss.

1215 1318 1280 1365 Ego
1307 1318 1421 1353 Petrus
1453 1319 1531 1354 diac.
1559 1319 1643 1353 card.
1671 1318 1704 1353 S.
1735 1317 1850 1352 Mariae
1880 1317 1912 1352 in

1165 1368 1293 1402 Porticu
1317 1381 1358 1403 ss.

1214 1417 1284 1452 Dat.
1311 1418 1378 1452 Lat.
1405 1431 1459 1465 per
1482 1430 1609 1452 manum
1631 1416 1763 1451 Gerardi
1786 1424 1912 1451 sanctae

1178 1468 1326 1502 ‘tomanae
1359 1467 1521 1502 Ecclesiae
1555 1466 1658 1513 presb.
1690 1466 1775 1501 card.
1803 1478 1840 1500 ac
1866 1465 1915 1500 bi-

1166 1516 1371 1561 bliothecarii,
1387 1529 1446 1551 viu
1463 1516 1533 1551 idus
1547 1516 1721 1555 decembr..
1745 1515 1850 1550 indict.
1868 1527 1912 1556 Vl,

1167 1566 1317 1601 incarnat.
1346 1566 1542 1610 dominicae,
1568 1578 1652 1601 anno
1673 1577 1809 1604 nexui,
1836 1576 1915 1611 pon-

1165 1615 1302 1650 tificatus
1334 1628 1406 1650 vero
1445 1615 1552 1650 domni
1593 1614 1770 1650 Innocentii
1797 1626 1820 1648 ιι
1850 1613 1913 1648 ΡΡ.

1166 1677 1247 1698 anno
1276 1677 1345 1699 xur.
1472 1675 1476 1679 ·

1144 1718 1147 1752 ἶ
1192 1721 1251 1751 Dat.
1275 1721 1322 1751 die
1344 1723 1361 1751 ὃ
1380 1721 1546 1752 decembris
1569 1730 1644 1751 anno
1668 1721 1783 1751 Domini
1808 1720 1892 1758 1142,

1412 1765 1514 1805 pontis.
1537 1775 1613 1796 anno
1630 1774 1668 1796 xx.

1475 1921 1611 1957 LXXX.

1168 1999 1370 2044 Privt'leyium
1402 2000 1643 2045 confirmationis
1674 2000 1823 2040 bonorum
1849 2011 1917 2033 om-

1218 2049 1300 2082 nium
1325 2049 1504 2082 :nonasterii
1529 2050 1564 2082 S.
1590 2049 1915 2083 ColumbaniBobien.

1218 2099 1357 2131 dioecesis
1390 2099 1508 2132 ordinis
1550 2098 1721 2138 cassinen„
1755 2099 1838 2143 quod
1862 2098 1917 2132 sub

1215 2149 1399 2192 protectione
1422 2148 1460 2180 B.
1489 2148 1576 2181 Petri
1596 2149 1741 2193 recipitur
1763 2154 1772 2191 t
1778 2150 1818 2191 1).

1437 2220 1652 2259 stontARtUM

1169 2286 1335 2317 Exordium.
1378 2304 1417 2309 —-
1450 2286 1570 2318 Bobien.
1606 2287 1820 2317 monasterium
1862 2286 1917 2317 sub

1211 2332 1389 2371 protectione
1407 2331 1491 2362 Sedis
1508 2331 1695 2371 Apostolieae
1715 2331 1867 2370 recipitur;
1880 2346 1920 2352 —-

1210 2376 1341 2415 Eiusque
1363 2375 1438 2405 bona
1461 2380 1672 2405 enumerantur
1695 2379 1724 2405 et
1744 2374 1920 2404 confirman-

1212 2424 1265 2450 tur.
1286 2437 1327 2442 —
1343 2416 1477 2450 Decimas
1494 2420 1636 2449 bonorum
1653 2419 1821 2449 huiusmodi
1839 2427 1852 2447 a
1871 2427 1921 2448 ne·

1211 2465 1289 2494 mine
1302 2464 1606 2503 exigendasdeclarat;
1623 2463 1821 2493 —Monacbis
1842 2472 1919 2500 vero,

1211 2510 1410 2539 ordinationes
1432 2509 1573 2549 recipere,
1595 2508 1790 2547 altariumque
1813 2515 1920 2536 conse-

1206 2575 1247 2609 (t)
1264 2575 1302 2602 Ex
1318 2574 1417 2601 arcth.
1436 2573 1556 2601 Bobiensi
1572 2573 1655 2601 edidit
1671 2573 1846 2608 Margarinus,
1859 2572 1921 2600 But-

1172 2617 1217 2642 'ar.
1231 2614 1344 2648 Cassin.‚
1360 2623 1418 2650 par.
1435 2622 1463 2642 ιι.

1927 230 1976 256 An.
1995 228 2023 255 C.
2045 230 2109 257 tta-2

1940 690 2060 712 innocentii
2067 689 2106 712 ΡΡ.

2138 761 2158 780 ᾗ

1925 794 2106 818 etnonnuttorum
2124 792 2130 823 J

1926 831 1952 847 ex
1965 825 1986 846 S.
2007 825 2030 846 R.
2051 824 2108 847 Ecel.
2124 832 2135 855 f

1946 857 2089 878 cardinalibus
2137 852 2146 862 ⁶

1926 888 2104 915 subscriptiones.
2126 886 2146 911 ,ἑ
