2180 3205
195 256 244 285 An.
263 257 291 286 c.
313 256 379 285 titis
443 244 512 277 514
988 248 1175 273 nuptarum
1202 248 1365 272 nomam

193 321 272 348 ubsque
297 320 427 345 abbausac
450 310 577 343 fratrum
601 306 804 346 voluntatem,
832 304 1015 339 omnimodo
1034 304 1141 351 probi·
1227 303 1293 349 Ego
1317 302 1484 337 Rainerius
1518 302 1622 350 presb.
1651 302 1818 339 cardinalis
1845 303 1929 340 tituli

194 353 521 397 ⁰⁰⁰⁵⁰¹¹⁵¹¹‘⁹¹⁴¹¹'beiiiiis;
550 369 587 390 ne
611 356 640 390 in
675 366 836 389 servorum
870 354 927 388 Dei
962 353 1141 391 recessibus
1178 353 1211 388 S.
1241 353 1365 387 Priscae
1387 364 1428 386 ss.

1945 250 1994 278 An.
2012 249 2041 278 C.
2059 251 2126 281 1¹²⁸ss

216 464 312 487 neczmas
327 469 352 485 ex

220 497 282 517 bouis
297 496 354 516 illius

195 532 324 555 quacumque
340 533 379 547 oc-

207 560 294 579 casione
310 559 364 583 exigi

235 588 338 615 prohibet.

213 1304 291 1325 suinae
308 1310 358 1325 eon-

227 1336 342 1356 clusiones'.

222 2214 308 2243 Eugenit
324 2215 363 2237 PP.

203 2329 223 2345 et
238 2325 258 2345 S.
275 2324 296 2345 R.
311 2325 385 2346 Eccle—

217 2353 260 2372 siae
274 2353 373 2372 cardina-

217 2383 265 2403 lium
281 2383 372 2403 subseri-

247 2414 339 2440 ptiones.

391 408 514 443 occasio
539 404 742 453 popularibus
765 403 952 450 praebeatur
978 402 1038 437 ulla
1056 414 1140 437 con-

392 456 547 491 ventibus.
582 455 644 488 Nec
674 453 727 487 ulli
755 453 905 500 episcopo
927 452 1057 487 facultas
1083 452 1139 492 sit,

394 514 515 553 praeter
540 503 674 538 Romani
700 502 866 537 l'ontilicis
894 502 1140 545 conniventiam,

393 557 473 590 idem
497 552 686 588 coenobium
714 560 767 586 aut
792 552 862 586 eius
880 551 975 586 cellas
1001 562 1140 596 gravare,

393 604 592 642 interdicere,
619 602 664 636 vel
687 601 973 640 excommunicare,
994 612 1048 635 seu
1071 612 1142 635 exa-

392 655 513 689 ctiones
535 664 631 687 noras
654 649 835 698 imponere3
859 662 916 685 nec
931 649 1139 684 saecularium

393 714 556 749 procerum
591 700 739 747 cuiqnam
773 700 881 742 liceat,
915 698 1058 738 sodi-um,
1094 698 1139 732 vel

391 752 473 787 aliud
493 750 652 786 servitium
671 749 711 784 ab
729 749 839 784 eodem
863 748 1065 787 monasterio,
1090 755 1142 781 aut

391 802 461 836 eius
488 800 686 848 pertinentiis
707 806 907 845 extorquere:
936 797 1021 832 salvo
1046 796 1142 830 nimi-

393 863 461 885 rum
490 852 555 884 iure
589 861 624 884 ac
658 848 800 883 dominio
829 854 954 882 sanctae
982 846 1142 880 Romanae

393 900 565 934 Ecclesiae.
588 898 795 933 Decernimus
817 909 902 942 crgo,
925 905 959 930 ut
982 895 1058 930 nulli
1076 907 1143 929 om-

392 952 467 984 nino
490 948 651 983 bominum
681 947 771 982 liceat
797 946 939 981 eamdem
968 944 1141 979 Ecclesiam

392 1007 510 1033 temere
534 997 734 1045 perturbare,
763 1004 816 1030 aut
838 996 906 1030 eius
929 994 1144 1041 possessiones

392 1049 526 1090 auferre,
550 1047 596 1081 rel
620 1046 738 1082 ablatas
766 1045 911 1087 retinere,
943 1055 999 1078 seu
1028 1043 1143 1077 iniuste

392 1098 480 1132 datas
497 1097 562 1131 suis
579 1096 689 1131 usibus
705 1094 883 1136 vendicare,
908 1093 953 1127 vel
970 1092 1144 1126 temerariis

393 1146 613 1181 vexationibus
640 1145 784 1190 fatigare3
818 1143 871 1177 sed
895 1141 999 1177 omnia
1026 1141 1144 1187 integra

394 1205 629 1234 conserventur,
651 1207 773 1234 eorum,
798 1204 853 1240 pro
874 1203 1010 1239 quorum
1027 1190 1146 1237 guber-

393 1246 520 1280 natione
543 1253 572 1279 et
603 1242 851 1279 substentatione
885 1252 1034 1275 concessa
1058 1248 1144 1281 sunt,

395 1295 503 1330 usibus
520 1293 712 1329 omnimodis
728 1291 898 1339 profutura.
921 1290 953 1324 Si
973 1301 1033 1336 qua
1051 1289 1145 1335 igitur

395 1345 424 1378 in
449 1344 588 1378 futurum
617 1342 829 1377 ecclesiastica
851 1339 1059 1375 saecularisve
1073 1350 1146 1386 per-

394 1407 482 1437 sona,
506 1395 585 1428 banc
608 1400 732 1427 nostrae
746 1390 980 1425 constitutionis
999 1389 1144 1435 pagiuam

394 1444 511 1488 sciens,
543 1450 649 1477 contra
677 1453 744 1476 eam
769 1448 885 1474 temere
913 1438 1019 1472 venire
1045 1445 1145 1472 tenta·

395 1493 484 1536 verit⁷
505 1492 644 1526 secundo
663 1490 793 1525 tertiove
814 1488 1016 1526 commonita,
1039 1487 1063 1521 si
1083 1498 1144 1521 non

395 1542 608 1576 satisfactione
630 1551 767 1586 congrua
795 1537 1022 1580 emendaverit,
1050 1543 1146 1582 pote-

395 1592 482 1625 statis
527 1590 720 1636 honorisque
758 1588 804 1622 sui
839 1587 991 1632 dignitate
1023 1594 1146 1629 careat⁷

396 1652 543 1687 reamque
577 1653 610 1673 se
646 1639 751 1673 divino
787 1636 904 1671 iudicio
939 1636 1073 1670 existere
1106 1634 1146 1669 (le

396 1697 571 1737 perpetrata
596 1689 758 1735 iniquitate
779 1693 966 1732 cognoscat7
998 1693 1029 1719 et
1049 1697 1066 1719 a
1093 1696 1147 1719 sa-

395 1740 573 1774 cratissimo
604 1738 745 1784 Corpore
776 1748 811 1771 ac
844 1735 1005 1780 Sanguine
1034 1733 1088 1768 Dei
1117 1740 1147 1767 et

396 1788 524 1823 Domini
550 1787 777 1833 Redeniptoris
806 1784 903 1819 nostri
938 1783 1006 1817 lesu
1029 1782 1146 1817 Cin-isti

396 1838 496 1873 aliena
520 1840 581 1877 tiat,
601 1845 696 1883 atque
723 1836 751 1869 in
773 1842 915 1875 extremo
937 1833 1081 1867 examine
1098 1831 1148 1866 di-

396 1888 521 1922 strictae
543 1887 652 1921 ultioni
687 1885 860 1919 subiaceat.
886 1882 1019 1917 Cunctis
1043 1890 1147 1916 autem

396 1937 499 1971 eidem
548 1937 617 1971 loco
657 1936 736 1970 iusta
771 1932 968 1968 servantibus
1009 1932 1048 1966 sit
1090 1943 1146 1978 pax

396 1986 524 2021 Domini
554 1986 650 2020 nostri
680 1984 748 2019 lesu
777 1981 910 2021 Christi,
938 1989 1093 2028 quatenus
1119 1988 1149 2014 et

397 2041 447 2075 bic
470 2039 571 2074 bonae
593 2039 726 2073 actionis
748 2037 882 2072 fructum
909 2035 1097 2082 percipiant„
1119 2042 1149 2068 et

397 2094 481 2142 apud
500 2093 675 2128 districtum
690 2092 828 2127 Iudicem
846 2089 983 2138 praemia
1005 2097 1149 2123 aeternae

400 2149 484 2196 pacis
506 2148 674 2182 inveniant.
698 2146 812 2185 Amen,
836 2156 940 2188 amen,
962 2155 1063 2178 amen.

447 2203 520 2237 Euo
559 2201 726 2236 Ecccsius
769 2197 942 2234 catholicae
991 2195 1150 2231 Ecclesiae

399 2257 569 2304 episcopus
591 2268 633 2289 ss⁴

449 2311 516 2357 Ego
559 2307 796 2343 Tbeodewinus
844 2304 978 2339 Sanctae
1017 2301 1151 2337 Rufinae

400 2366 569 2412 episcopus
591 2376 633 2398 ss.

450 2418 515 2464 Ego
541 2414 709 2451 Conradus
729 2412 916 2448 Sabinensis
928 2410 1097 2459 episcopus
1108 2421 1150 2444 ss.

449 2471 516 2517 Ego
546 2470 721 2516 Gregorius
756 2467 858 2515 presb.
888 2466 972 2502 cai-d.
1001 2464 1081 2498 tituli
1116 2463 1151 2497 S.

400 2523 512 2559 Calixti
535 2537 576 2558 ss.

450 2578 518 2624 Ego
544 2577 651 2613 Gnido
683 2575 785 2625 presb.
810 2574 895 2609 card.
925 2574 969 2608 tit.
998 2572 1032 2607 S.
1049 2572 1152 2619 Chry-

401 2632 513 2679 §ogoni
535 2643 577 2665 ss.

1228 402 1297 448 Ego
1325 400 1430 436 Guido
1465 400 1568 448 presb.
1597 401 1683 438 eard.
1707 401 1754 437 tit.
1780 401 1815 437 S.
1842 401 1931 439 Lau-

1182 452 1270 487 rentii
1298 451 1326 485 in
1349 450 1486 485 Damaso
1508 463 1549 485 ss.

1230 500 1296 547 Ego
1321 499 1468 535 Nicolaus
1491 500 1595 549 presb.
1618 500 1703 536 card.
1720 499 1801 537 tituli
1822 500 1930 537 Sancti

1181 549 1302 598 Cyriaci
1327 562 1369 584 ss.

1230 599 1298 646 Ego
1325 598 1505 633 Manfredus
1533 598 1637 647 presb.
1661 599 1745 634 card.
1780 599 1861 635 tituli
1895 599 1930 635 S.

1181 648 1315 683 Sabinae
1338 661 1378 682 ss.

1231 698 1299 744 Ego
1309 697 1409 732 Iulius
1424 697 1526 745 presb.
1541 697 1625 732 card.
1640 698 1683 732 tit.
1695 697 1728 732 S.
1739 697 1876 733 Marcelli
1889 711 1930 733 ss.

1232 747 1299 793 Ego
1317 746 1412 792 Greg.
1437 746 1517 783 diac.
1540 747 1624 782 cardi
1649 747 1693 781 tit.
1717 747 1767 782 Ss.
1789 746 1933 794 Sergiiet

1183 796 1298 831 Baccbi
1329 808 1370 831 ss.

1232 846 1345 881 Datum
1385 845 1514 880 Viterbii
1553 858 1607 892 per
1643 858 1769 880 manum
1802 844 1931 881 Roberti

1183 904 1308 929 sanctae
1323 894 1482 930 Romanae
1498 895 1658 930 Ecclesiae
1675 894 1847 942 presbyteri
1864 906 1934 930 car-

1184 944 1296 979 dinalis
1322 952 1351 978 et
1374 944 1562 985 cancellarii,
1586 957 1626 979 xit
1652 944 1711 980 kat.
1737 945 1822 984 maii,
1849 944 1934 978 indi·

1184 994 1288 1028 ctione
1312 1005 1380 1034 rm,
1409 994 1631 1028 incarnationis
1653 993 1828 1028 dominicae
1851 1005 1934 1027 anno

1185 1055 1307 1086 mcxcv,
1324 1042 1644 1089 pontificatusdomni
1662 1043 1796 1090 Eugenii
1813 1041 1854 1076 ΙΙΙ
1870 1041 1933 1083 ΡΙ).

1184 1105 1267 1127 anno
1295 1105 1317 1126 L

1234 1148 1293 1178 Dat.
1312 1149 1359 1179 die
1382 1148 1419 1179 25
1439 1149 1542 1188 aprilis
1561 1158 1636 1178 anno
1655 1148 1770 1179 Domini
1794 1149 1886 1186 1145,
1928 1182 1931 1186 ,

1444 1193 1546 1234 pontif.
1569 1202 1645 1223 anno
1665 1202 1682 1223 1.

1534 1347 1586 1382 lV.

1187 1425 1387 1468 Confirmatio
1427 1425 1628 1457 (tantationum
1645 1451 1652 1463 ,
1694 1435 1712 1457 a
1754 1424 1937 1457 Germaniae

1231 1475 1419 1518 proceribus,
1448 1474 1593 1518 episcopis
1630 1475 1810 1518 caeterisque
1833 1475 1937 1518 (iacta-

1235 1535 1303 1557 rum
1327 1524 1509 1555 monastario
1529 1524 1695 1567 Schyrensi
1715 1524 1748 1555 ιἰι
1778 1523 1934 1561 Bovario,

1235 1573 1285 1605 cui
1306 1573 1452 1606 nonnulla
1476 1573 1680 1606 conceduntur
1698 1573 1863 1617 privt'leqia
1877 1575 1934 1615 (t).

1457 1653 1672 1684 SL'MMARIUM

1189 1720 1353 1750 Exordium.
1376 1737 1415 1742 -
1443 1720 1648 1750 nonasterium
1673 1720 1728 1750 sub
1758 1720 1938 1760 protectione

1228 1765 1313 1794 Sedis
1353 1765 1537 1803 Apostolicae
1575 1764 1751 1803 suscipitur:
1787 1780 1827 1787 —
1861 1763 1937 1794 Bona

1229 1810 1325 1839 omnia
1346 1819 1378 1838 ac
1397 1809 1570 1838 donationes
1590 1808 1685 1837 eidem
1709 1808 1939 1838 confirmantur:

1227 1871 1265 1877 ——
1287 1854 1370 1884 Sacri
1399 1853 1540 1889 Ordines,
1563 1853 1679 1891 aliaque
1705 1852 1795 1883 huius
1823 1853 1939 1890 generis

1230 1907 1311 1929 sacra
1341 1899 1475 1937 mysteria
1495 1897 1530 1927 ab
1549 1897 1687 1937 episcopo
1707 1895 1885 1935 recipienda.
1900 1911 1942 1920 ο-

1229 1943 1326 1973 Abbas
1346 1952 1397 1982 per
1415 1942 1575 1972 monachos
1592 1941 1762 1979 eligendum
1779 1956 1819 1965 -
1837 1939 1941 1980 Sepul-

1231 1992 1323 2017 turam
1349 1988 1376 2017 in
1397 1987 1450 2016 bac
1468 1987 1594 2017 ecclesia
1619 1986 1679 2016 fore
1703 1986 1841 2025 cuiquam
1861 1984 1939 2015 libe-

1229 2041 1302 2068 ram3
1319 2048 1356 2054 —-
1386 2031 1550 2061 Advocatus
1573 2039 1690 2069 quoque
1707 2039 1759 2069 per
1782 2029 1940 2060 monachos

1230 2076 1404 2114 eligendus,
1434 2075 1490 2105 sub
1519 2074 1704 2112 conditione,
1736 2074 1813 2113 quod
1836 2073 1942 2103 huius-

1230 2122 1309 2151 modi
1338 2129 1446 2150 munus
1470 2129 1526 2150 non
1549 2120 1634 2149 cedat
1658 2119 1688 2150 in
1711 2119 1756 2148 ius
1779 2118 1943 2148 baeredita-

1230 2166 1317 2195 rium.
1343 2182 1383 2187 —
1409 2164 1521 2194 Census
1537 2172 1653 2193 annuus
1675 2161 1744 2193 Sedi
1759 2162 1941 2201 Apostolicae

1231 2209 1453 2249 persolvendus.
1471 2225 1511 2232 -
1532 2208 1639 2238 Solitae
1661 2207 1879 2236 conclusiones.

1192 2271 1309 2310 Ettgcnius
1327 2279 1446 2310 episcopus
1462 2278 1539 2299 servus
1566 2277 1683 2298 serrorum
1707 2267 1758 2306 Dei,
1776 2266 1867 2297 dilectis
1889 2267 1943 2297 titiis

1233 2316 1309 2346 Ulrico
1338 2314 1416 2345 abbati
1445 2318 1543 2345 monast.
1569 2314 1591 2343 S.
1611 2313 1695 2342 Mariae
1717 2311 1827 2352 schyren,
1842 2312 1903 2350 quod
1919 2312 1942 2341 in

1232 2362 1364 2400 episcopatu
1386 2359 1528 2398 Frisingensi
1558 2359 1627 2388 situtn
1650 2362 1692 2396 est,
1723 2357 1819 2395 eiusque
1837 2355 1944 2385 [ratribus

1233 2409 1278 2434 tani
1297 2403 1465 2443 praesentibus,
1481 2411 1550 2441 quant
1566 2402 1647 2431 lutttris
1660 2401 1791 2440 regularem
1807 2400 1875 2430 vitant
1890 2408 1942 2439 pro·

1233 2449 1306 2487 fessis,
1329 2448 1352 2478 in
1367 2452 1513 2487 perpetuum.

1242 2511 1413 2557 Religiosis
1444 2508 1611 2545 desideriis
1633 2509 1763 2554 dignum
1792 2516 1840 2542 est
1868 2507 1943 2541 faci-

1195 2561 1254 2595 lem
1272 2560 1421 2607 praebere
1435 2571 1639 2602 consensum,
1655 2566 1688 2592 ut
1702 2557 1803 2591 fidelis
1817 2557 1944 2592 devotio

1230 2636 1268 2670 (1)
1287 2635 1323 2661 Ex
1346 2634 1440 2661 Hundii
1458 2635 1522 2660 llist.
1541 2632 1696 2666 Satistmrg„
1715 2636 1776 2659 tom.
1797 2639 1835 2659 nt.

1989 2529 2107 2551 Bnorditm.
