2180 3205
22 336 71 363 An.
91 334 119 362 C.
137 334 204 362 1110

47 714 104 737 Bona
118 713 145 735 ad
157 719 203 735 eam

21 741 146 770 pertinentia
175 740 203 761 itti

23 769 184 793 confirmatum

44 1514 69 1536 Et
77 1521 109 1541 aa,
116 1522 171 1543 quae
180 1516 206 1538 ab

25 1542 121 1564 Adolasia
144 1544 207 1564 eomi-

38 1568 88 1590 ussa
115 1569 194 1591 donata

25 1597 77 1617 nunt.

43 2051 157 2082 pecatum
167 2058 209 2074 om·

28 2078 123 2108 majoriae
147 2080 209 2101 tiber-

29 2106 77 2126 utts
98 2107 120 2127 et
137 2106 208 2128 immu-

28 2130 110 2154 nitatis:

45 2433 88 2455 Sub
97 2440 166 2466 poe'na
177 2442 211 2466 ex-

39 2464 208 2490 communicatio-

858 311 895 335 ΡΛ
901 311 979 335 §cna
985 311 1033 334 Lts
1054 312 1079 335 Π
1103 313 1149 334 ΙῬ.

234 368 339 415 Papae
366 367 393 402 ll
434 366 573 413 vestigiis
611 366 808 406 insistentes,
844 366 980 413 Squilla-

229 430 358 453 censent
387 417 564 451 Ecclesiam
592 417 792 463 sulispeciali
820 416 886 450 iure
908 428 982 450 san-

228 476 295 502 ctae
322 466 417 501 Sedis
443 465 647 512 Apostolicae
667 466 889 505 confoventes,
911 472 981 499 sta-

228 516 361 559 tuimus,
388 524 415 550 et
440 515 638 561 temporibus
673 514 833 561 perpetuis
868 514 980 549 obser-

229 565 366 600 vandum
390 577 570 605 censemus,
593 572 625 598 ut
646 565 727 598 sicut
754 572 799 606 tu,
823 563 861 597 ita
884 571 913 598 et
935 563 980 597 tui

229 614 381 661 deinceps
408 625 610 649 successores
632 625 686 660 per
704 624 832 648 manum
855 624 982 658 semper

228 663 446 699 Romanorum
466 662 654 698 Pontificum
670 669 906 696 consecrentur.
930 661 978 695 Ad

231 713 309 748 baec
335 713 501 748 adiicimus
533 711 610 746 infra
644 711 775 745 fluvium
820 710 979 750 ambitus,

228 763 310 798 sicut
336 774 374 797 ex
402 761 617 808 superioribus
638 760 798 795 montibus
827 768 981 794 torrentes

230 812 260 846 in
283 811 461 854 Crocleam,
483 818 512 845 et
534 810 663 847 Alarum
687 809 811 849 fluvios,
834 816 864 843 et
883 809 978 843 iidem

230 861 316 896 fluvii
349 861 378 894 in
408 860 604 894 Adriaticum
636 858 722 894 Mare
753 859 917 899 defluunt,
946 871 979 893 ea

229 922 310 958 quae
349 910 379 944 in
418 917 590 955 conspectu
634 908 763 943 fratrum
800 916 979 943 nostrorum

229 960 453 1007 episcoporum
481 957 609 993 Siciliae
631 957 790 1001 omnium,
825 966 853 992 et
880 956 981 992 Cala-

230 1008 317 1044 briae
335 1007 543 1055 quorumdam
555 1019 659 1042 coram
673 1006 832 1053 praedicto
842 1006 980 1053 Rogerio

229 1058 356 1098 comite,
379 1065 409 1091 et
435 1069 450 1090 a
478 1056 644 1095 veteranis,
667 1064 697 1091 et
719 1057 890 1091 multorum
907 1063 981 1090 tem-

230 1119 341 1155 porum
365 1106 497 1142 testibus
522 1105 560 1140 ad
592 1105 842 1152 Squillacensem
869 1105 980 1139 Eccle-

229 1157 306 1192 siam
330 1168 368 1191 ex
401 1156 530 1202 antiquo
559 1155 749 1202 pertinuisse
777 1155 860 1189 iuxta
890 1166 981 1201 prae-

229 1213 355 1253 ceptum
397 1205 540 1239 eiusdem
581 1203 833 1251 praedecessoris
883 1203 980 1238 nostri

229 1254 347 1290 Urbani
374 1254 402 1288 ll
431 1253 559 1300 probata
582 1261 669 1288 sunt:
698 1265 731 1288 ea
759 1253 979 1294 nibilominus,

230 1317 311 1351 quae
329 1304 556 1351 Squillaeensis
570 1302 731 1338 Ecclesiae
744 1302 854 1337 beatus
868 1301 982 1348 legitur

230 1353 405 1400 Gregorius
439 1352 631 1391 contulisse,
667 1352 756 1386 firma
789 1364 915 1398 semper
952 1359 981 1386 et

232 1404 351 1448 integra
376 1402 405 1436 in
441 1410 491 1436 tua
519 1410 709 1448 tuorumque
744 1413 980 1444 successorum,

229 1461 259 1487 et
294 1452 392 1498 ipsius
419 1451 580 1485 Ecclesiae
621 1450 823 1497 possessione
858 1461 982 1496 perma-

230 1509 336 1537 neant.
363 1500 463 1535 Porro
485 1500 615 1535 colonos
629 1512 684 1534 sen
709 1499 832 1546 praedia
855 1499 893 1533 ‹le
917 1499 982 1533 Pa-

231 1550 366 1598 laeopoli
389 1550 453 1584 sive
474 1549 614 1588 Roeella,
641 1561 721 1595 quae
742 1548 906 1583 Adelasias
927 1560 982 1582 co-

230 1600 349 1634 mitissa
373 1611 443 1634 cum
461 1598 524 1633 tilio
538 1599 676 1645 Rogerio
691 1611 747 1645 pro
765 1597 982 1644 redemptione

230 1649 353 1684 animae
374 1647 548 1694 supradicti
572 1648 697 1682 comitis
719 1647 849 1694 Rogerii
873 1646 982 1693 Squil-

231 1698 330 1733 lacen.
355 1697 513 1732 Ecclesiae
534 1697 679 1735 tradidit,
711 1709 767 1730 nos
794 1696 894 1730 eidem
920 1696 983 1730 Ec-

230 1748 344 1782 clesiae
384 1759 456 1781 cum
501 1746 637 1781 oratorio
675 1745 808 1780 Sanctae
846 1745 982 1785 Mariae,

231 1797 315 1844 quod
350 1795 414 1830 illic
447 1796 540 1830 situm
575 1803 637 1834 est,
675 1795 740 1829 iure
777 1795 983 1841 proprietario

231 1845 467 1880 confirmamus.
501 1845 664 1878 Praeterea
692 1843 842 1890 quicquid
872 1844 901 1877 in
933 1844 984 1877 fu-

233 1902 336 1929 turum
354 1893 539 1928 liberalitate
554 1893 744 1940 principum,
764 1893 811 1926 vel
826 1891 984 1927 oblatione

232 1943 372 1978 fidelium
424 1943 504 1977 iuste
544 1951 638 1989 atque
680 1942 831 1976 canonice
872 1942 984 1987 poterit

232 1992 376 2039 adipisci,
399 1992 622 2038 illibatumipsi
641 2000 790 2038 perpetua
816 1990 984 2025 stabilitate

232 2049 385 2077 servetur.
411 2041 623 2075 Decernimus
647 2052 733 2086 ergo,
763 2047 795 2073 ut
818 2039 892 2073 nulli
921 2052 986 2074 om-

236 2091 311 2126 nino
333 2090 496 2124 hominum
521 2089 612 2124 liceat
640 2089 782 2124 eamdem
812 2089 983 2123 Ecclesiam

233 2146 351 2174 temere
373 2139 568 2186 perturbare,
601 2147 654 2173 aut
676 2139 746 2173 eius
769 2139 986 2185 possessiones

233 2188 368 2232 auferre,
391 2189 435 2222 vel
459 2187 579 2222 oblatas
594 2190 637 2231 (1)
661 2188 808 2226 retinere,
832 2188 985 2225 minuere,

232 2237 281 2271 vel
309 2237 484 2272 temerariis
512 2236 728 2270 vexationibus
751 2235 895 2282 fatigare,
930 2235 985 2270 sed

234 2286 364 2321 omnino
386 2286 506 2330 integra
528 2293 755 2320 conserventur
781 2297 903 2327 eorum,
933 2296 986 2330 pro

233 2347 369 2382 quorum
414 2334 665 2369 substentatione
701 2343 730 2367 et
757 2333 987 2379 gubernatione

234 2395 384 2419 concessa
408 2391 492 2423 sunt,
522 2383 630 2429 usibus
656 2381 850 2416 omnimodis
876 2381 988 2428 profu-

234 2439 315 2467 tura.
343 2432 376 2467 Si
403 2443 462 2478 qua
497 2444 572 2466 sane
599 2431 809 2467 ecclesiastica
844 2430 988 2465 saecula-

235 2481 316 2516 risre
343 2493 489 2528 persona,
508 2481 590 2515 hanc
615 2489 737 2515 nostrae
755 2480 987 2514 constitutionis

235 2530 383 2578 paginam
415 2530 537 2569 sciens,
564 2537 671 2564 contra
699 2541 767 2563 eam
795 2536 912 2562 temere
936 2541 988 2563 re-

238 2579 306 2614 nire
327 2579 503 2622 tentaverit,
530 2578 672 2613 secundo
694 2579 824 2611 tertiove
851 2589 989 2612 eommo-

237 2627 320 2671 nita,
348 2628 372 2661 si
400 2627 612 2662 satisfactione
646 2628 766 2673 integra
793 2638 856 2660 non
879 2639 990 2660 omen-

273 2688 314 2724 (l)
330 2688 449 2716 Forsitan
469 2690 583 2715 ablatas.
861 2687 898 2722 (a.
915 2686 954 2722 τ.)

1656 305 1726 339 259

1023 367 1161 409 daverit,
1202 367 1330 402 lionoris
1368 369 1415 403 sui
1455 368 1605 415 dignitate
1650 379 1774 410 careat,

1024 428 1172 462 reamque
1202 429 1235 451 sc
1273 417 1381 452 (lirino
1417 419 1535 453 iudicio
1567 419 1700 454 existere
1735 420 1775 454 de

1025 473 1198 511 perpetrata
1222 466 1386 513 iniquitate
1407 476 1588 514 cognoscat,
1621 477 1650 504 et
1680 481 1695 504 a
1723 482 1772 504 sa-

1022 514 1198 549 cratissimo
1233 514 1375 562 Corpore
1402 525 1431 551 et
1465 517 1627 563 Sanguine
1653 518 1710 553 Dei
1744 527 1775 554 et

1023 562 1247 610 Redemptor-is
1281 565 1377 599 nostri
1418 565 1486 600 lesu
1525 566 1644 602 Christi
1671 568 1774 603 aliena

1021 613 1073 656 sit,
1105 620 1198 659 atque
1226 613 1256 647 in
1275 622 1415 648 extremo
1443 616 1587 651 examine
1614 617 1775 652 districtae

1023 661 1134 696 ultioni
1162 661 1332 697 subiaceat.
1368 662 1502 699 Cunctis
1533 674 1637 700 autem
1670 667 1774 702 eidem

1023 710 1182 746 Ecclesiae
1201 711 1266 746 iura
1282 712 1481 747 servantibus
1502 714 1542 748 sit
1564 727 1622 761 pax
1644 714 1776 751 Domini

1023 761 1118 794 nostri
1140 760 1207 795 lesu
1232 760 1368 804 Christi,
1391 770 1547 809 quatenus
1574 772 1604 798 et
1632 764 1681 800 bic
1708 765 1775 800 fru-

1022 817 1106 844 ctum
1130 809 1231 844 bonae
1252 811 1385 845 actionis
1413 812 1606 859 percipiant,
1638 821 1669 848 et
1690 815 1775 861 apud

1021 858 1196 893 districtum
1211 859 1350 894 Iudicem
1367 861 1504 906 praemia
1524 869 1669 897 aeternae
1690 864 1776 910 pacis

1022 907 1192 943 inveniant.
1216 908 1330 954 Amen,
1352 921 1456 944 amen.

1071 957 1186 992 Datum
1206 957 1307 993 Later.
1329 971 1383 1005 per
1404 971 1531 994 manum
1561 958 1710 996 lobannis
1741 961 1775 996 S.

1022 1005 1059 1040 R.
1083 1006 1120 1041 E.
1147 1006 1226 1042 diac.
1251 1007 1334 1042 card,
1359 1020 1395 1042 ac
1417 1008 1660 1054 bibliothecarii,
1683 1011 1777 1046 nonis

1021 1056 1139 1102 aprilis,
1163 1056 1224 1090 ind.
1245 1069 1296 1096 ttt,
1317 1057 1468 1092 incarnat.
1492 1058 1585 1092 Dom.
1609 1070 1693 1093 anno
1711 1061 1778 1094 mil-

1021 1103 1132 1139 lesimo
1176 1106 1349 1140 centesimo
1390 1106 1533 1146 decimo,
1575 1108 1776 1154 pontificatus

1021 1162 1125 1189 autem
1149 1154 1233 1189 dom.
1257 1155 1419 1190 Pascbalis
1441 1156 1468 1190 11
1490 1156 1606 1203 Papae,
1625 1169 1708 1191 anno
1725 1171 1771 1194 xi.

1081 1210 1142 1241 Dat.
1166 1212 1212 1241 die
1235 1212 1252 1241 5
1275 1212 1377 1251 aprilis·
1399 1222 1475 1242 anno
1494 1212 1608 1243 Domini
1629 1214 1715 1251 1110,

1270 1256 1372 1295 pontif.
1391 1266 1466 1286 anno
1489 1266 1526 1286 xi.

1353 1397 1450 1432 xhtt.

1024 1468 1248 1502 Monosterz'um
1280 1470 1390 1502 Sancti
1412 1470 1569 1504 Mummii
1594 1473 1626 1504 in
1648 1473 1776 1507 tutelam

1045 1524 1167 1551 sanctae
1188 1519 1276 1551 Sectis
1295 1520 1487 1562 Apostoli'eae
1517 1522 1662 1565 recipitur
1687 1524 1748 1564 (A).

1290 1591 1503 1623 §mutatum

1024 1655 1191 1686 Exordium.
1209 1674 1249 1679 —
1266 1656 1474 1687 §tonasternnn
1496 1659 1551 1689 sub
1563 1659 1590 1689 S.
1605 1659 1689 1690 Sedis
1708 1669 1778 1699 pro-

1064 1702 1190 1731 tectione
1209 1701 1351 1740 recipitur
1373 1712 1427 1738 —;
1442 1702 1534 1741 Eique
1569 1703 1644 1733 bona
1679 1705 1777 1735 omnia

1065 1747 1292 1783 confirmantur3
1309 1763 1348 1768 —
1377 1746 1466 1776 I'rout
1487 1748 1534 1776 bic
1558 1753 1778 1778 enumerantur.

1063 1790 1233 1819 —Census
1252 1799 1370 1820 annuus
1390 1789 1458 1820 Secti
1493 1792 1680 1830 Apostolicae
1713 1802 1781 1831 per-

1066 1834 1236 1863 solvendus.
1268 1851 1307 1856 —
1342 1834 1494 1864 Decretum
1519 1836 1715 1866 immunitatis
1742 1837 1778 1866 ab

1065 1879 1300 1913 omnimolestia,
1319 1878 1354 1914 vi,
1373 1883 1427 1908 etc.
1446 1896 1485 1901 —
1500 1880 1578 1909 Etab
1590 1880 1775 1910 omniinter-

1065 1922 1202 1951 dictione.
1220 1922 1401 1952 —ttonachi
1423 1927 1517 1953 lamen
1542 1926 1780 1954 excommunica-

1066 1971 1110 1995 tos
1134 1975 1190 1995 non
1212 1966 1369 2004 recipiant:
1387 1983 1426 1988 —
1443 1967 1498 1996 Sed
1520 1968 1657 1997 defuncto
1676 1967 1780 1997 abbate

1066 2019 1223 2040 successor
1245 2012 1271 2040 el
1290 2011 1438 2040 communi
1458 2020 1606 2041 consensu
1626 2012 1661 2041 de
1677 2021 1780 2041 eorum

1066 2055 1177 2092 gremio
1200 2055 1335 2092 eligatur.
1350 2072 1391 2077 —
1411 2054 1560 2085 Censurae
1580 2061 1679 2085 contra
1714 2057 1779 2085 vio-

1068 2099 1175 2128 latores
1195 2100 1343 2138 privilegii
1367 2099 1466 2128 buius.
1488 2116 1528 2121 —
1549 2099 1703 2129 Pasclialis
1725 2100 1780 2129 Pr.

1067 2143 1256 2182 subscriptio.

1028 2203 1142 2232 t‘asctiatts
1169 2204 1289 2241 episcopus
1318 2212 1395 2233 servus
1417 2213 1534 2233 serrorum
1567 2203 1617 2240 Dei,
1641 2202 1727 2233 dilecto
1757 2204 1780 2234 in

1066 2247 1155 2277 Christo
1173 2247 1258 2276 damno
1274 2247 1377 2277 ttostntto
1395 2248 1472 2278 abbati
1490 2247 1628 2277 venerabilis
1646 2248 1781 2277 monasterii

1066 2292 1142 2321 Sancti
1159 2291 1403 2329 ttaxentii.t=litttoris,
1421 2294 1516 2330 eiusque
1530 2291 1700 2321 successoribus
1714 2301 1781 2330 regu-

1067 2336 1146 2364 lariter
1164 2336 1334 2374 promovendis,
1352 2337 1374 2365 in
1390 2340 1538 2375 perpetuum.

1078 2393 1150 2427 Piae
1174 2393 1341 2439 postulatio
1365 2392 1535 2427 voluntatis
1557 2392 1667 2427 effectu
1688 2392 1783 2427 debet

1030 2442 1233 2489 prosequenti
1262 2442 1428 2488 compleri:
1458 2441 1606 2488 quatinus
1627 2449 1657 2475 et
1683 2441 1783 2476 devo-

1030 2492 1125 2526 tionis
1149 2491 1311 2525 sinceritas
1333 2490 1529 2525 laudabiliter
1555 2490 1718 2531 enitescat,
1752 2498 1783 2525 et

1031 2540 1146 2574 utilitas
1164 2540 1320 2586 postulata
1337 2541 1380 2583 ιβ.)
1403 2539 1618 2573 indubitanter
1631 2548 1781 2573 assumat.

1065 2607 1103 2639 (l)
1121 2606 1159 2632 Ex
1186 2605 1325 2632 Cbartario
1354 2604 1505 2631 monasterii
1531 2604 1611 2630 huius
1636 2603 1720 2631 edidit
1747 2605 1783 2631 lo.

1030 2646 1129 2671 Bestius
1146 2645 1171 2671 in
1198 2645 1304 2671 Probat.
1329 2644 1362 2670 ad
1383 2645 1524 2670 Historiam
1546 2644 1680 2671 Comitum
1700 2644 1786 2670 Picta-

1033 2686 1172 2712 viensium.
1213 2684 1252 2719 (2)
1271 2684 1345 2711 Adde
1366 2687 1444 2710 vises.

1797 326 1845 352 An.
1858 325 1886 351 C.
1908 324 1978 352 1110

1831 2398 1951 2419 Exordium.
