2180 3205
35 53 45 61 -'
34 0 54 37 ¹⁴<

72 234 123 263 An.
139 233 170 262 C.
186 233 252 261 ¹136

83 935 203 958 innocendi
213 935 252 957 PP.

21 1038 31 1042 Η
72 1032 94 1052 οι
107 1027 129 1051 S.
138 1028 162 1051 R.
176 1029 253 1051 Recte-

85 1061 130 1083 nino
141 1061 241 1083 ardinn-

85 1090 134 1114 unm
143 1091 240 1112 subscri-

115 1123 209 1150 ptionos.

41 2595 51 2606 .
25 2561 32 2570 -
15 1886 56 2526 2·522ssm1ae÷c⁴rww÷·w··⁴·-<·w
24 1847 37 1863 ⁵
20 1803 45 1826 -ε
28 1746 36 1763 -
23 1691 35 1717 ·-

849 232 1060 255 lsxocssxrtcs
1090 233 1111 255 ΙΙ
1140 233 1190 255 PP-

267 286 370 322 cundo
397 286 527 321 tertiove
548 285 751 325 commonita,
773 285 799 319 si
832 298 894 319 non
914 286 1011 320 satis-

267 335 400 371 factione
421 348 559 382 congrua
583 335 813 374 emendaverit,
849 336 1012 381 potestatis

266 385 457 432 honorisque
479 386 524 419 sni
548 385 699 431 dignitate
720 392 837 423 careat,
865 396 1011 430 reamqne

266 446 300 469 sc
327 434 434 469 divino
456 435 570 469 iudicio
601 435 732 468 existere
764 432 803 468 de
837 441 1010 479 perpetrata

266 483 432 531 iniquitate
446 492 625 529 cognoscat,
638 492 668 518 et
681 494 696 517 a
712 482 922 517 sacratissimo
937 481 1013 516 Cor-

267 544 342 579 pore
363 545 398 567 ac
413 532 574 578 Sanguine
593 532 649 566 Dei
674 540 704 566 et
723 532 848 566 Domini
872 531 1012 566 Redem-

267 582 362 628 ptoris
385 583 500 616 nostris
525 581 592 616 lesu
615 581 731 616 Christi
755 581 857 615 aliena
881 581 942 619 siat,
965 587 1012 613 at-

266 642 327 677 que
349 632 379 665 in
406 639 546 665 extremo
563 631 706 664 examine
720 629 878 663 districtae
902 629 1010 663 ultioni

265 679 435 714 subiaceat.
460 679 591 714 Cunctis
608 687 712 713 antem
735 679 838 713 eidem
862 678 930 713 loco
958 690 1011 712 sna

266 729 332 763 iura
349 729 546 764 servantibus
567 729 607 762 sit
631 740 686 775 pax
707 727 744 761 D.
769 727 807 762 N.
832 727 853 761 Ι.
873 726 923 766 C.,
939 739 1013 773 qua-

266 785 358 813 tenus
375 786 406 813 et
433 779 483 813 liic
510 777 644 812 fructum
673 777 771 812 bonae
797 777 931 810 actionis
948 788 1014 823 per·

266 827 392 874 cipiant,
414 836 445 862 et
464 827 547 874 apud
575 827 750 861 districtum
772 825 910 860 Iudicem
931 838 1013 872 prac-

267 877 326 911 mia
349 885 492 912 aeternae
515 877 602 923 pacis
623 877 792 910 inveniant.
824 875 936 909 Amen.

317 925 388 961 Eoo
413 925 627 960 Lvsocnxrms
653 924 824 960 catholicae
853 923 1013 959 Ecclesiae

267 975 435 1022 episcopus
461 988 502 1009 ss.

315 1023 385 1070 Ego
406 1023 596 1058 Guillelmus
618 1022 843 1058 Praenestinus
857 1022 953 1069 episc.
970 1034 1012 1056 ss.

317 1073 383 1119 Ego
400 1073 624 1108 Tlieodevinus
641 1072 675 1107 S.
694 1072 828 1107 Rufinae
850 1073 946 1118 episc.
970 1083 1012 1105 ss.

316 1122 384 1169 Ego
405 1121 578 1168 Gregorius
595 1122 673 1157 diac.
690 1121 775 1156 card.
791 1120 897 1156 Sauct.
911 1119 1014 1155 Geor—

266 1171 309 1219 gii
337 1180 367 1206 et
393 1171 509 1206 Bacchi
537 1183 579 1206 ss.

315 1220 384 1267 Ego
405 1220 511 1255 Guido
533 1221 612 1256 diac.
639 1220 724 1255 card.
743 1220 776 1255 S.
799 1219 927 1254 Adriani
951 1231 993 1253 ss.

315 1269 383 1315 Ego
401 1269 531 1305 Boetius
549 1270 628 1305 diac.
645 1269 730 1304 card.
747 1269 937 1304 Sanctorum
951 1267 1013 1302 Viti

267 1328 298 1354 et
322 1319 454 1353 Modesti
482 1331 523 1354 ss.

316 1367 384 1414 Ego
411 1369 581 1403 Anselmus
604 1367 765 1415 presbyter
792 1367 876 1402 card.
900 1379 942 1401 ss.

318 1417 385 1464 Ego
410 1417 608 1453 Laetisredus
631 1418 735 1465 presb.
763 1416 847 1452 card.
876 1417 921 1450 tit.
950 1415 1013 1450 Ve-

268 1474 368 1502 stinae
393 1479 434 1502 ss.

316 1515 384 1562 Ego
405 1515 507 1551 Lucas
525 1515 630 1563 presb.
656 1515 740 1550 card.
758 1515 803 1549 tit.
827 1514 1015 1549 Sanctorum

269 1565 395 1600 Ioannis
420 1573 450 1600 et
470 1565 558 1600 Pauli
581 1577 623 1600 ss.

317 1614 385 1661 Ego
407 1613 633 1662 Chrysogonus
659 1614 739 1649 diac.

268 1663 384 1699 Mariae
411 1664 441 1698 in
470 1663 595 1698 Porticu
617 1675 660 1698 ss.

317 1713 394 1748 Data
413 1713 495 1747 Pisis
518 1725 572 1760 per
592 1725 704 1748 manus
719 1712 878 1760 Aymerici
892 1720 1016 1745 sanctae

269 1762 432 1805 Romanae
470 1762 632 1797 Ecclesiae
671 1762 794 1796 diacon.
830 1760 950 1796 cardin.
987 1769 1018 1795 et

269 1811 460 1852 cancellarii,
475 1825 507 1846 xi
522 1811 646 1846 kalend.
660 1811 819 1854 novemb,
834 1810 940 1845 indict.
951 1822 1017 1853 xiv,

271 1861 493 1896 incarnationis
525 1861 700 1895 dominicae
737 1872 819 1894 anno
857 1871 1016 1897 mxxxvi,

270 1910 468 1957 pontificatus
480 1922 553 1946 vero
564 1910 671 1945 domni
689 1909 863 1951 Innocentii
879 1909 980 1955 l'apae
991 1908 1017 1942 ll

270 1971 353 1994 anno
375 1971 432 1994 vii.

310 2016 371 2046 Dat.
393 2017 440 2047 die
462 2016 500 2046 22
518 2015 646 2046 octobris
666 2025 741 2045 anno
758 2015 874 2045 Domini
893 2015 978 2051 113ss,

509 2056 610 2095 pontif.
635 2065 711 2085 anno
734 2064 780 2084 vu.

768 1613 853 1677 cffd.
880 1613 1016 1647 Sanctae

566 2153 720 2188 xxxix.

275 2217 474 2262 Confirmatio
495 2217 725 2250 immunitatum
748 2215 900 2249 Ecclesiae
923 2214 1017 2246 Mar-

320 2267 456 2300 sanensis
480 2278 575 2310 prope
609 2266 781 2299 Traiectum
815 2265 942 2301 Mosae,
978 2263 1019 2295 ad

320 2316 540 2349 monasterium
562 2316 601 2348 B.
626 2315 759 2358 Remi91·i
775 2314 965 2358 pertinentis,
990 2312 1020 2343 in

321 2377 383 2410 qua
409 2365 626 2398 canonicorum
656 2365 720 2397 loco
743 2363 884 2396 monachi
909 2362 1021 2395 substi-

321 2421 449 2448 tuuntur
471 2415 530 2456 (1).

541 2467 755 2499 SUMMARIUM

273 2522 440 2554 Exordium.
456 2539 497 2545 —
516 2521 646 2552 Ecclesia
664 2521 828 2551 Marsanen.
844 2518 1021 2549 monasterio

313 2567 486 2606 Remigiano
508 2567 712 2603 confirmatum
733 2582 773 2587 —
792 2563 863 2594 Cum
887 2564 1022 2599 decreto,

310 2621 350 2657 (l)
364 2621 404 2647 Ex
421 2619 583 2648 tom.1Cod.
595 2619 736 2654 Diplomat.
749 2617 918 2651 §liraei‚pag.
931 2614 992 2642 585.

1680 223 1751 256 415

1094 290 1123 314 ut
1142 285 1257 314 clericis
1278 284 1480 315 s·=0cularibiis
1504 285 1720 315 substituantur
1741 296 1802 315 mo-

1093 330 1178 358 nziclii
1200 331 1290 368 (prout
1309 331 1335 358 in
1353 330 1484 367 rubrica).
1502 347 1541 352 —
1561 330 1746 368 l’racpositus
1765 330 1800 359 ab

1092 372 1195 401 abbate
1215 373 1242 402 S.
1263 372 1386 410 Remigii
1410 374 1563 410 eligendus
1583 373 1735 403 Leodicnsi
1756 383 1801 402 ar-

1092 417 1186 453 cliiep.
1206 417 1373 446 subiicitur.
1392 435 1430 439 —
1453 417 1560 447 Solitue
1583 418 1801 447 conclusiones.

1090 477 1129 482 —
1151 460 1311 490 lnnoccntii
1336 461 1387 492 ΡΙ).
1409 467 1435 491 ct
1455 461 1482 491 S.
1502 461 1534 491 tt.
1556 461 1588 491 E.
1609 462 1800 492 cardinalium

1092 504 1340 543 subscriptiones.

1052 569 1221 598 Innocentius
1245 571 1384 606 episcopus
1404 579 1498 600 servus
1515 579 1653 601 servornm
1673 572 1733 605 Dei,
1762 573 1801 601 di·

1094 619 1164 647 lecto
1176 618 1230 647 filio
1247 619 1344 647 oddoni
1359 620 1449 649 abbati
1466 621 1625 650 monasterti
1638 622 1663 649 S.
1678 622 1801 658 Remigii.

1096 668 1208 704 eiusque
1223 669 1419 697 successoribus
1443 670 1609 705 regulariter
1634 671 1800 700 substituen-

1097 717 1149 750 dis.
1169 718 1197 745 in
1216 719 1384 754 perpetuum.

1102 779 1257 815 Locorum
1292 781 1516 815 venerabilium
1551 793 1624 815 cura
1651 794 1709 816 nos
1738 781 1801 816 ad-

1054 837 1176 868 monet,
1203 829 1242 864 de
1269 841 1377 864 eorum
1405 830 1510 876 quiete
1543 838 1637 877 atque
1671 831 1801 865 utilitate

1054 878 1174 926 solicite
1200 879 1346 923 cogitare.
1380 878 1445 913 Nec
1478 878 1629 919 dubium,
1657 881 1740 926 quod
1775 881 1799 914 si

1054 939 1214 962 servorum
1242 927 1299 962 Dei
1333 927 1534 974 petitionibus
1562 928 1695 974 benigne
1723 941 1802 963 con-

1055 978 1222 1016 currimus,
1260 978 1375 1011 nostris
1408 977 1698 1023 opportunitatibus
1731 978 1801 1012 cle-

1056 1034 1192 1060 mentem
1225 1025 1395 1060 Dominum
1428 1026 1609 1073 reperimus.
1646 1026 1800 1073 ldeoque,

1055 1075 1168 1110 dilecte
1189 1075 1219 1109 in
1242 1074 1378 1109 Domino
1406 1074 1460 1115 lili,
1482 1075 1576 1110 Oddo
1599 1075 1712 1116 abbas,
1740 1076 1802 1110 tuis

1056 1124 1293 1159 rationabilibus
1332 1124 1592 1170 postulationibus
1630 1125 1801 1159 clementer

1055 1174 1241 1218 annuimus,
1266 1182 1357 1220 atque
1386 1173 1559 1207 libertatem
1583 1173 1741 1208 Ecclesiae
1763 1174 1801 1208 de

1055 1222 1190 1261 Marsua,
1216 1223 1253 1257 ad
1277 1223 1500 1257 monasterinm
1524 1221 1559 1256 B.
1583 1222 1802 1269 Remigiiper-

1056 1272 1194 1316 tinentis,
1216 1272 1254 1306 ab
1268 1271 1444 1306 Alexandro
1458 1271 1617 1318 qnondam
1633 1271 1800 1306 Leodiensi

1055 1321 1206 1368 episcopo
1229 1321 1282 1355 tibi
1305 1332 1486 1355 concessam
1508 1328 1538 1355 et
1560 1321 1597 1355 ab
1618 1320 1801 1355 Hermanno

1056 1372 1124 1405 eius
1145 1370 1363 1405 archidiacono
1385 1378 1414 1404 et
1435 1370 1582 1404 fratribus
1603 1369 1668 1404 suis
1693 1369 1802 1404 lauda-

1057 1428 1118 1454 tam
1150 1428 1243 1466 atque
1277 1420 1447 1458 firmatam,
1488 1419 1658 1465 praesentis
1694 1419 1802 1465 scripti

1058 1469 1166 1515 pagina
1201 1469 1384 1504 roboramus
1405 1476 1435 1502 et
1463 1468 1574 1502 suturis
1608 1467 1803 1515 temporibus

1057 1518 1272 1553 inconvulsam
1297 1530 1424 1552 manere
1451 1517 1666 1558 decernimus,
1703 1524 1736 1551 ut
1758 1517 1804 1550 vi-

1057 1567 1168 1602 delicet
1190 1575 1253 1602 tam
1276 1568 1306 1601 in
1330 1567 1560 1613 praepositura,
1591 1579 1685 1613 quam
1709 1567 1802 1600 etiam

1059 1617 1087 1650 in
1111 1617 1271 1657 canoniis,
1307 1616 1476 1650 decentibu
1497 1617 1549 1658 ll)
1581 1616 1715 1654 clericis,
1751 1614 1803 1661 qui

1058 1665 1211 1712 praefatae
1242 1665 1401 1699 Ecclesiae
1432 1665 1584 1699 beneficia
1622 1664 1803 1711 possident,

1059 1716 1142 1749 iuxta
1174 1715 1370 1762 prudentiam
1392 1722 1423 1749 et
1444 1714 1684 1760 dispositionem
1719 1722 1803 1747 tuam

1058 1773 1085 1798 et
1108 1776 1327 1798 successorum
1351 1772 1488 1806 tuorum,
1510 1763 1578 1798 loco
1602 1774 1712 1797 eorum
1735 1774 1804 1796 mo-

1060 1814 1148 1848 nachi
1172 1814 1412 1848 substituantur.

1107 1863 1308 1909 praepositus
1330 1874 1412 1905 vero,
1436 1861 1488 1908 qui
1508 1873 1544 1895 ex
1569 1868 1654 1907 parte
1676 1868 1738 1900 tua,
1757 1860 1803 1894 vel

1058 1924 1276 1946 successorum
1300 1920 1446 1950 tuorum,
1480 1910 1581 1944 eidem
1614 1910 1682 1944 loco
1714 1921 1805 1955 prae-

1060 1961 1171 1999 fuerit,
1203 1961 1396 1996 sacerdotem
1431 1959 1490 1994 snb
1531 1958 1581 1993 tali
1609 1957 1804 2005 praebenda,

1059 2010 1182 2057 qualem
1199 2011 1265 2057 ipse
1281 2010 1493 2056 praepositus,
1513 2019 1666 2042 consensu
1685 2007 1804 2041 abbatis

1059 2068 1088 2093 et
1115 2060 1242 2093 fratrum
1265 2058 1407 2093 coenobii
1434 2057 1540 2092 Sancti
1562 2056 1715 2102 Remigii,
1751 2056 1803 2102 qui

1061 2121 1115 2155 pro
1142 2116 1282 2154 tempore
1304 2107 1408 2146 suerit,
1431 2106 1615 2152 providerit,
1647 2104 1805 2139 constitu-

1061 2166 1125 2191 tum
1149 2157 1315 2192 Leodiensi
1337 2156 1556 2191 archidiacono
1579 2153 1804 2200 praesentabit,

1060 2220 1076 2241 a
1098 2219 1160 2253 qno
1183 2207 1330 2240 nimirum
1349 2205 1522 2239 animarum
1545 2204 1602 2237 sibi
1627 2215 1700 2237 cura
1717 2214 1806 2237 com-

1061 2256 1217 2294 mittetur;
1244 2264 1274 2289 et
1302 2255 1368 2301 ipse
1395 2254 1541 2288 sacerdos
1569 2252 1608 2286 de
1629 2251 1715 2286 omni
1737 2252 1807 2298 epi-

1061 2304 1176 2351 scopali
1199 2313 1228 2338 et
1253 2302 1392 2351 synodali
1427 2303 1492 2336 iure
1525 2301 1696 2335 secundnm
1724 2300 1807 2334 Leo-

1061 2354 1177 2387 diensis
1215 2353 1416 2399 episcopatus
1451 2351 1711 2385 consuetudinem
1757 2362 1807 2384 re-

1062 2402 1239 2449 spondebit.
1527 2426 1529 2428 .

1111 2451 1195 2485 Nulli
1230 2461 1304 2496 ergo
1325 2448 1490 2484 hominum
1524 2447 1633 2491 liceat,
1663 2446 1807 2482 eamdem

1063 2500 1318 2539 concessionem,
1361 2497 1552 2532 monasterio
1590 2496 1628 2531 B.
1669 2496 1807 2542 Remigii

1063 2550 1188 2594 factam,
1208 2547 1389 2594 infringere,
1411 2546 1459 2581 vel
1479 2553 1611 2587 mutare,
1633 2555 1684 2581 aut
1705 2545 1808 2592 quali-

1098 2611 1136 2647 (l)
1153 2610 1272 2637 Forsitan
1288 2609 1446 2641 deflentibus.
1486 2607 1523 2643 (u.
1541 2607 1580 2642 r.)

1817 235 1872 262 An.
1889 234 1918 262 C.
1933 233 1999 261 1150

1849 797 1957 818 Exordium

1830 1247 1925 1269 Ecclesia
1944 1247 2000 1268 >lar-

1829 1284 1903 1300 sancn.
1924 1284 1997 1299 mon..-

1830 1311 1896 1330 sterio
1916 1308 1987 1329 Remi·

1817 1342 1877 1363 triano
1891 1342 1999 1360 continna-

1817 1374 1860 1395 ῑυῐς

1832 1591 1880 1612 Cum
1906 1593 2000 1616 decreto.

1819 1626 1840 1643 nt
1856 1623 1940 1643 clericis
1956 1628 2002 1642 sae-

1820 1654 1924 1674 cularibus
1954 1653 2002 1673 sub-

1820 1686 1932 1705 stituuntur
1954 1690 2001 1704 mo-

1819 1715 1880 1736 nachi
1897 1716 1967 1742 [prout
1980 1716 2000 1735 in

1819 1747 1920 1773 rubrica).

1841 2020 1978 2047 Praepositus

1819 2052 1843 2071 ab
1851 2051 1925 2071 abbate
1936 2051 1956 2071 S.
1966 2050 2002 2072 ne-

1819 2083 1875 2108 migii
1893 2082 2002 2108 eligendus

1828 2112 1940 2133 Leodiensi
1956 2119 1992 2133 ar-

1841 2143 1979 2170 cbiepiscopo

1852 2173 1971 2194 subiicitur.
