2180 3205
923 241 1023 265 rumix
1050 241 1162 264 uanum
1686 231 1755 268 847

274 294 419 330 Consana
442 295 581 331 Ecclesia
605 296 817 331 Sawrnitanae
840 296 990 339 subiecta,
1020 299 1084 330 190
1106 309 1135 330 α.
1173 295 1248 330 Eius
1281 295 1539 343 archiepiscopus
1553 294 1805 330 consilioSaler-

374 345 469 379 nitani
497 346 670 391 eligendus,
698 349 757 380 191
785 359 815 380 α.

275 392 517 441 Consanguinea
544 407 642 441 nsque
669 395 706 429 ad
729 395 897 441 septimun·
927 395 1058 440 gradum
1082 394 1112 428 in
1138 407 1266 429 uxorem
1291 407 1351 429 non
1380 403 1426 429 cst
1449 394 1605 438 ducenda,
1627 397 1673 428 21
1693 396 1720 428 b.

274 440 450 477 Constantii
474 443 530 486 (S.)
553 443 592 478 dc
620 443 704 478 Urbe
727 443 829 478 Veteri
853 444 991 479 Ecclesia
1019 443 1078 478 sub
1114 444 1306 490 protectione
1342 444 1450 491 Apost.
1488 442 1579 478 Sedis
1613 444 1803 491 suscipitur,

375 493 597 539 canonicisque
619 494 686 527 eius
708 494 932 528 confirmantur
960 493 1039 527 bnna
1062 493 1179 533 omnia,
1202 496 1271 527 654
1302 495 1318 526 b
1351 502 1380 527 et
1400 506 1460 538 seq.

274 539 498 575 Conventriam
521 541 780 579 Licliel'eldensis,
803 554 857 576 seu
878 542 1055 577 Castrensis
1071 541 1210 577 Ecclesia
1235 542 1430 582 transfertur,
1453 542 1544 576 cuius
1569 541 1804 576 inonachisibi-

373 589 444 624 dein
468 591 651 637 regulariter
678 591 779 624 vivere
801 592 958 628 statuitur,
981 593 1051 624 219
1071 604 1090 624 α
1112 599 1142 624 et
1159 604 1217 635 seq.

274 637 524 674 Conventriense
545 639 732 674 coenobium
762 640 879 674 obtinet
917 641 1185 674 confirmationem
1220 640 1424 675 donationum
1452 648 1482 674 et
1505 639 1737 686 privilegiorum
1765 641 1804 675 ab

372 687 528 723 Edwardo
551 700 624 734 rege
645 700 886 725 concessorum.
914 692 960 723 22
988 691 1014 723 b.
1036 689 1222 736 Exemptum
1238 689 1276 724 ab
1290 688 1451 724 Ordinarii
1470 688 1696 729 iurisdictione,
1726 691 1802 724 ibid.

370 736 472 772 Sedes
496 737 689 784 episcopalis
711 738 855 779 ellicitnr,
878 741 947 772 210
971 751 1001 772 α.

273 783 518 821 conventriensi
534 786 694 821 Ecclesiae
716 786 876 821 decretum
895 788 986 822 datur
999 787 1209 822 immunitatis
1225 787 1263 821 ab
1276 787 1360 821 omni
1377 787 1532 827 molestia,
1552 788 1579 821 vi
1597 795 1663 830 ecc⁴⁷
1683 791 1755 821 220
1769 801 1800 822 α.

271 833 514 871 Corbiniacense
535 835 723 870 coenobium
745 836 894 871 eximitur
916 850 930 870 a
954 836 1149 871 subiectione
1171 836 1428 875 Flavinia-ensis,
1456 838 1521 871 251
1549 849 1568 870 α
1591 844 1621 870 et
1645 849 1703 880 seq.

271 881 539 920 Cornieriacensis
573 884 670 918 abbas
704 884 848 920 baculum
881 885 1035 931 pastorale
1062 897 1188 921 sumere
1214 885 1307 920 debet
1341 897 1378 920 ex
1400 885 1544 932 sepulcro
1572 884 1609 919 Β.
1632 885 1755 920 Martini
1777 887 1803 920 vi

369 932 486 969 decreti
514 933 635 969 Urbani
657 933 684 967 11
703 933 778 970 ΡΡ..
800 936 866 968 167
891 937 907 968 b
934 945 963 969 et
984 948 1043 980 seq.

271 981 401 1017 Corsica
424 982 526 1017 insula
547 994 609 1029 quo
632 983 702 1018 iure
721 983 829 1030 Apost.
853 983 926 1018 Setli
956 985 1127 1030 pertinens,
1152 986 1215 1018 141
1248 997 1277 1018 α,

271 1030 434 1066 Corsicani
461 1032 601 1078 episcopi
638 1031 752 1066 Pisano
775 1032 999 1071 subiiciuntur,
1031 1035 1088 1066 111
1121 1046 1151 1067 a.
1175 1032 1239 1067 Soli
1267 1033 1467 1080 Apostolicae
1487 1032 1562 1068 Sedi
1585 1033 1717 1068 subiecti
1746 1033 1804 1068 de-

368 1080 538 1123 clarantur,
561 1082 630 1116 5¹0
652 1083 680 1116 b.
704 1081 821 1116 Eorum
845 1082 1039 1117 consecratio
1061 1082 1308 1129 archiepiscopis
1335 1081 1458 1117 Pisanis
1478 1082 1663 1117 conceditur
1685 1082 1724 1116 ab
1747 1082 1804 1117 Ur-

370 1129 452 1164 bano
465 1129 492 1164 ll
515 1130 591 1168 ΡΡ.,
620 1130 819 1176 postmodnm
848 1131 884 1165 aul
908 1144 940 1165 se
964 1139 1087 1165 revocat
1113 1130 1272 1169 Pontifex,
1305 1133 1375 1165 '554
1403 1144 1431 1165 a.
1456 1131 1560 1166 Motus
1582 1131 1634 1166 illo
1656 1131 1803 1178 exemplo

369 1178 532 1214 Paschalis
554 1179 615 1213 ΡΡ.
644 1179 771 1213 eosdem
799 1180 964 1227 episcopos
985 1180 1050 1214 suis
1078 1179 1224 1214 manibus
1245 1188 1418 1219 consecrat,
1452 1182 1528 1214 ibid.
1561 1179 1708 1215 Gelasius
1727 1192 1803 1230 yero

369 1227 475 1263 datum
494 1228 575 1262 Pisis
599 1228 795 1275 privilegium
817 1229 935 1263 Rornae
958 1238 1068 1269 cassat,
1084 1230 1157 1263 ibid.
1174 1229 1242 1263 Hoc
1265 1237 1372 1275 postea
1395 1228 1469 1264 facit
1489 1228 1645 1267 Calixtus,
1668 1230 1743 1264 ibid.
1773 1232 1802 1263 b.

369 1276 598 1324 Episcoporum
621 1276 768 1313 Corsicae
792 1279 985 1313 consecratio
1014 1278 1136 1313 tandem
1160 1278 1234 1313 Sedi
1258 1279 1368 1325 Apost.
1393 1286 1578 1322 reservatur,
1606 1281 1676 1312 555
1697 1291 1727 1313 a.

270 1323 420 1360 Corsicae.
446 1327 645 1374 episcopatus
673 1326 818 1361 lanuensi
843 1327 1002 1361 Ecclesiae
1029 1328 1088 1361 iam
1114 1327 1263 1365 subiecti,
1290 1327 1392 1362 eidem
1415 1327 1652 1367 confirmantur,
1675 1328 1746 1362 670
1770 1341 1800 1362 a.

271 1373 407 1414 Cosmae
439 1375 497 1419 (S.)
530 1376 569 1410 de
601 1375 771 1411 Taliacotio
807 1377 1029 1411 monasterium
1063 1376 1184 1411 ordinis
1213 1375 1360 1411 Casinen.
1393 1376 1453 1411 sub
1485 1377 1680 1423 protectione
1710 1376 1805 1411 Sedis

368 1424 571 1472 Apostolicae
593 1425 753 1471 recipitur,
777 1425 921 1471 bonaque
943 1426 1047 1460 onmia
1070 1425 1096 1460 ei
1121 1425 1367 1469 confirmantur,
1395 1428 1461 1460 747
1485 1439 1505 1460 a
1532 1434 1561 1461 et
1585 1439 1646 1471 seq.

269 1471 385 1514 Cotum
407 1473 468 1517 (de)
491 1474 655 1513 moniales.
693 1475 723 1507 Γ.
747 1473 852 1508 Swina
871 1475 934 1518 (de)
955 1484 985 1509 et
1007 1474 1047 1509 de
1069 1474 1182 1509 Cotum
1203 1483 1255 1508 etc.

268 1520 494 1558 Cremonensis
520 1522 661 1558 Ecclesia
683 1523 952 1559 confirmationem
977 1523 1097 1558 obtinet
1121 1523 1355 1570 privilegiorum
1382 1536 1513 1559 suorum
1535 1524 1574 1559 ab
1599 1523 1736 1559 Henrico
1762 1523 1802 1558 lv

366 1570 554 1607 Germaniae
576 1584 660 1618 rege,
691 1572 824 1619 aliisque
853 1572 1095 1619 imperatoribus
1117 1584 1357 1617 concessorum,
1389 1574 1436 1607 26
1457 1586 1476 1607 α
1498 1580 1527 1607 et
1559 1586 1620 1619 seq.
1654 1573 1742 1608 Bona
1769 1585 1804 1608 ac

369 1620 437 1656 iura
463 1622 491 1657 ei
515 1621 753 1665 confirmantur,
782 1624 851 1656 486
878 1634 908 1656 a.

267 1668 494 1710 Cremonensis
516 1670 602 1709 urbis
623 1683 659 1705 ac
679 1670 834 1706 dioecesis
851 1670 1011 1706 Ecclesiae
1033 1679 1063 1706 et
1089 1683 1160 1717 pars
1178 1671 1364 1706 elericorum
1388 1671 1548 1707 Ecclesiae
1566 1672 1599 1707 S.
1623 1671 1749 1715 Mariae,
1766 1672 1804 1706 ad

366 1719 595 1764 obedientiam,
628 1719 830 1767 debitamque
866 1721 1071 1755 reverentiam
1100 1721 1129 1754 in
1166 1720 1382 1767 spiritualibus
1411 1728 1441 1755 et
1474 1720 1702 1769 temporalibus
1735 1720 1804 1768 ipso

371 1769 521 1817 episcopo
549 1769 768 1816 praestandam
789 1769 974 1809 invitantur,
999 1772 1068 1805 549
1090 1771 1107 1804 b
1127 1778 1155 1804 et
1176 1782 1235 1815 seq.

267 1817 388 1855 Cruces
408 1830 463 1854 seu
482 1818 656 1856 oblationes
691 1818 830 1855 fidelium
862 1820 1026 1854 occasione
1060 1818 1324 1866 peregrinationis
1354 1826 1384 1853 et
1419 1818 1640 1866 processionis,
1676 1821 1747 1853 524
1775 1822 1803 1854 ὑ.

376 1869 412 1906 V.
443 1876 508 1903 not.
531 1867 568 1904 ad
596 1867 714 1905 calcem
743 1868 858 1903 colum.
883 1868 984 1903 eiusd.
1559 1885 1562 1888 ⁴

268 1916 413 1953 Cruciata
443 1917 590 1952 indicitur
611 1917 649 1952 ab
675 1917 818 1964 Eugenio
840 1916 882 1951 111
908 1917 971 1952 PP.
1007 1929 1063 1964 pro
1096 1917 1279 1952 defensione
1300 1916 1415 1952 Terrae
1445 1916 1578 1952 Sanctae
1606 1916 1804 1952 Hierusalem

364 1978 438 2004 cum
470 1966 737 2013 indulgentiarum
765 1975 794 2002 et
817 1965 1052 2013 privilegiorum
1080 1967 1286 2002 concessione
1314 1978 1369 2012 pro
1391 1978 1483 2001 cruce
1510 1965 1659 2012 signatis,
1688 1967 1751 2000 521
1787 1968 1805 2000 b

365 2023 397 2050 et
416 2029 446 2050 se
470 2044 476 2050 .

268 2063 382 2100 Crucis
399 2029 465 2109 (Sil
479 2064 602 2100 ordinis
629 2065 662 2100 S.
699 2065 864 2100 Benedicti
898 2065 1132 2112 Burdigalensis
1162 2064 1319 2099 dioecesis
1341 2064 1543 2104 monasterio,
1577 2064 1803 2099 monasterium

364 2113 399 2149 S.
421 2113 571 2150 Macharii
592 2114 770 2152 subiectum
792 2114 980 2159 declaratur,
1008 2117 1073 2149 551
1106 2116 1133 2148 b.
1166 2113 1232 2149 Sub
1254 2113 1455 2160 Apostolicae
1488 2112 1582 2148 Sedis
1609 2114 1806 2160 protectione

362 2163 548 2211 suscipitur,
569 2164 661 2210 eique
682 2163 764 2199 bona
786 2163 892 2199 omnia
918 2164 1145 2199 confirmantur
1165 2172 1195 2198 et
1223 2162 1386 2210 privilegia
1401 2162 1553 2198 nonnulla
1574 2161 1805 2203 conceduntur,

365 2214 437 2248 685
458 2226 490 2249 a.
1097 2232 1101 2235 ⁴

267 2260 382 2303 Crucis
407 2261 466 2307 (S.)
503 2262 534 2297 in
557 2261 677 2298 Werda
705 2263 897 2299 monasterio
931 2262 1058 2309 antiqua
1082 2262 1161 2303 iura,
1188 2261 1351 2308 privilegia
1381 2272 1418 2296 ac
1445 2260 1527 2297 bona
1547 2261 1654 2296 omnia
1679 2261 1804 2296 conlit-

367 2319 504 2357 mantur‚
531 2313 603 2346 412
625 2314 642 2346 b
664 2320 693 2347 et
716 2325 777 2357 seq.

266 2358 424 2402 Crostum,
461 2360 611 2406 croftus,‘
631 2361 740 2403 crofta,
768 2361 843 2408 quid
866 2362 918 2402 sit,
947 2362 1015 2395 829
1043 2373 1072 2394 α.
1102 2361 1135 2393 V.
1167 2367 1231 2394 not.
1259 2359 1296 2394 ad
1325 2358 1443 2394 calcem
1465 2358 1581 2395 colum.
1610 2358 1711 2395 eiusd.

267 2408 464 2458 Cucuphatis
485 2409 545 2455 (S.)
568 2410 759 2446 Octoviense
773 2410 998 2445 monasterium
1021 2409 1079 2444 sub
1107 2409 1302 2456 protectione
1316 2408 1409 2443 Sedis
1422 2408 1621 2455 Apostolicae
1637 2408 1806 2456 recipitur,

364 2459 457 2506 eique
469 2458 551 2494 bona
578 2459 682 2495 omnia
704 2471 740 2495 ac
763 2459 926 2507 privilegia
954 2470 1100 2494 concessa
1130 2458 1368 2496 confirmantur,
1401 2460 1471 2492 195
1492 2470 1512 2492 a
1533 2466 1562 2492 et
1582 2470 1656 2502 seq„
1684 2460 1754 2492 5¹3
1776 2460 1806 2493 b.

267 2505 461 2543 Cumhertns
485 2508 691 2544 Taurinensis
717 2509 887 2557 episcopus
914 2517 943 2542 et
968 2507 1065 2542 abbas
1086 2506 1119 2541 S.
1147 2505 1310 2541 Michaelis
1331 2506 1574 2542 declarationem
1598 2506 1713 2541 habeut
1735 2518 1807 2542 con-

365 2557 492 2593 cordiae
518 2557 616 2593 l‘actae
642 2558 723 2593 inter
750 2559 836 2606 ipsos
862 2569 900 2592 ex
927 2564 1093 2604 praecepto
1114 2554 1207 2590 Sedis
1233 2555 1448 2602 Apostolicae,
1476 2559 1540 2590 101
1564 2568 1583 2590 α
1606 2564 1636 2589 et
1657 2568 1716 2600 seq.

266 2604 375 2649 Curta,
397 2613 496 2649 curte,
519 2607 628 2650 curtis,
655 2607 762 2651 cortis,
785 2606 862 2654 quid
883 2606 934 2647 sit,
963 2608 1033 2640 596
1055 2618 1085 2640 a.
1114 2605 1148 2638 V.
1165 2611 1229 2640 not.
1254 2604 1291 2639 ad
1313 2604 1432 2640 calcem
1458 2605 1577 2640 colum.
1605 2605 1708 2640 ciusd.
