<?xml version="1.0" encoding="UTF-8"?>
<!DOCTYPE html PUBLIC "-//W3C//DTD XHTML 1.0 Transitional//EN"
    "http://www.w3.org/TR/xhtml1/DTD/xhtml1-transitional.dtd">
<html xmlns="http://www.w3.org/1999/xhtml" xml:lang="en" lang="en">
 <head>
  <title>
</title>
<meta http-equiv="Content-Type" content="text/html;charset=utf-8" />
  <meta name='ocr-system' content='tesseract 3.04.00' />
  <meta name='ocr-capabilities' content='ocr_page ocr_carea ocr_par ocr_line ocrx_word'/>
</head>
<body>
  <div class='ocr_page' id='page_1' title='image "./bullarumdiplomat02cath_0134.png"; bbox 0 0 2180 3205; ppageno 0'>
   <div class='ocr_carea' id='block_1_1' title="bbox 153 239 331 268">
    <p class='ocr_par' dir='ltr' id='par_1_1' title="bbox 153 239 331 268">
     <span class='ocr_line' id='line_1_1' title="bbox 153 239 331 268; baseline -0.006 0"><span class='ocrx_word' id='word_1_1' title='bbox 153 242 202 268; x_wconf 68' lang='lat' dir='ltr'>An.</span> <span class='ocrx_word' id='word_1_2' title='bbox 223 240 251 268; x_wconf 81' lang='lat' dir='ltr'>C.</span> <span class='ocrx_word' id='word_1_3' title='bbox 272 239 331 268; x_wconf 78' lang='lat'>1081</span> 
     </span>
    </p>
   </div>
   <div class='ocr_carea' id='block_1_2' title="bbox 161 328 337 384">
    <p class='ocr_par' dir='ltr' id='par_1_2' title="bbox 161 328 337 384">
     <span class='ocr_line' id='line_1_2' title="bbox 202 328 337 353; baseline 0 -5"><span class='ocrx_word' id='word_1_4' title='bbox 202 328 245 348; x_wconf 72' lang='lat' dir='ltr'>Sut—</span> <span class='ocrx_word' id='word_1_5' title='bbox 261 333 337 353; x_wconf 71' lang='lat' dir='ltr'>poena</span> 
     </span>
     <span class='ocr_line' id='line_1_3' title="bbox 161 360 328 384; baseline 0.006 -10"><span class='ocrx_word' id='word_1_6' title='bbox 161 361 191 384; x_wconf 54' lang='lat' dir='ltr'>ex«</span> <span class='ocrx_word' id='word_1_7' title='bbox 201 366 204 372; x_wconf 83' lang='grc'><strong>-</strong></span> <span class='ocrx_word' id='word_1_8' title='bbox 214 360 328 375; x_wconf 75' lang='lat' dir='ltr'>mmmm-a-</span> 
     </span>
    </p>
   </div>
   <div class='ocr_carea' id='block_1_3' title="bbox 153 385 222 401">
    <p class='ocr_par' dir='ltr' id='par_1_3' title="bbox 153 385 222 401">
     <span class='ocr_line' id='line_1_4' title="bbox 153 385 222 401; baseline -0.014 0"><span class='ocrx_word' id='word_1_9' title='bbox 153 385 222 401; x_wconf 36' lang='lat' dir='ltr'>&#39;suin</span> 
     </span>
    </p>
   </div>
   <div class='ocr_carea' id='block_1_4' title="bbox 184 1907 324 1929">
    <p class='ocr_par' dir='ltr' id='par_1_4' title="bbox 184 1907 324 1929">
     <span class='ocr_line' id='line_1_5' title="bbox 184 1907 324 1929; baseline 0.007 -2"><span class='ocrx_word' id='word_1_10' title='bbox 184 1907 324 1929; x_wconf 70' lang='lat' dir='ltr'>Prooemium.</span> 
     </span>
    </p>
   </div>
   <div class='ocr_carea' id='block_1_5' title="bbox 410 217 479 251">
    <p class='ocr_par' dir='ltr' id='par_1_5' title="bbox 410 217 479 251">
     <span class='ocr_line' id='line_1_6' title="bbox 410 217 479 251; baseline -0.014 0"><span class='ocrx_word' id='word_1_11' title='bbox 410 217 479 251; x_wconf 77' lang='lat'>116</span> 
     </span>
    </p>
   </div>
   <div class='ocr_carea' id='block_1_6' title="bbox 354 278 1132 816">
    <p class='ocr_par' dir='ltr' id='par_1_6' title="bbox 354 278 1132 816">
     <span class='ocr_line' id='line_1_7' title="bbox 356 278 1106 329; baseline -0.005 -13"><span class='ocrx_word' id='word_1_12' title='bbox 356 289 415 323; x_wconf 86' lang='lat' dir='ltr'>est,</span> <span class='ocrx_word' id='word_1_13' title='bbox 437 281 563 329; x_wconf 73' lang='lat' dir='ltr'>quietus</span> <span class='ocrx_word' id='word_1_14' title='bbox 585 288 614 315; x_wconf 81' lang='lat' dir='ltr'>et</span> <span class='ocrx_word' id='word_1_15' title='bbox 649 291 778 314; x_wconf 84' lang='lat' dir='ltr'>securus</span> <span class='ocrx_word' id='word_1_16' title='bbox 804 278 843 312; x_wconf 88' lang='lat' dir='ltr'>ab</span> <span class='ocrx_word' id='word_1_17' title='bbox 871 280 957 313; x_wconf 89' lang='lat' dir='ltr'>omni</span> <span class='ocrx_word' id='word_1_18' title='bbox 983 287 1106 326; x_wconf 82' lang='lat' dir='ltr'>pertur-</span> 
     </span>
     <span class='ocr_line' id='line_1_8' title="bbox 357 327 1105 376; baseline -0.004 -11"><span class='ocrx_word' id='word_1_19' title='bbox 357 330 482 365; x_wconf 79' lang='lat' dir='ltr'>batione</span> <span class='ocrx_word' id='word_1_20' title='bbox 507 337 698 376; x_wconf 87' lang='lat' dir='ltr'>pcrmaneat.</span> <span class='ocrx_word' id='word_1_21' title='bbox 732 327 766 362; x_wconf 92' lang='lat' dir='ltr'>Si</span> <span class='ocrx_word' id='word_1_22' title='bbox 799 328 870 374; x_wconf 88' lang='lat' dir='ltr'>quis</span> <span class='ocrx_word' id='word_1_23' title='bbox 897 328 970 374; x_wconf 66' lang='lat' dir='ltr'>ergo</span> <span class='ocrx_word' id='word_1_24' title='bbox 998 338 1105 362; x_wconf 84' lang='lat' dir='ltr'>contra</span> 
     </span>
     <span class='ocr_line' id='line_1_9' title="bbox 356 376 1105 414; baseline -0.005 0"><span class='ocrx_word' id='word_1_25' title='bbox 356 379 434 414; x_wconf 86' lang='lat' dir='ltr'>hacc</span> <span class='ocrx_word' id='word_1_26' title='bbox 461 386 564 412; x_wconf 84' lang='lat' dir='ltr'>nostra</span> <span class='ocrx_word' id='word_1_27' title='bbox 593 376 736 411; x_wconf 88' lang='lat' dir='ltr'>mandata</span> <span class='ocrx_word' id='word_1_28' title='bbox 765 385 972 411; x_wconf 83' lang='lat' dir='ltr'>memoratum</span> <span class='ocrx_word' id='word_1_29' title='bbox 1001 377 1105 411; x_wconf 80' lang='lat' dir='ltr'>locum</span> 
     </span>
     <span class='ocr_line' id='line_1_10' title="bbox 356 421 1130 474; baseline 0.001 -14"><span class='ocrx_word' id='word_1_30' title='bbox 356 427 524 465; x_wconf 72' lang='lat' dir='ltr'>vexaverit,</span> <span class='ocrx_word' id='word_1_31' title='bbox 546 426 727 460; x_wconf 88' lang='lat' dir='ltr'>admonitus</span> <span class='ocrx_word' id='word_1_32' title='bbox 748 426 844 460; x_wconf 86' lang='lat' dir='ltr'>semel</span> <span class='ocrx_word' id='word_1_33' title='bbox 866 433 896 460; x_wconf 87' lang='lat' dir='ltr'>et</span> <span class='ocrx_word' id='word_1_34' title='bbox 923 426 1034 460; x_wconf 87' lang='lat' dir='ltr'>iterum</span> <span class='ocrx_word' id='word_1_35' title='bbox 1054 438 1107 461; x_wconf 86' lang='lat' dir='ltr'>us·</span> <span class='ocrx_word' id='word_1_36' title='bbox 1127 421 1130 474; x_wconf 68' lang='lat' dir='ltr'>J</span> 
     </span>
     <span class='ocr_line' id='line_1_11' title="bbox 356 475 1130 531; baseline -0.003 -21"><span class='ocrx_word' id='word_1_37' title='bbox 356 488 417 524; x_wconf 85' lang='lat' dir='ltr'>que</span> <span class='ocrx_word' id='word_1_38' title='bbox 441 476 531 509; x_wconf 89' lang='lat' dir='ltr'>tertio</span> <span class='ocrx_word' id='word_1_39' title='bbox 557 487 614 521; x_wconf 88' lang='lat' dir='ltr'>per</span> <span class='ocrx_word' id='word_1_40' title='bbox 641 475 865 510; x_wconf 75' lang='lat' dir='ltr'>convenientes</span> <span class='ocrx_word' id='word_1_41' title='bbox 893 475 1053 513; x_wconf 81' lang='lat' dir='ltr'>inducias.</span> <span class='ocrx_word' id='word_1_42' title='bbox 1082 475 1105 509; x_wconf 92' lang='lat' dir='ltr'>si</span> <span class='ocrx_word' id='word_1_43' title='bbox 1127 479 1130 531; x_wconf 64' lang='lat' dir='ltr'>J</span> 
     </span>
     <span class='ocr_line' id='line_1_12' title="bbox 356 523 1131 580; baseline -0.001 -21"><span class='ocrx_word' id='word_1_44' title='bbox 356 536 420 559; x_wconf 90' lang='lat' dir='ltr'>non</span> <span class='ocrx_word' id='word_1_45' title='bbox 452 523 644 571; x_wconf 79' lang='lat' dir='ltr'>resipuerit,</span> <span class='ocrx_word' id='word_1_46' title='bbox 675 524 752 558; x_wconf 88' lang='lat' dir='ltr'>sciat</span> <span class='ocrx_word' id='word_1_47' title='bbox 786 535 819 558; x_wconf 87' lang='lat' dir='ltr'>se</span> <span class='ocrx_word' id='word_1_48' title='bbox 853 536 868 558; x_wconf 91' lang='lat' dir='ltr'>a</span> <span class='ocrx_word' id='word_1_49' title='bbox 895 525 992 568; x_wconf 81' lang='lat' dir='ltr'>gratia</span> <span class='ocrx_word' id='word_1_50' title='bbox 1027 523 1131 580; x_wconf 51' lang='lat' dir='ltr'>beati}</span> 
     </span>
     <span class='ocr_line' id='line_1_13' title="bbox 355 572 1131 620; baseline 0.001 -12"><span class='ocrx_word' id='word_1_51' title='bbox 355 572 440 608; x_wconf 89' lang='lat' dir='ltr'>Petri</span> <span class='ocrx_word' id='word_1_52' title='bbox 463 580 662 620; x_wconf 87' lang='lat' dir='ltr'>separatum;</span> <span class='ocrx_word' id='word_1_53' title='bbox 690 580 721 607; x_wconf 91' lang='lat' dir='ltr'>et</span> <span class='ocrx_word' id='word_1_54' title='bbox 743 572 802 607; x_wconf 90' lang='lat' dir='ltr'>nisi</span> <span class='ocrx_word' id='word_1_55' title='bbox 820 573 1017 612; x_wconf 74' lang='lat' dir='ltr'><strong>satisfecerit,</strong></span> <span class='ocrx_word' id='word_1_56' title='bbox 1039 585 1110 608; x_wconf 87' lang='lat' dir='ltr'>ana-</span> <span class='ocrx_word' id='word_1_57' title='bbox 1128 581 1131 609; x_wconf 71' lang='grc' dir='ltr'><strong>ἔ</strong></span> 
     </span>
     <span class='ocr_line' id='line_1_14' title="bbox 355 611 1132 684; baseline -0.001 -27"><span class='ocrx_word' id='word_1_58' title='bbox 355 622 504 657; x_wconf 74' lang='lat' dir='ltr'>thematis</span> <span class='ocrx_word' id='word_1_59' title='bbox 519 622 651 657; x_wconf 79' lang='lat' dir='ltr'>vinculis</span> <span class='ocrx_word' id='word_1_60' title='bbox 666 621 901 663; x_wconf 78' lang='lat' dir='ltr'>innodandum3</span> <span class='ocrx_word' id='word_1_61' title='bbox 917 623 1108 669; x_wconf 82' lang='lat' dir='ltr'>quicumque</span> <span class='ocrx_word' id='word_1_62' title='bbox 1128 611 1132 684; x_wconf 70' lang='lat' dir='ltr'>J</span> 
     </span>
     <span class='ocr_line' id='line_1_15' title="bbox 354 670 1132 718; baseline 0 -13"><span class='ocrx_word' id='word_1_63' title='bbox 354 683 429 706; x_wconf 66' lang='lat' dir='ltr'>vero</span> <span class='ocrx_word' id='word_1_64' title='bbox 453 678 581 718; x_wconf 81' lang='lat' dir='ltr'>propter</span> <span class='ocrx_word' id='word_1_65' title='bbox 607 671 812 718; x_wconf 87' lang='lat' dir='ltr'>apostolicam</span> <span class='ocrx_word' id='word_1_66' title='bbox 843 672 1046 706; x_wconf 82' lang='lat' dir='ltr'>reverentiam</span> <span class='ocrx_word' id='word_1_67' title='bbox 1071 670 1132 716; x_wconf 73' lang='lat' dir='ltr'>ab;</span> 
     </span>
     <span class='ocr_line' id='line_1_16' title="bbox 357 719 1132 773; baseline 0 -19"><span class='ocrx_word' id='word_1_68' title='bbox 357 720 555 755; x_wconf 83' lang='lat' dir='ltr'>infestatione</span> <span class='ocrx_word' id='word_1_69' title='bbox 583 720 684 767; x_wconf 91' lang='lat' dir='ltr'>ipsius</span> <span class='ocrx_word' id='word_1_70' title='bbox 705 721 777 762; x_wconf 88' lang='lat' dir='ltr'>loci,</span> <span class='ocrx_word' id='word_1_71' title='bbox 799 728 830 755; x_wconf 89' lang='lat' dir='ltr'>et</span> <span class='ocrx_word' id='word_1_72' title='bbox 854 720 992 756; x_wconf 89' lang='lat' dir='ltr'>laesione</span> <span class='ocrx_word' id='word_1_73' title='bbox 1019 720 1110 763; x_wconf 85' lang='lat' dir='ltr'>(sicut</span> <span class='ocrx_word' id='word_1_74' title='bbox 1129 719 1132 773; x_wconf 98' lang='lat' dir='ltr'>J</span> 
     </span>
     <span class='ocr_line' id='line_1_17' title="bbox 357 769 1132 816; baseline -0.003 -11"><span class='ocrx_word' id='word_1_75' title='bbox 357 769 564 805; x_wconf 81' lang='lat' dir='ltr'>christianum</span> <span class='ocrx_word' id='word_1_76' title='bbox 579 769 679 813; x_wconf 87' lang='lat' dir='ltr'>decet)</span> <span class='ocrx_word' id='word_1_77' title='bbox 697 782 730 804; x_wconf 83' lang='lat' dir='ltr'>se</span> <span class='ocrx_word' id='word_1_78' title='bbox 745 770 948 810; x_wconf 83' lang='lat' dir='ltr'>continuerit,</span> <span class='ocrx_word' id='word_1_79' title='bbox 971 781 1108 816; x_wconf 87' lang='lat' dir='ltr'>eumque</span> <span class='ocrx_word' id='word_1_80' title='bbox 1129 775 1132 816; x_wconf 44' lang='grc' dir='ltr'>ᾗ</span> 
     </span>
    </p>
   </div>
   <div class='ocr_carea' id='block_1_7' title="bbox 357 817 1132 865">
    <p class='ocr_par' dir='ltr' id='par_1_7' title="bbox 357 817 1132 865">
     <span class='ocr_line' id='line_1_18' title="bbox 357 817 1132 865; baseline -0.003 -11"><span class='ocrx_word' id='word_1_81' title='bbox 357 818 504 854; x_wconf 81' lang='lat' dir='ltr'>adiuvare</span> <span class='ocrx_word' id='word_1_82' title='bbox 536 818 711 859; x_wconf 77' lang='lat' dir='ltr'>studuerit,</span> <span class='ocrx_word' id='word_1_83' title='bbox 746 819 870 854; x_wconf 86' lang='lat' dir='ltr'>veniam</span> <span class='ocrx_word' id='word_1_84' title='bbox 909 817 1132 865; x_wconf 63' lang='lat' dir='ltr'>peccatorum}</span> 
     </span>
    </p>
   </div>
   <div class='ocr_carea' id='block_1_8' title="bbox 940 225 1131 249">
    <p class='ocr_par' dir='ltr' id='par_1_8' title="bbox 940 225 1131 249">
     <span class='ocr_line' id='line_1_19' title="bbox 940 225 1131 249; baseline -0.005 0"><span class='ocrx_word' id='word_1_85' title='bbox 940 225 1131 249; x_wconf 66' lang='lat' dir='ltr'>ntuattitru</span> 
     </span>
    </p>
   </div>
   <div class='ocr_carea' id='block_1_9' title="bbox 1159 224 1322 247">
    <p class='ocr_par' dir='ltr' id='par_1_9' title="bbox 1159 224 1322 247">
     <span class='ocr_line' id='line_1_20' title="bbox 1159 224 1322 247; baseline 0 0"><span class='ocrx_word' id='word_1_86' title='bbox 1159 224 1322 247; x_wconf 48' lang='lat' dir='ltr'>stur-{Astu</span> 
     </span>
    </p>
   </div>
   <div class='ocr_carea' id='block_1_10' title="bbox 1150 275 1901 373">
    <p class='ocr_par' dir='ltr' id='par_1_10' title="bbox 1150 275 1901 373">
     <span class='ocr_line' id='line_1_21' title="bbox 1150 275 1898 325; baseline 0.003 -14"><span class='ocrx_word' id='word_1_87' title='bbox 1150 278 1245 317; x_wconf 76' lang='lat' dir='ltr'>tibus,</span> <span class='ocrx_word' id='word_1_88' title='bbox 1261 278 1357 312; x_wconf 81' lang='lat' dir='ltr'>nostri</span> <span class='ocrx_word' id='word_1_89' title='bbox 1375 277 1488 311; x_wconf 52' lang='lat' dir='ltr'>{livoris</span> <span class='ocrx_word' id='word_1_90' title='bbox 1512 275 1670 320; x_wconf 80' lang='lat' dir='ltr'>fiduciam,</span> <span class='ocrx_word' id='word_1_91' title='bbox 1692 284 1722 312; x_wconf 88' lang='lat' dir='ltr'>et</span> <span class='ocrx_word' id='word_1_92' title='bbox 1735 277 1898 325; x_wconf 81' lang='lat' dir='ltr'>apostolici</span> 
     </span>
     <span class='ocr_line' id='line_1_22' title="bbox 1151 327 1901 373; baseline 0.001 -12"><span class='ocrx_word' id='word_1_93' title='bbox 1151 327 1334 361; x_wconf 70' lang='lat' dir='ltr'>muniminis</span> <span class='ocrx_word' id='word_1_94' title='bbox 1356 327 1555 361; x_wconf 83' lang='lat' dir='ltr'>securitatem</span> <span class='ocrx_word' id='word_1_95' title='bbox 1585 327 1713 372; x_wconf 89' lang='lat' dir='ltr'>pronius</span> <span class='ocrx_word' id='word_1_96' title='bbox 1733 327 1901 373; x_wconf 78' lang='lat' dir='ltr'>indulgea-</span> 
     </span>
    </p>
   </div>
   <div class='ocr_carea' id='block_1_11' title="bbox 1127 375 1901 423">
    <p class='ocr_par' dir='ltr' id='par_1_11' title="bbox 1127 375 1901 423">
     <span class='ocr_line' id='line_1_23' title="bbox 1127 375 1901 423; baseline 0.001 -13"><span class='ocrx_word' id='word_1_97' title='bbox 1127 388 1239 420; x_wconf 76' lang='lat' dir='ltr'>¹nius,</span> <span class='ocrx_word' id='word_1_98' title='bbox 1267 384 1446 423; x_wconf 79' lang='lat' dir='ltr'>quatenus,</span> <span class='ocrx_word' id='word_1_99' title='bbox 1481 375 1534 422; x_wconf 90' lang='lat' dir='ltr'>qui</span> <span class='ocrx_word' id='word_1_100' title='bbox 1570 375 1738 410; x_wconf 87' lang='lat' dir='ltr'>miseraute</span> <span class='ocrx_word' id='word_1_101' title='bbox 1764 375 1901 411; x_wconf 88' lang='lat' dir='ltr'>Domino</span> 
     </span>
    </p>
   </div>
   <div class='ocr_carea' id='block_1_12' title="bbox 1150 424 1903 866">
    <p class='ocr_par' dir='ltr' id='par_1_12' title="bbox 1150 424 1903 866">
     <span class='ocr_line' id='line_1_24' title="bbox 1151 424 1901 472; baseline 0.003 -14"><span class='ocrx_word' id='word_1_102' title='bbox 1151 424 1297 470; x_wconf 80' lang='lat' dir='ltr'>perfidiae</span> <span class='ocrx_word' id='word_1_103' title='bbox 1320 424 1476 466; x_wconf 55' lang='lat' dir='ltr'>tenebras7</span> <span class='ocrx_word' id='word_1_104' title='bbox 1499 437 1533 459; x_wconf 87' lang='lat' dir='ltr'>ac</span> <span class='ocrx_word' id='word_1_105' title='bbox 1552 424 1667 459; x_wconf 91' lang='lat' dir='ltr'>erroris</span> <span class='ocrx_word' id='word_1_106' title='bbox 1685 424 1814 472; x_wconf 86' lang='lat' dir='ltr'>laqueos</span> <span class='ocrx_word' id='word_1_107' title='bbox 1827 437 1901 460; x_wconf 83' lang='lat' dir='ltr'>eva-</span> 
     </span>
     <span class='ocr_line' id='line_1_25' title="bbox 1150 473 1901 515; baseline 0.001 -7"><span class='ocrx_word' id='word_1_108' title='bbox 1150 483 1269 515; x_wconf 81' lang='lat' dir='ltr'>serunt,</span> <span class='ocrx_word' id='word_1_109' title='bbox 1293 474 1404 509; x_wconf 86' lang='lat' dir='ltr'>ecdem</span> <span class='ocrx_word' id='word_1_110' title='bbox 1429 474 1554 508; x_wconf 80' lang='lat' dir='ltr'>iuvante</span> <span class='ocrx_word' id='word_1_111' title='bbox 1577 474 1608 507; x_wconf 91' lang='lat' dir='ltr'>in</span> <span class='ocrx_word' id='word_1_112' title='bbox 1628 473 1815 509; x_wconf 77' lang='lat' dir='ltr'>christianae</span> <span class='ocrx_word' id='word_1_113' title='bbox 1829 474 1901 509; x_wconf 82' lang='lat' dir='ltr'>fidei</span> 
     </span>
     <span class='ocr_line' id='line_1_26' title="bbox 1150 523 1902 570; baseline 0.003 -14"><span class='ocrx_word' id='word_1_114' title='bbox 1150 523 1268 569; x_wconf 77' lang='lat' dir='ltr'>vigore,</span> <span class='ocrx_word' id='word_1_115' title='bbox 1287 535 1323 558; x_wconf 89' lang='lat' dir='ltr'>ac</span> <span class='ocrx_word' id='word_1_116' title='bbox 1346 523 1505 568; x_wconf 77' lang='lat' dir='ltr'>religionis</span> <span class='ocrx_word' id='word_1_117' title='bbox 1531 523 1739 569; x_wconf 86' lang='lat' dir='ltr'>amplitudine</span> <span class='ocrx_word' id='word_1_118' title='bbox 1765 535 1821 570; x_wconf 91' lang='lat' dir='ltr'>per</span> <span class='ocrx_word' id='word_1_119' title='bbox 1843 535 1902 559; x_wconf 89' lang='lat' dir='ltr'>no-</span> 
     </span>
     <span class='ocr_line' id='line_1_27' title="bbox 1150 571 1901 619; baseline 0.003 -13"><span class='ocrx_word' id='word_1_120' title='bbox 1150 580 1231 607; x_wconf 84' lang='lat' dir='ltr'>strae</span> <span class='ocrx_word' id='word_1_121' title='bbox 1258 572 1462 619; x_wconf 71' lang='lat' dir='ltr'>benignitatis</span> <span class='ocrx_word' id='word_1_122' title='bbox 1499 571 1663 615; x_wconf 87' lang='lat' dir='ltr'>studium,</span> <span class='ocrx_word' id='word_1_123' title='bbox 1689 584 1725 607; x_wconf 88' lang='lat' dir='ltr'>ac</span> <span class='ocrx_word' id='word_1_124' title='bbox 1759 573 1901 608; x_wconf 85' lang='lat' dir='ltr'>tuitionis</span> 
     </span>
     <span class='ocr_line' id='line_1_28' title="bbox 1150 621 1902 667; baseline 0 -11"><span class='ocrx_word' id='word_1_125' title='bbox 1150 621 1342 656; x_wconf 87' lang='lat' dir='ltr'>adiutorium</span> <span class='ocrx_word' id='word_1_126' title='bbox 1383 622 1482 667; x_wconf 68' lang='lat' dir='ltr'>magis</span> <span class='ocrx_word' id='word_1_127' title='bbox 1517 629 1546 655; x_wconf 89' lang='lat' dir='ltr'>et</span> <span class='ocrx_word' id='word_1_128' title='bbox 1585 621 1684 667; x_wconf 82' lang='lat' dir='ltr'>magis</span> <span class='ocrx_word' id='word_1_129' title='bbox 1722 632 1902 657; x_wconf 82' lang='lat' dir='ltr'>excrescere</span> 
     </span>
     <span class='ocr_line' id='line_1_29' title="bbox 1151 670 1902 714; baseline 0.003 -10"><span class='ocrx_word' id='word_1_130' title='bbox 1151 670 1282 704; x_wconf 79' lang='lat' dir='ltr'>valeant.</span> <span class='ocrx_word' id='word_1_131' title='bbox 1322 670 1535 712; x_wconf 78' lang='lat' dir='ltr'>Quamobrem</span> <span class='ocrx_word' id='word_1_132' title='bbox 1552 697 1562 714; x_wconf 88' lang='lat'>,</span> <span class='ocrx_word' id='word_1_133' title='bbox 1606 670 1767 705; x_wconf 80' lang='lat' dir='ltr'>carissime</span> <span class='ocrx_word' id='word_1_134' title='bbox 1808 670 1902 706; x_wconf 88' lang='lat' dir='ltr'>frater</span> 
     </span>
     <span class='ocr_line' id='line_1_30' title="bbox 1151 718 1901 763; baseline 0.004 -11"><span class='ocrx_word' id='word_1_135' title='bbox 1151 719 1290 763; x_wconf 75' lang='lat' dir='ltr'>Alclieri,</span> <span class='ocrx_word' id='word_1_136' title='bbox 1314 719 1567 754; x_wconf 78' lang='lat' dir='ltr'>panormitanam</span> <span class='ocrx_word' id='word_1_137' title='bbox 1589 718 1764 754; x_wconf 83' lang='lat' dir='ltr'>Ecclesiam</span> <span class='ocrx_word' id='word_1_138' title='bbox 1782 720 1832 755; x_wconf 90' lang='lat' dir='ltr'>cui</span> <span class='ocrx_word' id='word_1_139' title='bbox 1855 728 1901 762; x_wconf 88' lang='lat' dir='ltr'>tu,</span> 
     </span>
     <span class='ocr_line' id='line_1_31' title="bbox 1150 767 1900 815; baseline 0.005 -14"><span class='ocrx_word' id='word_1_140' title='bbox 1150 767 1288 803; x_wconf 88' lang='lat' dir='ltr'>Domino</span> <span class='ocrx_word' id='word_1_141' title='bbox 1323 777 1467 809; x_wconf 85' lang='lat' dir='ltr'>auctore,</span> <span class='ocrx_word' id='word_1_142' title='bbox 1511 780 1644 815; x_wconf 72' lang='lat' dir='ltr'>praeesse</span> <span class='ocrx_word' id='word_1_143' title='bbox 1683 768 1900 815; x_wconf 83' lang='lat' dir='ltr'>dignosceris,</span> 
     </span>
     <span class='ocr_line' id='line_1_32' title="bbox 1151 817 1903 866; baseline 0.004 -16"><span class='ocrx_word' id='word_1_144' title='bbox 1151 829 1232 863; x_wconf 91' lang='lat' dir='ltr'>quae</span> <span class='ocrx_word' id='word_1_145' title='bbox 1251 818 1407 864; x_wconf 89' lang='lat' dir='ltr'>quondam</span> <span class='ocrx_word' id='word_1_146' title='bbox 1433 817 1548 852; x_wconf 89' lang='lat' dir='ltr'>nobilis</span> <span class='ocrx_word' id='word_1_147' title='bbox 1570 825 1600 851; x_wconf 91' lang='lat' dir='ltr'>et</span> <span class='ocrx_word' id='word_1_148' title='bbox 1618 817 1747 862; x_wconf 83' lang='lat' dir='ltr'>famosa,</span> <span class='ocrx_word' id='word_1_149' title='bbox 1765 827 1903 866; x_wconf 87' lang='lat' dir='ltr'>postmo-</span> 
     </span>
    </p>
   </div>
   <div class='ocr_carea' id='block_1_13' title="bbox 358 853 1901 914">
    <p class='ocr_par' dir='ltr' id='par_1_13' title="bbox 358 853 1901 914">
     <span class='ocr_line' id='line_1_33' title="bbox 358 853 1901 914; baseline 0.001 -12"><span class='ocrx_word' id='word_1_150' title='bbox 358 879 513 912; x_wconf 82' lang='lat' dir='ltr'>suorum,</span> <span class='ocrx_word' id='word_1_151' title='bbox 546 875 577 902; x_wconf 88' lang='lat' dir='ltr'>et</span> <span class='ocrx_word' id='word_1_152' title='bbox 607 868 738 914; x_wconf 80' lang='lat' dir='ltr'>gratiam</span> <span class='ocrx_word' id='word_1_153' title='bbox 773 867 856 902; x_wconf 89' lang='lat' dir='ltr'>beati</span> <span class='ocrx_word' id='word_1_154' title='bbox 883 867 992 911; x_wconf 76' lang='lat' dir='ltr'>Petri,</span> <span class='ocrx_word' id='word_1_155' title='bbox 1024 868 1048 902; x_wconf 92' lang='lat' dir='ltr'>si</span> <span class='ocrx_word' id='word_1_156' title='bbox 1077 867 1107 901; x_wconf 94' lang='lat' dir='ltr'>iu</span> <span class='ocrx_word' id='word_1_157' title='bbox 1129 853 1132 892; x_wconf 87' lang='lat' dir='ltr'>l</span> <span class='ocrx_word' id='word_1_158' title='bbox 1151 867 1226 900; x_wconf 90' lang='lat' dir='ltr'>dum</span> <span class='ocrx_word' id='word_1_159' title='bbox 1243 867 1378 912; x_wconf 87' lang='lat' dir='ltr'>peccatis</span> <span class='ocrx_word' id='word_1_160' title='bbox 1399 866 1598 910; x_wconf 76' lang='lat' dir='ltr'>exigentibus</span> <span class='ocrx_word' id='word_1_161' title='bbox 1615 866 1646 901; x_wconf 90' lang='lat' dir='ltr'>in</span> <span class='ocrx_word' id='word_1_162' title='bbox 1668 867 1901 903; x_wconf 86' lang='lat' dir='ltr'>Saracenorum</span> 
     </span>
    </p>
   </div>
   <div class='ocr_carea' id='block_1_14' title="bbox 358 916 828 1001">
    <p class='ocr_par' dir='ltr' id='par_1_14' title="bbox 358 916 828 1001">
     <span class='ocr_line' id='line_1_34' title="bbox 359 916 828 963; baseline 0 -11"><span class='ocrx_word' id='word_1_163' title='bbox 359 916 454 952; x_wconf 84' lang='lat' dir='ltr'>bonis</span> <span class='ocrx_word' id='word_1_164' title='bbox 495 917 760 963; x_wconf 80' lang='lat' dir='ltr'>perseveraverit,</span> <span class='ocrx_word' id='word_1_165' title='bbox 794 929 828 952; x_wconf 89' lang='lat' dir='ltr'>se</span> 
     </span>
     <span class='ocr_line' id='line_1_35' title="bbox 358 965 578 1001; baseline -0.009 0"><span class='ocrx_word' id='word_1_166' title='bbox 358 978 422 1001; x_wconf 88' lang='lat' dir='ltr'>non</span> <span class='ocrx_word' id='word_1_167' title='bbox 446 965 578 1000; x_wconf 89' lang='lat' dir='ltr'>dubitet.</span> 
     </span>
    </p>
   </div>
   <div class='ocr_carea' id='block_1_15' title="bbox 397 1021 1069 1062">
    <p class='ocr_par' dir='ltr' id='par_1_15' title="bbox 397 1021 1069 1062">
     <span class='ocr_line' id='line_1_36' title="bbox 397 1021 1069 1062; baseline 0 -10"><span class='ocrx_word' id='word_1_168' title='bbox 397 1021 458 1052; x_wconf 86' lang='lat' dir='ltr'>Dat.</span> <span class='ocrx_word' id='word_1_169' title='bbox 478 1031 554 1052; x_wconf 82' lang='lat' dir='ltr'>anno</span> <span class='ocrx_word' id='word_1_170' title='bbox 572 1021 690 1052; x_wconf 85' lang='lat' dir='ltr'>Domini</span> <span class='ocrx_word' id='word_1_171' title='bbox 710 1022 796 1059; x_wconf 84' lang='lat'>1081,</span> <span class='ocrx_word' id='word_1_172' title='bbox 814 1021 918 1062; x_wconf 84' lang='lat' dir='ltr'>pontif.</span> <span class='ocrx_word' id='word_1_173' title='bbox 939 1030 1014 1052; x_wconf 84' lang='lat' dir='ltr'>anno</span> <span class='ocrx_word' id='word_1_174' title='bbox 1033 1030 1069 1052; x_wconf 84' lang='lat' dir='ltr'>tx.</span> 
     </span>
    </p>
   </div>
   <div class='ocr_carea' id='block_1_16' title="bbox 863 917 1109 964">
    <p class='ocr_par' dir='ltr' id='par_1_16' title="bbox 863 917 1109 964">
     <span class='ocr_line' id='line_1_37' title="bbox 863 917 1109 964; baseline -0.004 -12"><span class='ocrx_word' id='word_1_175' title='bbox 863 917 1109 964; x_wconf 86' lang='lat' dir='ltr'>promeriturum</span> 
     </span>
    </p>
   </div>
   <div class='ocr_carea' id='block_1_17' title="bbox 664 1077 810 1083">
    <p class='ocr_par' dir='ltr' id='par_1_17' title="bbox 664 1077 810 1083">
     <span class='ocr_line' id='line_1_38' title="bbox 664 1077 810 1083; baseline 0 0"><span class='ocrx_word' id='word_1_176' title='bbox 664 1077 810 1083; x_wconf 95' lang='lat' dir='ltr'> </span> 
     </span>
    </p>
   </div>
   <div class='ocr_carea' id='block_1_18' title="bbox 680 1118 790 1153">
    <p class='ocr_par' dir='ltr' id='par_1_18' title="bbox 680 1118 790 1153">
     <span class='ocr_line' id='line_1_39' title="bbox 680 1118 790 1153; baseline -0.009 0"><span class='ocrx_word' id='word_1_177' title='bbox 680 1118 790 1153; x_wconf 88' lang='lat' dir='ltr'>LVIII.</span> 
     </span>
    </p>
   </div>
   <div class='ocr_carea' id='block_1_19' title="bbox 432 1181 1042 1274">
    <p class='ocr_par' dir='ltr' id='par_1_19' title="bbox 432 1181 1042 1274">
     <span class='ocr_line' id='line_1_40' title="bbox 432 1181 1042 1226; baseline 0 -10"><span class='ocrx_word' id='word_1_178' title='bbox 432 1181 632 1226; x_wconf 73' lang='lat' dir='ltr'>Confirmatio</span> <span class='ocrx_word' id='word_1_179' title='bbox 650 1182 884 1226; x_wconf 77' lang='lat' dir='ltr'>privileqiorum</span> <span class='ocrx_word' id='word_1_180' title='bbox 907 1183 1042 1216; x_wconf 66' lang='lat' dir='ltr'>oninium</span> 
     </span>
     <span class='ocr_line' id='line_1_41' title="bbox 486 1231 987 1274; baseline 0.002 -11"><span class='ocrx_word' id='word_1_181' title='bbox 486 1231 729 1264; x_wconf 74' lang='lat' dir='ltr'>Panormitanae</span> <span class='ocrx_word' id='word_1_182' title='bbox 757 1231 909 1264; x_wconf 78' lang='lat' dir='ltr'>Ecclesiae</span> <span class='ocrx_word' id='word_1_183' title='bbox 932 1234 987 1274; x_wconf 67' lang='lat' dir='ltr'>ti).</span> 
     </span>
    </p>
   </div>
   <div class='ocr_carea' id='block_1_20' title="bbox 361 1290 1134 1426">
    <p class='ocr_par' dir='ltr' id='par_1_20' title="bbox 361 1290 1134 1426">
     <span class='ocr_line' id='line_1_42' title="bbox 627 1290 843 1321; baseline 0 -1"><span class='ocrx_word' id='word_1_184' title='bbox 627 1290 843 1321; x_wconf 70' lang='lat' dir='ltr'>SUIDIARIUM</span> 
     </span>
     <span class='ocr_line' id='line_1_43' title="bbox 361 1343 1111 1375; baseline 0.001 -1"><span class='ocrx_word' id='word_1_185' title='bbox 361 1343 551 1374; x_wconf 81' lang='lat' dir='ltr'>Prooemium.</span> <span class='ocrx_word' id='word_1_186' title='bbox 568 1360 608 1366; x_wconf 91' lang='lat'>—-</span> <span class='ocrx_word' id='word_1_187' title='bbox 628 1343 833 1374; x_wconf 70' lang='lat' dir='ltr'>panormitana</span> <span class='ocrx_word' id='word_1_188' title='bbox 853 1344 983 1374; x_wconf 85' lang='lat' dir='ltr'>Ecclesia</span> <span class='ocrx_word' id='word_1_189' title='bbox 1002 1354 1036 1375; x_wconf 85' lang='lat' dir='ltr'>ex</span> <span class='ocrx_word' id='word_1_190' title='bbox 1055 1345 1111 1375; x_wconf 80' lang='lat' dir='ltr'>Sa-</span> 
     </span>
     <span class='ocr_line' id='line_1_44' title="bbox 400 1384 1134 1426; baseline 0.001 -13"><span class='ocrx_word' id='word_1_191' title='bbox 400 1392 574 1414; x_wconf 88' lang='lat' dir='ltr'>racenorum</span> <span class='ocrx_word' id='word_1_192' title='bbox 592 1384 728 1412; x_wconf 88' lang='lat' dir='ltr'>manibus</span> <span class='ocrx_word' id='word_1_193' title='bbox 752 1384 908 1414; x_wconf 78' lang='lat' dir='ltr'>vindicata.</span> <span class='ocrx_word' id='word_1_194' title='bbox 932 1401 971 1406; x_wconf 98' lang='lat'><strong>—</strong></span> <span class='ocrx_word' id='word_1_195' title='bbox 988 1385 1041 1414; x_wconf 90' lang='lat' dir='ltr'>Cui</span> <span class='ocrx_word' id='word_1_196' title='bbox 1059 1384 1112 1414; x_wconf 84' lang='lat' dir='ltr'>Ec·</span> <span class='ocrx_word' id='word_1_197' title='bbox 1132 1416 1134 1426; x_wconf 53' lang='grc' dir='ltr'>Ι</span> 
     </span>
    </p>
   </div>
   <div class='ocr_carea' id='block_1_21' title="bbox 400 1422 1135 1501">
    <p class='ocr_par' dir='ltr' id='par_1_21' title="bbox 400 1422 1135 1501">
     <span class='ocr_line' id='line_1_45' title="bbox 402 1422 1135 1461; baseline 0.003 -9"><span class='ocrx_word' id='word_1_198' title='bbox 402 1423 510 1452; x_wconf 89' lang='lat' dir='ltr'>clesiae</span> <span class='ocrx_word' id='word_1_199' title='bbox 529 1423 598 1452; x_wconf 91' lang='lat' dir='ltr'>olim</span> <span class='ocrx_word' id='word_1_200' title='bbox 618 1422 810 1460; x_wconf 70' lang='lat' dir='ltr'>suffraganere</span> <span class='ocrx_word' id='word_1_201' title='bbox 840 1425 1053 1461; x_wconf 76' lang='lat' dir='ltr'>restituuntur3</span> <span class='ocrx_word' id='word_1_202' title='bbox 1073 1441 1114 1447; x_wconf 93' lang='lat'><strong>—</strong></span> <span class='ocrx_word' id='word_1_203' title='bbox 1131 1428 1135 1461; x_wconf 66' lang='lat' dir='ltr'>i</span> 
     </span>
     <span class='ocr_line' id='line_1_46' title="bbox 400 1462 1135 1501; baseline 0.003 -10"><span class='ocrx_word' id='word_1_204' title='bbox 400 1462 435 1492; x_wconf 91' lang='lat' dir='ltr'>Et</span> <span class='ocrx_word' id='word_1_205' title='bbox 450 1462 529 1499; x_wconf 75' lang='lat' dir='ltr'>regia</span> <span class='ocrx_word' id='word_1_206' title='bbox 549 1463 646 1491; x_wconf 84' lang='lat' dir='ltr'>omnia</span> <span class='ocrx_word' id='word_1_207' title='bbox 663 1463 876 1492; x_wconf 84' lang='lat' dir='ltr'>confirmantur</span> <span class='ocrx_word' id='word_1_208' title='bbox 895 1464 1058 1501; x_wconf 77' lang='lat' dir='ltr'>privilegia.</span> <span class='ocrx_word' id='word_1_209' title='bbox 1073 1481 1114 1486; x_wconf 93' lang='lat'><strong>—</strong></span> <span class='ocrx_word' id='word_1_210' title='bbox 1131 1463 1135 1486; x_wconf 68' lang='lat' dir='ltr'>l</span> 
     </span>
    </p>
   </div>
   <div class='ocr_carea' id='block_1_22' title="bbox 1152 915 1905 1502">
    <p class='ocr_par' dir='ltr' id='par_1_22' title="bbox 1152 915 1905 1502">
     <span class='ocr_line' id='line_1_47' title="bbox 1152 915 1902 962; baseline 0.003 -13"><span class='ocrx_word' id='word_1_211' title='bbox 1152 923 1337 962; x_wconf 85' lang='lat' dir='ltr'>potestatem</span> <span class='ocrx_word' id='word_1_212' title='bbox 1370 915 1598 962; x_wconf 81' lang='lat' dir='ltr'>perfidiamque</span> <span class='ocrx_word' id='word_1_213' title='bbox 1637 916 1760 951; x_wconf 84' lang='lat' dir='ltr'>redacta</span> <span class='ocrx_word' id='word_1_214' title='bbox 1779 944 1787 957; x_wconf 84' lang='lat'>,</span> <span class='ocrx_word' id='word_1_215' title='bbox 1816 929 1902 952; x_wconf 89' lang='lat' dir='ltr'>nunc</span> 
     </span>
     <span class='ocr_line' id='line_1_48' title="bbox 1152 964 1902 1002; baseline 0.005 -5"><span class='ocrx_word' id='word_1_216' title='bbox 1152 976 1259 999; x_wconf 78' lang='lat' dir='ltr'>revera</span> <span class='ocrx_word' id='word_1_217' title='bbox 1293 964 1329 999; x_wconf 89' lang='lat' dir='ltr'>ad</span> <span class='ocrx_word' id='word_1_218' title='bbox 1364 964 1566 999; x_wconf 83' lang='lat' dir='ltr'>christianam</span> <span class='ocrx_word' id='word_1_219' title='bbox 1594 964 1688 999; x_wconf 86' lang='lat' dir='ltr'>fldem</span> <span class='ocrx_word' id='word_1_220' title='bbox 1716 965 1822 1001; x_wconf 88' lang='lat' dir='ltr'>labore</span> <span class='ocrx_word' id='word_1_221' title='bbox 1855 966 1902 1002; x_wconf 86' lang='lat' dir='ltr'>vel</span> 
     </span>
     <span class='ocr_line' id='line_1_49' title="bbox 1152 1013 1902 1061; baseline 0.005 -15"><span class='ocrx_word' id='word_1_222' title='bbox 1152 1013 1300 1047; x_wconf 87' lang='lat' dir='ltr'>instantia</span> <span class='ocrx_word' id='word_1_223' title='bbox 1318 1013 1372 1047; x_wconf 88' lang='lat' dir='ltr'>filii</span> <span class='ocrx_word' id='word_1_224' title='bbox 1388 1014 1484 1048; x_wconf 72' lang='lat' dir='ltr'>nostri</span> <span class='ocrx_word' id='word_1_225' title='bbox 1500 1013 1627 1059; x_wconf 84' lang='lat' dir='ltr'>gloriosi</span> <span class='ocrx_word' id='word_1_226' title='bbox 1651 1014 1742 1049; x_wconf 89' lang='lat' dir='ltr'>ducis</span> <span class='ocrx_word' id='word_1_227' title='bbox 1755 1014 1902 1061; x_wconf 70' lang='lat' dir='ltr'>Roberfi,</span> 
     </span>
     <span class='ocr_line' id='line_1_50' title="bbox 1152 1061 1903 1111; baseline 0.007 -16"><span class='ocrx_word' id='word_1_228' title='bbox 1152 1061 1290 1096; x_wconf 91' lang='lat' dir='ltr'>Domino</span> <span class='ocrx_word' id='word_1_229' title='bbox 1317 1063 1477 1103; x_wconf 78' lang='lat' dir='ltr'>innuente,</span> <span class='ocrx_word' id='word_1_230' title='bbox 1504 1074 1654 1098; x_wconf 82' lang='lat' dir='ltr'>conversa</span> <span class='ocrx_word' id='word_1_231' title='bbox 1681 1071 1751 1104; x_wconf 91' lang='lat' dir='ltr'>est,</span> <span class='ocrx_word' id='word_1_232' title='bbox 1781 1072 1810 1099; x_wconf 89' lang='lat' dir='ltr'>te</span> <span class='ocrx_word' id='word_1_233' title='bbox 1843 1077 1903 1111; x_wconf 90' lang='lat' dir='ltr'>po-</span> 
     </span>
     <span class='ocr_line' id='line_1_51' title="bbox 1153 1110 1903 1158; baseline 0.007 -14"><span class='ocrx_word' id='word_1_234' title='bbox 1153 1110 1300 1150; x_wconf 77' lang='lat' dir='ltr'>stulante,</span> <span class='ocrx_word' id='word_1_235' title='bbox 1317 1111 1478 1158; x_wconf 73' lang='lat' dir='ltr'>privilegio</span> <span class='ocrx_word' id='word_1_236' title='bbox 1499 1112 1690 1157; x_wconf 88' lang='lat' dir='ltr'>apostolicae</span> <span class='ocrx_word' id='word_1_237' title='bbox 1705 1112 1903 1149; x_wconf 82' lang='lat' dir='ltr'>liberalitatis</span> 
     </span>
     <span class='ocr_line' id='line_1_52' title="bbox 1154 1159 1902 1207; baseline 0.005 -14"><span class='ocrx_word' id='word_1_238' title='bbox 1154 1159 1272 1200; x_wconf 81' lang='lat' dir='ltr'>fulciri3</span> <span class='ocrx_word' id='word_1_239' title='bbox 1295 1172 1353 1194; x_wconf 90' lang='lat' dir='ltr'>nos</span> <span class='ocrx_word' id='word_1_240' title='bbox 1383 1168 1444 1194; x_wconf 90' lang='lat' dir='ltr'>tam</span> <span class='ocrx_word' id='word_1_241' title='bbox 1472 1161 1571 1195; x_wconf 87' lang='lat' dir='ltr'>iustae</span> <span class='ocrx_word' id='word_1_242' title='bbox 1594 1161 1752 1207; x_wconf 83' lang='lat' dir='ltr'>petitionis</span> <span class='ocrx_word' id='word_1_243' title='bbox 1774 1162 1902 1202; x_wconf 88' lang='lat' dir='ltr'>intuitu,</span> 
     </span>
     <span class='ocr_line' id='line_1_53' title="bbox 1153 1209 1902 1259; baseline 0.005 -17"><span class='ocrx_word' id='word_1_244' title='bbox 1153 1221 1246 1255; x_wconf 89' lang='lat' dir='ltr'>quam</span> <span class='ocrx_word' id='word_1_245' title='bbox 1275 1209 1367 1243; x_wconf 84' lang='lat' dir='ltr'>etiam</span> <span class='ocrx_word' id='word_1_246' title='bbox 1392 1209 1518 1255; x_wconf 84' lang='lat' dir='ltr'>praefati</span> <span class='ocrx_word' id='word_1_247' title='bbox 1545 1209 1635 1244; x_wconf 91' lang='lat' dir='ltr'>ducis</span> <span class='ocrx_word' id='word_1_248' title='bbox 1661 1222 1779 1255; x_wconf 89' lang='lat' dir='ltr'>amore,</span> <span class='ocrx_word' id='word_1_249' title='bbox 1806 1224 1902 1259; x_wconf 88' lang='lat' dir='ltr'>quem</span> 
     </span>
     <span class='ocr_line' id='line_1_54' title="bbox 1155 1258 1905 1306; baseline 0.005 -15"><span class='ocrx_word' id='word_1_250' title='bbox 1155 1258 1185 1291; x_wconf 88' lang='lat' dir='ltr'>id</span> <span class='ocrx_word' id='word_1_251' title='bbox 1212 1258 1330 1293; x_wconf 86' lang='lat' dir='ltr'>scimus</span> <span class='ocrx_word' id='word_1_252' title='bbox 1348 1266 1468 1305; x_wconf 85' lang='lat' dir='ltr'>optare,</span> <span class='ocrx_word' id='word_1_253' title='bbox 1490 1271 1622 1306; x_wconf 86' lang='lat' dir='ltr'>cupere,</span> <span class='ocrx_word' id='word_1_254' title='bbox 1645 1268 1804 1306; x_wconf 79' lang='lat' dir='ltr'>gratanter</span> <span class='ocrx_word' id='word_1_255' title='bbox 1824 1273 1905 1295; x_wconf 91' lang='lat' dir='ltr'>con-</span> 
     </span>
     <span class='ocr_line' id='line_1_55' title="bbox 1153 1306 1903 1355; baseline 0.005 -14"><span class='ocrx_word' id='word_1_256' title='bbox 1153 1306 1323 1351; x_wconf 75' lang='lat' dir='ltr'>cedimus,</span> <span class='ocrx_word' id='word_1_257' title='bbox 1375 1308 1542 1342; x_wconf 80' lang='lat' dir='ltr'>tribuimus</span> <span class='ocrx_word' id='word_1_258' title='bbox 1596 1317 1690 1355; x_wconf 90' lang='lat' dir='ltr'>atque</span> <span class='ocrx_word' id='word_1_259' title='bbox 1741 1308 1903 1355; x_wconf 85' lang='lat' dir='ltr'>largimur.</span> 
     </span>
     <span class='ocr_line' id='line_1_56' title="bbox 1153 1356 1904 1401; baseline 0.005 -12"><span class='ocrx_word' id='word_1_260' title='bbox 1153 1356 1334 1401; x_wconf 70' lang='lat' dir='ltr'>Apostolica</span> <span class='ocrx_word' id='word_1_261' title='bbox 1380 1356 1474 1396; x_wconf 59' lang='lat' dir='ltr'>igitur</span> <span class='ocrx_word' id='word_1_262' title='bbox 1515 1358 1699 1392; x_wconf 80' lang='lat' dir='ltr'>auctoritate</span> <span class='ocrx_word' id='word_1_263' title='bbox 1731 1359 1904 1393; x_wconf 84' lang='lat' dir='ltr'>coufirma-</span> 
     </span>
     <span class='ocr_line' id='line_1_57' title="bbox 1155 1405 1902 1453; baseline 0.007 -15"><span class='ocrx_word' id='word_1_264' title='bbox 1155 1417 1225 1439; x_wconf 90' lang='lat' dir='ltr'>mus</span> <span class='ocrx_word' id='word_1_265' title='bbox 1245 1405 1349 1439; x_wconf 86' lang='lat' dir='ltr'>eidem</span> <span class='ocrx_word' id='word_1_266' title='bbox 1379 1405 1562 1450; x_wconf 74' lang='lat' dir='ltr'>Ecclesiae,</span> <span class='ocrx_word' id='word_1_267' title='bbox 1587 1414 1618 1440; x_wconf 91' lang='lat' dir='ltr'>et</span> <span class='ocrx_word' id='word_1_268' title='bbox 1646 1419 1701 1453; x_wconf 91' lang='lat' dir='ltr'>per</span> <span class='ocrx_word' id='word_1_269' title='bbox 1726 1418 1795 1442; x_wconf 90' lang='lat' dir='ltr'>eam</span> <span class='ocrx_word' id='word_1_270' title='bbox 1824 1408 1902 1449; x_wconf 82' lang='lat' dir='ltr'>tibi,</span> 
     </span>
     <span class='ocr_line' id='line_1_58' title="bbox 1153 1453 1904 1502; baseline 0.007 -15"><span class='ocrx_word' id='word_1_271' title='bbox 1153 1453 1306 1500; x_wconf 84' lang='lat' dir='ltr'>quidquid</span> <span class='ocrx_word' id='word_1_272' title='bbox 1348 1454 1509 1500; x_wconf 82' lang='lat' dir='ltr'>diguitatis</span> <span class='ocrx_word' id='word_1_273' title='bbox 1549 1455 1724 1502; x_wconf 89' lang='lat' dir='ltr'>antiquitus</span> <span class='ocrx_word' id='word_1_274' title='bbox 1764 1457 1904 1494; x_wconf 87' lang='lat' dir='ltr'>tenuisse</span> 
     </span>
    </p>
   </div>
   <div class='ocr_carea' id='block_1_23' title="bbox 401 1500 1902 1551">
    <p class='ocr_par' dir='ltr' id='par_1_23' title="bbox 401 1500 1902 1551">
     <span class='ocr_line' id='line_1_59' title="bbox 401 1500 1902 1551; baseline 0.008 -21"><span class='ocrx_word' id='word_1_275' title='bbox 401 1500 545 1531; x_wconf 87' lang='lat' dir='ltr'>Omnibus</span> <span class='ocrx_word' id='word_1_276' title='bbox 568 1502 784 1541; x_wconf 85' lang='lat' dir='ltr'>cuiuscumque</span> <span class='ocrx_word' id='word_1_277' title='bbox 803 1504 954 1540; x_wconf 77' lang='lat' dir='ltr'>dignitatis</span> <span class='ocrx_word' id='word_1_278' title='bbox 979 1504 1112 1539; x_wconf 77' lang='lat' dir='ltr'>personis</span> <span class='ocrx_word' id='word_1_279' title='bbox 1132 1523 1135 1538; x_wconf 66' lang='grc' dir='ltr'>ι</span> <span class='ocrx_word' id='word_1_280' title='bbox 1155 1502 1320 1549; x_wconf 87' lang='lat' dir='ltr'>probatur,</span> <span class='ocrx_word' id='word_1_281' title='bbox 1349 1503 1429 1538; x_wconf 85' lang='lat' dir='ltr'>idest</span> <span class='ocrx_word' id='word_1_282' title='bbox 1456 1516 1565 1538; x_wconf 88' lang='lat' dir='ltr'>omnes</span> <span class='ocrx_word' id='word_1_283' title='bbox 1598 1506 1666 1540; x_wconf 87' lang='lat' dir='ltr'>eius</span> <span class='ocrx_word' id='word_1_284' title='bbox 1687 1505 1902 1551; x_wconf 79' lang='lat' dir='ltr'>suffraganeos</span> 
     </span>
    </p>
   </div>
   <div class='ocr_carea' id='block_1_24' title="bbox 364 1541 1118 2486">
    <p class='ocr_par' dir='ltr' id='par_1_24' title="bbox 402 1541 1114 1580">
     <span class='ocr_line' id='line_1_60' title="bbox 402 1541 1114 1580; baseline 0.004 -11"><span class='ocrx_word' id='word_1_285' title='bbox 402 1541 562 1580; x_wconf 85' lang='lat' dir='ltr'>quidquam</span> <span class='ocrx_word' id='word_1_286' title='bbox 581 1541 617 1570; x_wconf 91' lang='lat' dir='ltr'>ab</span> <span class='ocrx_word' id='word_1_287' title='bbox 652 1551 684 1570; x_wconf 89' lang='lat' dir='ltr'>ea</span> <span class='ocrx_word' id='word_1_288' title='bbox 717 1542 832 1571; x_wconf 78' lang='lat' dir='ltr'>auferre</span> <span class='ocrx_word' id='word_1_289' title='bbox 854 1542 1048 1572; x_wconf 82' lang='lat' dir='ltr'>interdicitur.</span> <span class='ocrx_word' id='word_1_290' title='bbox 1074 1559 1114 1565; x_wconf 90' lang='lat'>—</span> 
     </span>
    </p>

    <p class='ocr_par' dir='ltr' id='par_1_25' title="bbox 402 1580 1112 1620">
     <span class='ocr_line' id='line_1_61' title="bbox 402 1580 1112 1620; baseline 0.003 -11"><span class='ocrx_word' id='word_1_291' title='bbox 402 1580 560 1609; x_wconf 83' lang='lat' dir='ltr'>Concessio</span> <span class='ocrx_word' id='word_1_292' title='bbox 579 1580 660 1618; x_wconf 87' lang='lat' dir='ltr'>pallii</span> <span class='ocrx_word' id='word_1_293' title='bbox 680 1581 844 1610; x_wconf 84' lang='lat' dir='ltr'>secundum</span> <span class='ocrx_word' id='word_1_294' title='bbox 855 1583 1008 1620; x_wconf 87' lang='lat' dir='ltr'>antiquum</span> <span class='ocrx_word' id='word_1_295' title='bbox 1028 1582 1112 1612; x_wconf 90' lang='lat' dir='ltr'>eius-</span> 
     </span>
    </p>

    <p class='ocr_par' dir='ltr' id='par_1_26' title="bbox 404 1619 1111 1651">
     <span class='ocr_line' id='line_1_62' title="bbox 404 1619 1111 1651; baseline 0.003 -2"><span class='ocrx_word' id='word_1_296' title='bbox 404 1620 469 1649; x_wconf 88' lang='lat' dir='ltr'>dem</span> <span class='ocrx_word' id='word_1_297' title='bbox 482 1619 632 1649; x_wconf 87' lang='lat' dir='ltr'>Ecclesiae</span> <span class='ocrx_word' id='word_1_298' title='bbox 649 1629 745 1649; x_wconf 84' lang='lat' dir='ltr'>usum.</span> <span class='ocrx_word' id='word_1_299' title='bbox 764 1637 802 1642; x_wconf 92' lang='lat'>—</span> <span class='ocrx_word' id='word_1_300' title='bbox 818 1621 989 1650; x_wconf 75' lang='lat' dir='ltr'>Atlliortatio</span> <span class='ocrx_word' id='word_1_301' title='bbox 1008 1622 1042 1651; x_wconf 87' lang='lat' dir='ltr'>ad</span> <span class='ocrx_word' id='word_1_302' title='bbox 1059 1623 1111 1651; x_wconf 80' lang='lat' dir='ltr'>At-</span> 
     </span>
    </p>

    <p class='ocr_par' dir='ltr' id='par_1_27' title="bbox 403 1659 1111 1727">
     <span class='ocr_line' id='line_1_63' title="bbox 403 1659 1111 1699; baseline 0.003 -11"><span class='ocrx_word' id='word_1_303' title='bbox 403 1659 535 1688; x_wconf 74' lang='lat' dir='ltr'>ebenum</span> <span class='ocrx_word' id='word_1_304' title='bbox 558 1659 814 1699; x_wconf 86' lang='lat' dir='ltr'>archiepiscopum</span> <span class='ocrx_word' id='word_1_305' title='bbox 843 1661 930 1699; x_wconf 84' lang='lat' dir='ltr'>petita</span> <span class='ocrx_word' id='word_1_306' title='bbox 950 1670 964 1689; x_wconf 89' lang='lat' dir='ltr'>a</span> <span class='ocrx_word' id='word_1_307' title='bbox 984 1671 1111 1691; x_wconf 88' lang='lat' dir='ltr'>conces-</span> 
     </span>
     <span class='ocr_line' id='line_1_64' title="bbox 403 1698 683 1727; baseline 0 0"><span class='ocrx_word' id='word_1_308' title='bbox 403 1698 486 1727; x_wconf 90' lang='lat' dir='ltr'>sione</span> <span class='ocrx_word' id='word_1_309' title='bbox 505 1698 683 1727; x_wconf 84' lang='lat' dir='ltr'>huiusmodi.</span> 
     </span>
    </p>

    <p class='ocr_par' dir='ltr' id='par_1_28' title="bbox 364 1754 1114 1879">
     <span class='ocr_line' id='line_1_65' title="bbox 364 1754 1112 1790; baseline 0.007 -8"><span class='ocrx_word' id='word_1_310' title='bbox 364 1755 507 1790; x_wconf 81' lang='lat' dir='ltr'>Gregorius</span> <span class='ocrx_word' id='word_1_311' title='bbox 525 1754 666 1790; x_wconf 81' lang='lat' dir='ltr'>episcopus</span> <span class='ocrx_word' id='word_1_312' title='bbox 685 1762 780 1784; x_wconf 79' lang='lat' dir='ltr'>servus</span> <span class='ocrx_word' id='word_1_313' title='bbox 803 1763 942 1785; x_wconf 76' lang='lat' dir='ltr'>servornm</span> <span class='ocrx_word' id='word_1_314' title='bbox 967 1757 1022 1790; x_wconf 77' lang='lat' dir='ltr'>Dei,</span> <span class='ocrx_word' id='word_1_315' title='bbox 1047 1758 1112 1787; x_wconf 79' lang='lat' dir='ltr'>dile-</span> 
     </span>
     <span class='ocr_line' id='line_1_66' title="bbox 409 1798 1114 1831; baseline 0.006 -4"><span class='ocrx_word' id='word_1_316' title='bbox 409 1799 496 1828; x_wconf 82' lang='lat' dir='ltr'>ctoin</span> <span class='ocrx_word' id='word_1_317' title='bbox 514 1799 622 1828; x_wconf 77' lang='lat' dir='ltr'>Christo</span> <span class='ocrx_word' id='word_1_318' title='bbox 655 1798 740 1828; x_wconf 74' lang='lat' dir='ltr'>fratri</span> <span class='ocrx_word' id='word_1_319' title='bbox 769 1800 889 1829; x_wconf 56' lang='lat' dir='ltr'>alcherio</span> <span class='ocrx_word' id='word_1_320' title='bbox 926 1802 1114 1831; x_wconf 73' lang='lat' dir='ltr'>Panormitano</span> 
     </span>
     <span class='ocr_line' id='line_1_67' title="bbox 409 1843 773 1879; baseline 0.003 -8"><span class='ocrx_word' id='word_1_321' title='bbox 409 1843 622 1879; x_wconf 73' lang='lat' dir='ltr'>archiepiscopo,</span> <span class='ocrx_word' id='word_1_322' title='bbox 645 1844 773 1872; x_wconf 68' lang='lat' dir='ltr'>satutem.</span> 
     </span>
    </p>

    <p class='ocr_par' dir='ltr' id='par_1_29' title="bbox 365 1901 1118 2486">
     <span class='ocr_line' id='line_1_68' title="bbox 413 1901 1112 1948; baseline 0.009 -14"><span class='ocrx_word' id='word_1_323' title='bbox 413 1901 564 1935; x_wconf 88' lang='lat' dir='ltr'>Summae</span> <span class='ocrx_word' id='word_1_324' title='bbox 586 1901 679 1936; x_wconf 90' lang='lat' dir='ltr'>Sedis</span> <span class='ocrx_word' id='word_1_325' title='bbox 699 1902 911 1948; x_wconf 77' lang='lat' dir='ltr'>Apostolicae,</span> <span class='ocrx_word' id='word_1_326' title='bbox 929 1906 1019 1940; x_wconf 89' lang='lat' dir='ltr'>cuius</span> <span class='ocrx_word' id='word_1_327' title='bbox 1041 1905 1112 1940; x_wconf 89' lang='lat' dir='ltr'>licet</span> 
     </span>
     <span class='ocr_line' id='line_1_69' title="bbox 365 1949 1113 2000; baseline 0.005 -16"><span class='ocrx_word' id='word_1_328' title='bbox 365 1949 488 1995; x_wconf 84' lang='lat' dir='ltr'>indigni</span> <span class='ocrx_word' id='word_1_329' title='bbox 519 1962 625 1984; x_wconf 88' lang='lat' dir='ltr'>curam</span> <span class='ocrx_word' id='word_1_330' title='bbox 657 1951 821 1996; x_wconf 80' lang='lat' dir='ltr'>gerimus,</span> <span class='ocrx_word' id='word_1_331' title='bbox 848 1955 1113 2000; x_wconf 83' lang='lat' dir='ltr'>contemplatione</span> 
     </span>
     <span class='ocr_line' id='line_1_70' title="bbox 366 1999 1113 2044; baseline 0.008 -12"><span class='ocrx_word' id='word_1_332' title='bbox 366 2011 556 2039; x_wconf 89' lang='lat' dir='ltr'>monemur,</span> <span class='ocrx_word' id='word_1_333' title='bbox 582 2006 615 2033; x_wconf 91' lang='lat' dir='ltr'>ut</span> <span class='ocrx_word' id='word_1_334' title='bbox 645 1999 793 2034; x_wconf 91' lang='lat' dir='ltr'>omnibus</span> <span class='ocrx_word' id='word_1_335' title='bbox 819 2002 916 2035; x_wconf 89' lang='lat' dir='ltr'>sacris</span> <span class='ocrx_word' id='word_1_336' title='bbox 949 2002 1113 2044; x_wconf 85' lang='lat' dir='ltr'>Ecclesiis,</span> 
     </span>
     <span class='ocr_line' id='line_1_71' title="bbox 367 2047 1115 2094; baseline 0.008 -13"><span class='ocrx_word' id='word_1_337' title='bbox 367 2059 448 2094; x_wconf 90' lang='lat' dir='ltr'>quae</span> <span class='ocrx_word' id='word_1_338' title='bbox 468 2047 606 2092; x_wconf 80' lang='lat' dir='ltr'>defendi,</span> <span class='ocrx_word' id='word_1_339' title='bbox 627 2060 683 2083; x_wconf 88' lang='lat' dir='ltr'>seu</span> <span class='ocrx_word' id='word_1_340' title='bbox 705 2048 844 2084; x_wconf 88' lang='lat' dir='ltr'>roborari</span> <span class='ocrx_word' id='word_1_341' title='bbox 867 2059 990 2085; x_wconf 87' lang='lat' dir='ltr'>nostrae</span> <span class='ocrx_word' id='word_1_342' title='bbox 1005 2062 1115 2087; x_wconf 88' lang='lat' dir='ltr'>aucto-</span> 
     </span>
     <span class='ocr_line' id='line_1_72' title="bbox 369 2096 1116 2148; baseline 0.009 -19"><span class='ocrx_word' id='word_1_343' title='bbox 369 2097 468 2131; x_wconf 90' lang='lat' dir='ltr'>ritatis</span> <span class='ocrx_word' id='word_1_344' title='bbox 494 2096 663 2143; x_wconf 80' lang='lat' dir='ltr'>privilegiis</span> <span class='ocrx_word' id='word_1_345' title='bbox 689 2106 852 2144; x_wconf 78' lang='lat' dir='ltr'>expetunt,</span> <span class='ocrx_word' id='word_1_346' title='bbox 880 2111 947 2138; x_wconf 76' lang='lat' dir='ltr'>nos,</span> <span class='ocrx_word' id='word_1_347' title='bbox 971 2101 1001 2135; x_wconf 87' lang='lat' dir='ltr'>in</span> <span class='ocrx_word' id='word_1_348' title='bbox 1018 2113 1116 2148; x_wconf 92' lang='lat' dir='ltr'>quan-</span> 
     </span>
     <span class='ocr_line' id='line_1_73' title="bbox 368 2145 1112 2186; baseline 0.007 -7"><span class='ocrx_word' id='word_1_349' title='bbox 368 2152 433 2179; x_wconf 83' lang='lat' dir='ltr'>tum</span> <span class='ocrx_word' id='word_1_350' title='bbox 468 2145 549 2180; x_wconf 77' lang='lat' dir='ltr'>favet</span> <span class='ocrx_word' id='word_1_351' title='bbox 582 2145 716 2186; x_wconf 77' lang='lat' dir='ltr'>iustitia,</span> <span class='ocrx_word' id='word_1_352' title='bbox 752 2147 887 2182; x_wconf 85' lang='lat' dir='ltr'>libenter</span> <span class='ocrx_word' id='word_1_353' title='bbox 920 2161 1112 2185; x_wconf 85' lang='lat' dir='ltr'>annuamus:</span> 
     </span>
     <span class='ocr_line' id='line_1_74' title="bbox 368 2195 1113 2234; baseline 0.009 -7"><span class='ocrx_word' id='word_1_354' title='bbox 368 2201 400 2227; x_wconf 83' lang='lat' dir='ltr'>et</span> <span class='ocrx_word' id='word_1_355' title='bbox 438 2205 545 2228; x_wconf 90' lang='lat' dir='ltr'>earum</span> <span class='ocrx_word' id='word_1_356' title='bbox 581 2195 755 2231; x_wconf 88' lang='lat' dir='ltr'>rectoribus</span> <span class='ocrx_word' id='word_1_357' title='bbox 793 2196 948 2232; x_wconf 89' lang='lat' dir='ltr'>honorum</span> <span class='ocrx_word' id='word_1_358' title='bbox 985 2210 1113 2234; x_wconf 90' lang='lat' dir='ltr'>suorum</span> 
     </span>
     <span class='ocr_line' id='line_1_75' title="bbox 369 2242 1116 2292; baseline 0.011 -17"><span class='ocrx_word' id='word_1_359' title='bbox 369 2242 504 2289; x_wconf 82' lang='lat' dir='ltr'>insignia</span> <span class='ocrx_word' id='word_1_360' title='bbox 525 2270 535 2287; x_wconf 88' lang='lat'>,</span> <span class='ocrx_word' id='word_1_361' title='bbox 586 2256 666 2290; x_wconf 90' lang='lat' dir='ltr'>quae</span> <span class='ocrx_word' id='word_1_362' title='bbox 715 2245 888 2292; x_wconf 89' lang='lat' dir='ltr'>antiquitus</span> <span class='ocrx_word' id='word_1_363' title='bbox 941 2247 1116 2283; x_wconf 87' lang='lat' dir='ltr'>obtinuisse</span> 
     </span>
     <span class='ocr_line' id='line_1_76' title="bbox 370 2293 1117 2342; baseline 0.009 -17"><span class='ocrx_word' id='word_1_364' title='bbox 370 2300 564 2336; x_wconf 85' lang='lat' dir='ltr'>noscuntur,</span> <span class='ocrx_word' id='word_1_365' title='bbox 596 2293 846 2339; x_wconf 83' lang='lat' dir='ltr'>requirentibus,</span> <span class='ocrx_word' id='word_1_366' title='bbox 880 2307 935 2342; x_wconf 91' lang='lat' dir='ltr'>per</span> <span class='ocrx_word' id='word_1_367' title='bbox 961 2308 1030 2335; x_wconf 68' lang='lat' dir='ltr'>nos,</span> <span class='ocrx_word' id='word_1_368' title='bbox 1052 2297 1117 2332; x_wconf 91' lang='lat' dir='ltr'>lar-</span> 
     </span>
     <span class='ocr_line' id='line_1_77' title="bbox 370 2340 1116 2390; baseline 0.011 -17"><span class='ocrx_word' id='word_1_369' title='bbox 370 2340 474 2385; x_wconf 82' lang='lat' dir='ltr'>giente</span> <span class='ocrx_word' id='word_1_370' title='bbox 508 2340 665 2386; x_wconf 89' lang='lat' dir='ltr'>Domino,</span> <span class='ocrx_word' id='word_1_371' title='bbox 699 2342 819 2378; x_wconf 90' lang='lat' dir='ltr'>facilius</span> <span class='ocrx_word' id='word_1_372' title='bbox 846 2344 1032 2390; x_wconf 86' lang='lat' dir='ltr'>praebeatur</span> <span class='ocrx_word' id='word_1_373' title='bbox 1064 2359 1116 2381; x_wconf 89' lang='lat' dir='ltr'>as—</span> 
     </span>
     <span class='ocr_line' id='line_1_78' title="bbox 371 2391 1117 2439; baseline 0.011 -17"><span class='ocrx_word' id='word_1_374' title='bbox 371 2401 499 2427; x_wconf 82' lang='lat' dir='ltr'>sensus;</span> <span class='ocrx_word' id='word_1_375' title='bbox 522 2391 691 2436; x_wconf 87' lang='lat' dir='ltr'>praecipue</span> <span class='ocrx_word' id='word_1_376' title='bbox 726 2399 830 2426; x_wconf 87' lang='lat' dir='ltr'>tamen</span> <span class='ocrx_word' id='word_1_377' title='bbox 864 2402 1008 2439; x_wconf 86' lang='lat' dir='ltr'>oportere</span> <span class='ocrx_word' id='word_1_378' title='bbox 1030 2395 1117 2430; x_wconf 89' lang='lat' dir='ltr'>arbi-</span> 
     </span>
     <span class='ocr_line' id='line_1_79' title="bbox 371 2440 1118 2486; baseline 0.012 -16"><span class='ocrx_word' id='word_1_379' title='bbox 371 2444 501 2480; x_wconf 88' lang='lat' dir='ltr'>tramur,</span> <span class='ocrx_word' id='word_1_380' title='bbox 529 2447 562 2472; x_wconf 91' lang='lat' dir='ltr'>ut</span> <span class='ocrx_word' id='word_1_381' title='bbox 584 2440 715 2475; x_wconf 88' lang='lat' dir='ltr'>rudibus</span> <span class='ocrx_word' id='word_1_382' title='bbox 736 2440 898 2486; x_wconf 88' lang='lat' dir='ltr'>Ecclesiis,</span> <span class='ocrx_word' id='word_1_383' title='bbox 917 2443 1036 2478; x_wconf 88' lang='lat' dir='ltr'>scilicet</span> <span class='ocrx_word' id='word_1_384' title='bbox 1060 2457 1118 2479; x_wconf 92' lang='lat' dir='ltr'>no-</span> 
     </span>
    </p>
   </div>
   <div class='ocr_carea' id='block_1_25' title="bbox 1153 1552 1905 1944">
    <p class='ocr_par' dir='ltr' id='par_1_30' title="bbox 1153 1552 1905 1944">
     <span class='ocr_line' id='line_1_80' title="bbox 1154 1552 1903 1600; baseline 0.005 -14"><span class='ocrx_word' id='word_1_385' title='bbox 1154 1552 1364 1598; x_wconf 84' lang='lat' dir='ltr'>episcopatus,</span> <span class='ocrx_word' id='word_1_386' title='bbox 1392 1553 1437 1586; x_wconf 78' lang='lat' dir='ltr'>vel</span> <span class='ocrx_word' id='word_1_387' title='bbox 1461 1553 1484 1587; x_wconf 93' lang='lat' dir='ltr'>si</span> <span class='ocrx_word' id='word_1_388' title='bbox 1508 1553 1561 1600; x_wconf 87' lang='lat' dir='ltr'>qui</span> <span class='ocrx_word' id='word_1_389' title='bbox 1583 1553 1751 1589; x_wconf 86' lang='lat' dir='ltr'>destructis</span> <span class='ocrx_word' id='word_1_390' title='bbox 1774 1555 1846 1595; x_wconf 83' lang='lat' dir='ltr'>illis,</span> <span class='ocrx_word' id='word_1_391' title='bbox 1871 1555 1903 1591; x_wconf 88' lang='lat' dir='ltr'>in</span> 
     </span>
     <span class='ocr_line' id='line_1_81' title="bbox 1154 1600 1904 1650; baseline 0.007 -16"><span class='ocrx_word' id='word_1_392' title='bbox 1154 1613 1262 1635; x_wconf 84' lang='lat' dir='ltr'>eorum</span> <span class='ocrx_word' id='word_1_393' title='bbox 1291 1600 1360 1635; x_wconf 85' lang='lat' dir='ltr'>loco</span> <span class='ocrx_word' id='word_1_394' title='bbox 1391 1602 1497 1636; x_wconf 80' lang='lat' dir='ltr'>statuti</span> <span class='ocrx_word' id='word_1_395' title='bbox 1533 1611 1622 1646; x_wconf 84' lang='lat' dir='ltr'>sunt,</span> <span class='ocrx_word' id='word_1_396' title='bbox 1654 1603 1701 1638; x_wconf 74' lang='lat' dir='ltr'>rel</span> <span class='ocrx_word' id='word_1_397' title='bbox 1730 1604 1904 1650; x_wconf 88' lang='lat' dir='ltr'>opitulante</span> 
     </span>
     <span class='ocr_line' id='line_1_82' title="bbox 1155 1649 1904 1699; baseline 0.008 -17"><span class='ocrx_word' id='word_1_398' title='bbox 1155 1649 1291 1683; x_wconf 87' lang='lat' dir='ltr'>Domino</span> <span class='ocrx_word' id='word_1_399' title='bbox 1318 1658 1502 1691; x_wconf 79' lang='lat' dir='ltr'>statuentur,</span> <span class='ocrx_word' id='word_1_400' title='bbox 1531 1660 1564 1685; x_wconf 90' lang='lat' dir='ltr'>ut</span> <span class='ocrx_word' id='word_1_401' title='bbox 1597 1651 1628 1686; x_wconf 91' lang='lat' dir='ltr'>in</span> <span class='ocrx_word' id='word_1_402' title='bbox 1656 1652 1811 1699; x_wconf 79' lang='lat' dir='ltr'>praefatae</span> <span class='ocrx_word' id='word_1_403' title='bbox 1833 1662 1904 1689; x_wconf 91' lang='lat' dir='ltr'>tuae</span> 
     </span>
     <span class='ocr_line' id='line_1_83' title="bbox 1154 1697 1903 1748; baseline 0.008 -16"><span class='ocrx_word' id='word_1_404' title='bbox 1154 1697 1316 1733; x_wconf 83' lang='lat' dir='ltr'>Ecclesiae</span> <span class='ocrx_word' id='word_1_405' title='bbox 1349 1700 1509 1745; x_wconf 85' lang='lat' dir='ltr'>pristinam</span> <span class='ocrx_word' id='word_1_406' title='bbox 1550 1700 1679 1735; x_wconf 81' lang='lat' dir='ltr'>redeant</span> <span class='ocrx_word' id='word_1_407' title='bbox 1707 1710 1903 1748; x_wconf 82' lang='lat' dir='ltr'>potestatem.</span> 
     </span>
     <span class='ocr_line' id='line_1_84' title="bbox 1155 1747 1905 1798; baseline 0.008 -18"><span class='ocrx_word' id='word_1_408' title='bbox 1155 1747 1288 1793; x_wconf 85' lang='lat' dir='ltr'>Insuper</span> <span class='ocrx_word' id='word_1_409' title='bbox 1313 1748 1465 1795; x_wconf 87' lang='lat' dir='ltr'>quidquid</span> <span class='ocrx_word' id='word_1_410' title='bbox 1495 1750 1703 1795; x_wconf 70' lang='lat' dir='ltr'>possessionis</span> <span class='ocrx_word' id='word_1_411' title='bbox 1730 1763 1785 1797; x_wconf 85' lang='lat' dir='ltr'>pet·</span> <span class='ocrx_word' id='word_1_412' title='bbox 1812 1764 1905 1798; x_wconf 81' lang='lat' dir='ltr'>rega-</span> 
     </span>
     <span class='ocr_line' id='line_1_85' title="bbox 1155 1796 1903 1842; baseline 0.008 -13"><span class='ocrx_word' id='word_1_413' title='bbox 1155 1796 1215 1829; x_wconf 89' lang='lat' dir='ltr'>lem</span> <span class='ocrx_word' id='word_1_414' title='bbox 1236 1796 1446 1842; x_wconf 77' lang='lat' dir='ltr'>largitionem,</span> <span class='ocrx_word' id='word_1_415' title='bbox 1468 1806 1498 1832; x_wconf 90' lang='lat' dir='ltr'>et</span> <span class='ocrx_word' id='word_1_416' title='bbox 1526 1798 1638 1833; x_wconf 88' lang='lat' dir='ltr'>iustam</span> <span class='ocrx_word' id='word_1_417' title='bbox 1665 1801 1903 1835; x_wconf 85' lang='lat' dir='ltr'>concessionem</span> 
     </span>
     <span class='ocr_line' id='line_1_86' title="bbox 1153 1845 1903 1896; baseline 0.008 -18"><span class='ocrx_word' id='word_1_418' title='bbox 1153 1845 1326 1891; x_wconf 87' lang='lat' dir='ltr'>antiquitus</span> <span class='ocrx_word' id='word_1_419' title='bbox 1357 1845 1518 1887; x_wconf 80' lang='lat' dir='ltr'>liabuisse;</span> <span class='ocrx_word' id='word_1_420' title='bbox 1553 1859 1590 1881; x_wconf 90' lang='lat' dir='ltr'>ac</span> <span class='ocrx_word' id='word_1_421' title='bbox 1623 1849 1778 1895; x_wconf 87' lang='lat' dir='ltr'>quidquid</span> <span class='ocrx_word' id='word_1_422' title='bbox 1807 1849 1903 1896; x_wconf 87' lang='lat' dir='ltr'>(quod</span> 
     </span>
     <span class='ocr_line' id='line_1_87' title="bbox 1155 1894 1905 1944; baseline 0.009 -18"><span class='ocrx_word' id='word_1_423' title='bbox 1155 1894 1290 1927; x_wconf 91' lang='lat' dir='ltr'>iustitiae</span> <span class='ocrx_word' id='word_1_424' title='bbox 1317 1906 1379 1929; x_wconf 92' lang='lat' dir='ltr'>non</span> <span class='ocrx_word' id='word_1_425' title='bbox 1408 1895 1605 1939; x_wconf 78' lang='lat' dir='ltr'>contradicit)</span> <span class='ocrx_word' id='word_1_426' title='bbox 1633 1897 1772 1944; x_wconf 88' lang='lat' dir='ltr'>antiquis</span> <span class='ocrx_word' id='word_1_427' title='bbox 1793 1910 1905 1944; x_wconf 87' lang='lat' dir='ltr'>super-</span> 
     </span>
    </p>
   </div>
   <div class='ocr_carea' id='block_1_26' title="bbox 1155 1943 1927 1993">
    <p class='ocr_par' dir='ltr' id='par_1_31' title="bbox 1155 1943 1927 1993">
     <span class='ocr_line' id='line_1_88' title="bbox 1155 1943 1927 1993; baseline 0.009 -18"><span class='ocrx_word' id='word_1_428' title='bbox 1155 1943 1315 1977; x_wconf 75' lang='lat' dir='ltr'>addidisse</span> <span class='ocrx_word' id='word_1_429' title='bbox 1343 1943 1548 1989; x_wconf 50' lang='lat' dir='ltr'>digunscitur.</span> <span class='ocrx_word' id='word_1_430' title='bbox 1575 1945 1711 1980; x_wconf 82' lang='lat' dir='ltr'>Proinde</span> <span class='ocrx_word' id='word_1_431' title='bbox 1732 1948 1905 1993; x_wconf 88' lang='lat' dir='ltr'>praesentis</span> <span class='ocrx_word' id='word_1_432' title='bbox 1924 1945 1927 1948; x_wconf 63' lang='grc'><strong>’</strong></span> 
     </span>
    </p>
   </div>
   <div class='ocr_carea' id='block_1_27' title="bbox 1156 1992 1909 2471">
    <p class='ocr_par' dir='ltr' id='par_1_32' title="bbox 1156 1992 1909 2471">
     <span class='ocr_line' id='line_1_89' title="bbox 1156 1992 1906 2042; baseline 0.009 -18"><span class='ocrx_word' id='word_1_433' title='bbox 1156 1992 1348 2026; x_wconf 83' lang='lat' dir='ltr'>auctoritatis</span> <span class='ocrx_word' id='word_1_434' title='bbox 1376 2001 1499 2028; x_wconf 87' lang='lat' dir='ltr'>nostrae</span> <span class='ocrx_word' id='word_1_435' title='bbox 1515 1993 1653 2038; x_wconf 86' lang='lat' dir='ltr'>decreto,</span> <span class='ocrx_word' id='word_1_436' title='bbox 1675 2003 1736 2029; x_wconf 88' lang='lat' dir='ltr'>tam</span> <span class='ocrx_word' id='word_1_437' title='bbox 1762 2008 1906 2042; x_wconf 88' lang='lat' dir='ltr'>praesen-</span> 
     </span>
     <span class='ocr_line' id='line_1_90' title="bbox 1157 2041 1906 2086; baseline 0.009 -13"><span class='ocrx_word' id='word_1_438' title='bbox 1157 2041 1233 2073; x_wconf 89' lang='lat' dir='ltr'>tium</span> <span class='ocrx_word' id='word_1_439' title='bbox 1250 2052 1341 2086; x_wconf 84' lang='lat' dir='ltr'>quarn</span> <span class='ocrx_word' id='word_1_440' title='bbox 1356 2050 1384 2075; x_wconf 85' lang='lat' dir='ltr'>et</span> <span class='ocrx_word' id='word_1_441' title='bbox 1398 2041 1575 2076; x_wconf 87' lang='lat' dir='ltr'>futurorum</span> <span class='ocrx_word' id='word_1_442' title='bbox 1586 2044 1727 2078; x_wconf 89' lang='lat' dir='ltr'>omnium</span> <span class='ocrx_word' id='word_1_443' title='bbox 1740 2044 1906 2080; x_wconf 88' lang='lat' dir='ltr'>hominum</span> 
     </span>
     <span class='ocr_line' id='line_1_91' title="bbox 1157 2090 1906 2133; baseline 0.009 -11"><span class='ocrx_word' id='word_1_444' title='bbox 1157 2090 1361 2124; x_wconf 82' lang='lat' dir='ltr'>temeritatem</span> <span class='ocrx_word' id='word_1_445' title='bbox 1389 2099 1583 2133; x_wconf 87' lang='lat' dir='ltr'>coercentes,</span> <span class='ocrx_word' id='word_1_446' title='bbox 1605 2093 1821 2129; x_wconf 84' lang='lat' dir='ltr'>interdicendo</span> <span class='ocrx_word' id='word_1_447' title='bbox 1835 2103 1906 2129; x_wconf 87' lang='lat' dir='ltr'>sta-</span> 
     </span>
     <span class='ocr_line' id='line_1_92' title="bbox 1157 2138 1905 2189; baseline 0.011 -19"><span class='ocrx_word' id='word_1_448' title='bbox 1157 2138 1284 2177; x_wconf 73' lang='lat' dir='ltr'>tuimus,</span> <span class='ocrx_word' id='word_1_449' title='bbox 1312 2138 1435 2172; x_wconf 64' lang='lat' dir='ltr'>nullutn</span> <span class='ocrx_word' id='word_1_450' title='bbox 1460 2152 1580 2186; x_wconf 78' lang='lat' dir='ltr'>regum,</span> <span class='ocrx_word' id='word_1_451' title='bbox 1604 2141 1650 2175; x_wconf 83' lang='lat' dir='ltr'>vel</span> <span class='ocrx_word' id='word_1_452' title='bbox 1668 2142 1905 2189; x_wconf 87' lang='lat' dir='ltr'>imperatorum,</span> 
     </span>
     <span class='ocr_line' id='line_1_93' title="bbox 1157 2187 1907 2238; baseline 0.011 -19"><span class='ocrx_word' id='word_1_453' title='bbox 1157 2187 1348 2231; x_wconf 89' lang='lat' dir='ltr'>antistitum,</span> <span class='ocrx_word' id='word_1_454' title='bbox 1376 2189 1497 2223; x_wconf 89' lang='lat' dir='ltr'>nullum</span> <span class='ocrx_word' id='word_1_455' title='bbox 1529 2202 1728 2238; x_wconf 83' lang='lat' dir='ltr'>quacumque</span> <span class='ocrx_word' id='word_1_456' title='bbox 1755 2192 1907 2238; x_wconf 84' lang='lat' dir='ltr'>dignitate</span> 
     </span>
     <span class='ocr_line' id='line_1_94' title="bbox 1159 2235 1906 2286; baseline 0.011 -18"><span class='ocrx_word' id='word_1_457' title='bbox 1159 2235 1349 2281; x_wconf 88' lang='lat' dir='ltr'>praeditum,</span> <span class='ocrx_word' id='word_1_458' title='bbox 1384 2236 1429 2270; x_wconf 77' lang='lat' dir='ltr'>vel</span> <span class='ocrx_word' id='word_1_459' title='bbox 1453 2250 1685 2286; x_wconf 84' lang='lat' dir='ltr'>quemcumque</span> <span class='ocrx_word' id='word_1_460' title='bbox 1716 2241 1824 2282; x_wconf 90' lang='lat' dir='ltr'>alium,</span> <span class='ocrx_word' id='word_1_461' title='bbox 1847 2254 1906 2276; x_wconf 85' lang='lat' dir='ltr'>au-</span> 
     </span>
     <span class='ocr_line' id='line_1_95' title="bbox 1158 2283 1908 2337; baseline 0.012 -21"><span class='ocrx_word' id='word_1_462' title='bbox 1158 2283 1240 2318; x_wconf 85' lang='lat' dir='ltr'>dere&#39;</span> <span class='ocrx_word' id='word_1_463' title='bbox 1259 2284 1299 2318; x_wconf 89' lang='lat' dir='ltr'>de</span> <span class='ocrx_word' id='word_1_464' title='bbox 1327 2285 1364 2319; x_wconf 91' lang='lat' dir='ltr'>iis</span> <span class='ocrx_word' id='word_1_465' title='bbox 1390 2298 1470 2332; x_wconf 86' lang='lat' dir='ltr'>quae</span> <span class='ocrx_word' id='word_1_466' title='bbox 1492 2287 1592 2322; x_wconf 90' lang='lat' dir='ltr'>eidem</span> <span class='ocrx_word' id='word_1_467' title='bbox 1616 2288 1775 2324; x_wconf 82' lang='lat' dir='ltr'>Ecclesiae</span> <span class='ocrx_word' id='word_1_468' title='bbox 1796 2302 1812 2324; x_wconf 89' lang='lat' dir='ltr'>a</span> <span class='ocrx_word' id='word_1_469' title='bbox 1836 2291 1908 2337; x_wconf 91' lang='lat' dir='ltr'>qui-</span> 
     </span>
     <span class='ocr_line' id='line_1_96' title="bbox 1160 2333 1907 2384; baseline 0.012 -19"><span class='ocrx_word' id='word_1_470' title='bbox 1160 2333 1294 2367; x_wconf 87' lang='lat' dir='ltr'>buslibet</span> <span class='ocrx_word' id='word_1_471' title='bbox 1320 2333 1504 2370; x_wconf 82' lang='lat' dir='ltr'>homiuibus</span> <span class='ocrx_word' id='word_1_472' title='bbox 1530 2336 1569 2371; x_wconf 89' lang='lat' dir='ltr'>de</span> <span class='ocrx_word' id='word_1_473' title='bbox 1593 2339 1720 2384; x_wconf 82' lang='lat' dir='ltr'>proprio</span> <span class='ocrx_word' id='word_1_474' title='bbox 1749 2339 1816 2373; x_wconf 89' lang='lat' dir='ltr'>iure</span> <span class='ocrx_word' id='word_1_475' title='bbox 1845 2339 1907 2374; x_wconf 86' lang='lat' dir='ltr'>iam</span> 
     </span>
     <span class='ocr_line' id='line_1_97' title="bbox 1159 2380 1907 2433; baseline 0.012 -19"><span class='ocrx_word' id='word_1_476' title='bbox 1159 2380 1271 2415; x_wconf 87' lang='lat' dir='ltr'>donata</span> <span class='ocrx_word' id='word_1_477' title='bbox 1299 2391 1384 2422; x_wconf 89' lang='lat' dir='ltr'>sunt,</span> <span class='ocrx_word' id='word_1_478' title='bbox 1408 2384 1453 2418; x_wconf 79' lang='lat' dir='ltr'>vel</span> <span class='ocrx_word' id='word_1_479' title='bbox 1477 2385 1506 2418; x_wconf 90' lang='lat' dir='ltr'>iu</span> <span class='ocrx_word' id='word_1_480' title='bbox 1531 2385 1670 2420; x_wconf 88' lang='lat' dir='ltr'>futurum</span> <span class='ocrx_word' id='word_1_481' title='bbox 1692 2388 1907 2433; x_wconf 79' lang='lat' dir='ltr'>conferentur,</span> 
     </span>
     <span class='ocr_line' id='line_1_98' title="bbox 1159 2429 1909 2471; baseline 0.012 -8"><span class='ocrx_word' id='word_1_482' title='bbox 1159 2429 1281 2464; x_wconf 84' lang='lat' dir='ltr'>auferre</span> <span class='ocrx_word' id='word_1_483' title='bbox 1304 2431 1348 2464; x_wconf 81' lang='lat' dir='ltr'>vel</span> <span class='ocrx_word' id='word_1_484' title='bbox 1366 2431 1552 2468; x_wconf 84' lang='lat' dir='ltr'>diminuere.</span> <span class='ocrx_word' id='word_1_485' title='bbox 1573 2434 1739 2470; x_wconf 84' lang='lat' dir='ltr'>Praeterea</span> <span class='ocrx_word' id='word_1_486' title='bbox 1763 2436 1909 2471; x_wconf 86' lang='lat' dir='ltr'>fraterni-</span> 
     </span>
    </p>
   </div>
   <div class='ocr_carea' id='block_1_28' title="bbox 1928 231 2114 262">
    <p class='ocr_par' dir='ltr' id='par_1_33' title="bbox 1928 231 2114 262">
     <span class='ocr_line' id='line_1_99' title="bbox 1928 231 2114 262; baseline 0.011 -3"><span class='ocrx_word' id='word_1_487' title='bbox 1928 231 1978 260; x_wconf 78' lang='lat' dir='ltr'>An.</span> <span class='ocrx_word' id='word_1_488' title='bbox 1998 232 2026 261; x_wconf 87' lang='lat' dir='ltr'>C.</span> <span class='ocrx_word' id='word_1_489' title='bbox 2043 232 2114 262; x_wconf 78' lang='lat'><strong>1083</strong></span> 
     </span>
    </p>
   </div>
   <div class='ocr_carea' id='block_1_29' title="bbox 1929 691 2116 798">
    <p class='ocr_par' dir='ltr' id='par_1_34' title="bbox 1929 691 2116 798">
     <span class='ocr_line' id='line_1_100' title="bbox 1967 691 2116 714; baseline 0.013 -2"><span class='ocrx_word' id='word_1_490' title='bbox 1967 691 2116 714; x_wconf 64' lang='lat' dir='ltr'>Vntrtti‘ana</span> 
     </span>
     <span class='ocr_line' id='line_1_101' title="bbox 1929 717 2115 740; baseline 0.011 -2"><span class='ocrx_word' id='word_1_491' title='bbox 1929 717 2024 740; x_wconf 67' lang='lat' dir='ltr'>Ecclesia</span> <span class='ocrx_word' id='word_1_492' title='bbox 2040 725 2065 740; x_wconf 75' lang='lat' dir='ltr'>rx</span> <span class='ocrx_word' id='word_1_493' title='bbox 2076 720 2115 740; x_wconf 74' lang='lat' dir='ltr'>Sa-</span> 
     </span>
     <span class='ocr_line' id='line_1_102' title="bbox 1929 750 2115 766; baseline 0.005 -1"><span class='ocrx_word' id='word_1_494' title='bbox 1929 750 2053 766; x_wconf 68' lang='grc' dir='ltr'>ΓΞῢΕΠυ-ἾΙΙΠ</span> <span class='ocrx_word' id='word_1_495' title='bbox 2071 751 2115 766; x_wconf 67' lang='lat' dir='ltr'>ma·</span> 
     </span>
     <span class='ocr_line' id='line_1_103' title="bbox 1929 771 2116 798; baseline 0.011 -6"><span class='ocrx_word' id='word_1_496' title='bbox 1929 771 1991 793; x_wconf 81' lang='lat' dir='ltr'>nibus</span> <span class='ocrx_word' id='word_1_497' title='bbox 2001 772 2116 798; x_wconf 60' lang='lat' dir='ltr'>vindicam</span> 
     </span>
    </p>
   </div>
   <div class='ocr_carea' id='block_1_30' title="bbox 1932 1540 2118 1644">
    <p class='ocr_par' dir='ltr' id='par_1_35' title="bbox 1954 1540 2117 1562">
     <span class='ocr_line' id='line_1_104' title="bbox 1954 1540 2117 1562; baseline 0.006 -1"><span class='ocrx_word' id='word_1_498' title='bbox 1954 1540 1994 1561; x_wconf 87' lang='lat' dir='ltr'>Cni</span> <span class='ocrx_word' id='word_1_499' title='bbox 2007 1540 2117 1562; x_wconf 62' lang='lat' dir='ltr'>xit-etesias</span> 
     </span>
    </p>

    <p class='ocr_par' dir='ltr' id='par_1_36' title="bbox 1932 1567 2118 1644">
     <span class='ocr_line' id='line_1_105' title="bbox 1939 1567 2118 1594; baseline 0.006 -7"><span class='ocrx_word' id='word_1_500' title='bbox 1939 1567 1988 1587; x_wconf 78' lang='lat' dir='ltr'>oiim</span> <span class='ocrx_word' id='word_1_501' title='bbox 2017 1567 2118 1594; x_wconf 70' lang='lat' dir='ltr'>suffraga-</span> 
     </span>
     <span class='ocr_line' id='line_1_106' title="bbox 1939 1594 2110 1615; baseline 0.012 -2"><span class='ocrx_word' id='word_1_502' title='bbox 1939 1599 1993 1614; x_wconf 75' lang='lat' dir='ltr'>neae</span> <span class='ocrx_word' id='word_1_503' title='bbox 2025 1594 2110 1615; x_wconf 80' lang='lat' dir='ltr'>restitu-</span> 
     </span>
     <span class='ocr_line' id='line_1_107' title="bbox 1932 1622 2009 1644; baseline 0.013 -4"><span class='ocrx_word' id='word_1_504' title='bbox 1932 1622 2009 1644; x_wconf 77' lang='lat' dir='ltr'>untur:</span> 
     </span>
    </p>
   </div>
   <div class='ocr_carea' id='block_1_31' title="bbox 1932 1830 2118 1910">
    <p class='ocr_par' dir='ltr' id='par_1_37' title="bbox 1932 1830 2118 1910">
     <span class='ocr_line' id='line_1_108' title="bbox 1945 1830 2118 1856; baseline 0.006 -5"><span class='ocrx_word' id='word_1_505' title='bbox 1945 1830 1971 1851; x_wconf 78' lang='lat' dir='ltr'>Et</span> <span class='ocrx_word' id='word_1_506' title='bbox 1981 1831 2040 1856; x_wconf 74' lang='lat' dir='ltr'>regia</span> <span class='ocrx_word' id='word_1_507' title='bbox 2047 1832 2118 1853; x_wconf 74' lang='lat' dir='ltr'>omnia</span> 
     </span>
     <span class='ocr_line' id='line_1_109' title="bbox 1954 1859 2102 1879; baseline 0.007 -1"><span class='ocrx_word' id='word_1_508' title='bbox 1954 1859 2102 1879; x_wconf 50' lang='lat' dir='ltr'>confirmantur</span> 
     </span>
     <span class='ocr_line' id='line_1_110' title="bbox 1932 1884 2058 1910; baseline 0.008 -6"><span class='ocrx_word' id='word_1_509' title='bbox 1932 1884 2043 1910; x_wconf 69' lang='lat' dir='ltr'>privilegia</span> <span class='ocrx_word' id='word_1_510' title='bbox 2052 1891 2058 1909; x_wconf 83' lang='lat'>;</span> 
     </span>
    </p>
   </div>
   <div class='ocr_carea' id='block_1_32' title="bbox 1931 2156 2119 2309">
    <p class='ocr_par' dir='ltr' id='par_1_38' title="bbox 1931 2156 2119 2309">
     <span class='ocr_line' id='line_1_111' title="bbox 1965 2156 2117 2179; baseline 0.007 -1"><span class='ocrx_word' id='word_1_511' title='bbox 1965 2156 2067 2178; x_wconf 74' lang='lat' dir='ltr'>Omnibu-</span> <span class='ocrx_word' id='word_1_512' title='bbox 2081 2163 2117 2179; x_wconf 86' lang='lat' dir='ltr'>cn-</span> 
     </span>
     <span class='ocr_line' id='line_1_112' title="bbox 1932 2183 2118 2213; baseline 0.011 -9"><span class='ocrx_word' id='word_1_513' title='bbox 1932 2183 2057 2213; x_wconf 61' lang='lat' dir='ltr'>inscumque</span> <span class='ocrx_word' id='word_1_514' title='bbox 2087 2184 2118 2206; x_wconf 83' lang='lat' dir='ltr'>di-</span> 
     </span>
     <span class='ocr_line' id='line_1_113' title="bbox 1932 2211 2118 2237; baseline 0.016 -8"><span class='ocrx_word' id='word_1_515' title='bbox 1932 2211 2118 2237; x_wconf 74' lang='lat' dir='ltr'>gnitatispersonis</span> 
     </span>
     <span class='ocr_line' id='line_1_114' title="bbox 1932 2237 2119 2263; baseline 0.011 -7"><span class='ocrx_word' id='word_1_516' title='bbox 1932 2237 2048 2263; x_wconf 80' lang='lat' dir='ltr'>quidquam</span> <span class='ocrx_word' id='word_1_517' title='bbox 2057 2237 2085 2258; x_wconf 76' lang='lat' dir='ltr'>ab</span> <span class='ocrx_word' id='word_1_518' title='bbox 2092 2244 2119 2258; x_wconf 79' lang='lat' dir='ltr'>ea</span> 
     </span>
     <span class='ocr_line' id='line_1_115' title="bbox 1931 2263 2117 2284; baseline 0.005 -1"><span class='ocrx_word' id='word_1_519' title='bbox 1931 2263 2014 2284; x_wconf 78' lang='lat' dir='ltr'>auferre</span> <span class='ocrx_word' id='word_1_520' title='bbox 2029 2263 2117 2284; x_wconf 74' lang='lat' dir='ltr'>interdi-</span> 
     </span>
     <span class='ocr_line' id='line_1_116' title="bbox 1931 2289 1992 2309; baseline 0 0"><span class='ocrx_word' id='word_1_521' title='bbox 1931 2289 1992 2309; x_wconf 33' lang='lat' dir='ltr'>citui-⁴</span> 
     </span>
    </p>
   </div>
   <div class='ocr_carea' id='block_1_33' title="bbox 1938 2442 2115 2491">
    <p class='ocr_par' dir='ltr' id='par_1_39' title="bbox 1938 2442 2115 2491">
     <span class='ocr_line' id='line_1_117' title="bbox 1951 2442 2115 2469; baseline 0.012 -6"><span class='ocrx_word' id='word_1_522' title='bbox 1951 2442 2063 2464; x_wconf 72' lang='lat' dir='ltr'>Concessio</span> <span class='ocrx_word' id='word_1_523' title='bbox 2072 2444 2115 2469; x_wconf 77' lang='lat' dir='ltr'>pal-</span> 
     </span>
     <span class='ocr_line' id='line_1_118' title="bbox 1938 2469 2102 2491; baseline 0.012 -2"><span class='ocrx_word' id='word_1_524' title='bbox 1938 2469 1959 2489; x_wconf 85' lang='lat' dir='ltr'>Iti</span> <span class='ocrx_word' id='word_1_525' title='bbox 1987 2470 2102 2491; x_wconf 74' lang='lat' dir='ltr'>secunaum</span> 
     </span>
    </p>
   </div>
   <div class='ocr_carea' id='block_1_34' title="bbox 371 2479 2117 2532">
    <p class='ocr_par' dir='ltr' id='par_1_40' title="bbox 371 2479 2117 2532">
     <span class='ocr_line' id='line_1_119' title="bbox 371 2479 2117 2532; baseline 0.01 -27"><span class='ocrx_word' id='word_1_526' title='bbox 371 2486 449 2520; x_wconf 55' lang='lat' dir='ltr'>viter</span> <span class='ocrx_word' id='word_1_527' title='bbox 462 2486 500 2520; x_wconf 68' lang='lat' dir='ltr'>ad</span> <span class='ocrx_word' id='word_1_528' title='bbox 525 2487 617 2522; x_wconf 68' lang='lat' dir='ltr'>fidem</span> <span class='ocrx_word' id='word_1_529' title='bbox 635 2489 683 2523; x_wconf 51' lang='lat' dir='ltr'>vel</span> <span class='ocrx_word' id='word_1_530' title='bbox 703 2490 901 2525; x_wconf 52' lang='lat' dir='ltr'>veniemibus</span> <span class='ocrx_word' id='word_1_531' title='bbox 922 2491 970 2526; x_wconf 66' lang='lat' dir='ltr'>vel</span> <span class='ocrx_word' id='word_1_532' title='bbox 989 2493 1117 2527; x_wconf 43' lang='lat' dir='ltr'>sedem,-</span> <span class='ocrx_word' id='word_1_533' title='bbox 1161 2479 1212 2512; x_wconf 86' lang='lat' dir='ltr'>tati</span> <span class='ocrx_word' id='word_1_534' title='bbox 1237 2487 1306 2513; x_wconf 90' lang='lat' dir='ltr'>tuae</span> <span class='ocrx_word' id='word_1_535' title='bbox 1329 2480 1412 2526; x_wconf 90' lang='lat' dir='ltr'>pallii</span> <span class='ocrx_word' id='word_1_536' title='bbox 1432 2494 1525 2516; x_wconf 90' lang='lat' dir='ltr'>usum</span> <span class='ocrx_word' id='word_1_537' title='bbox 1549 2483 1723 2518; x_wconf 86' lang='lat' dir='ltr'>secundum</span> <span class='ocrx_word' id='word_1_538' title='bbox 1742 2485 1908 2532; x_wconf 89' lang='lat' dir='ltr'>antiquum</span> <span class='ocrx_word' id='word_1_539' title='bbox 1930 2496 2040 2521; x_wconf 67' lang='lat' dir='ltr'>antiquum</span> <span class='ocrx_word' id='word_1_540' title='bbox 2061 2497 2117 2517; x_wconf 76' lang='lat' dir='ltr'>eius-</span> 
     </span>
    </p>
   </div>
   <div class='ocr_carea' id='block_1_35' title="bbox 407 2542 1142 2581">
    <p class='ocr_par' dir='ltr' id='par_1_41' title="bbox 407 2542 1142 2581">
     <span class='ocr_line' id='line_1_120' title="bbox 407 2542 1142 2581; baseline 0.014 -14"><span class='ocrx_word' id='word_1_541' title='bbox 407 2542 447 2577; x_wconf 86' lang='lat' dir='ltr'>(t)</span> <span class='ocrx_word' id='word_1_542' title='bbox 466 2542 667 2572; x_wconf 77' lang='lat' dir='ltr'>Ediditltoccus</span> <span class='ocrx_word' id='word_1_543' title='bbox 687 2546 805 2580; x_wconf 72' lang='lat' dir='ltr'>Pyrrhus</span> <span class='ocrx_word' id='word_1_544' title='bbox 829 2546 900 2573; x_wconf 88' lang='lat' dir='ltr'>Sicil.</span> <span class='ocrx_word' id='word_1_545' title='bbox 927 2548 985 2574; x_wconf 86' lang='lat' dir='ltr'>Sac.</span> <span class='ocrx_word' id='word_1_546' title='bbox 1012 2552 1076 2576; x_wconf 88' lang='lat' dir='ltr'>tom.</span> <span class='ocrx_word' id='word_1_547' title='bbox 1098 2559 1117 2581; x_wconf 83' lang='lat' dir='ltr'>t,</span> <span class='ocrx_word' id='word_1_548' title='bbox 1137 2563 1142 2581; x_wconf 82' lang='lat' dir='ltr'>t</span> 
     </span>
    </p>
   </div>
   <div class='ocr_carea' id='block_1_36' title="bbox 372 2577 487 2604">
    <p class='ocr_par' dir='ltr' id='par_1_42' title="bbox 372 2577 487 2604">
     <span class='ocr_line' id='line_1_121' title="bbox 372 2577 487 2604; baseline 0.009 -1"><span class='ocrx_word' id='word_1_549' title='bbox 372 2577 423 2604; x_wconf 85' lang='lat' dir='ltr'>col.</span> <span class='ocrx_word' id='word_1_550' title='bbox 445 2577 487 2604; x_wconf 90' lang='grc'>70.</span> 
     </span>
    </p>
   </div>
   <div class='ocr_carea' id='block_1_37' title="bbox 1160 2527 1910 2619">
    <p class='ocr_par' dir='ltr' id='par_1_43' title="bbox 1160 2527 1910 2619">
     <span class='ocr_line' id='line_1_122' title="bbox 1160 2527 1909 2573; baseline 0.012 -13"><span class='ocrx_word' id='word_1_551' title='bbox 1160 2527 1320 2562; x_wconf 71' lang='lat' dir='ltr'>Ecclesiae</span> <span class='ocrx_word' id='word_1_552' title='bbox 1356 2537 1425 2564; x_wconf 86' lang='lat' dir='ltr'>tuae</span> <span class='ocrx_word' id='word_1_553' title='bbox 1459 2543 1578 2566; x_wconf 88' lang='lat' dir='ltr'>morem</span> <span class='ocrx_word' id='word_1_554' title='bbox 1611 2533 1820 2568; x_wconf 79' lang='lat' dir='ltr'>concedimus</span> <span class='ocrx_word' id='word_1_555' title='bbox 1835 2562 1843 2573; x_wconf 92' lang='lat'>,</span> <span class='ocrx_word' id='word_1_556' title='bbox 1876 2544 1909 2570; x_wconf 92' lang='lat' dir='ltr'>ut</span> 
     </span>
     <span class='ocr_line' id='line_1_123' title="bbox 1161 2576 1910 2619; baseline 0.015 -10"><span class='ocrx_word' id='word_1_557' title='bbox 1161 2587 1198 2609; x_wconf 87' lang='lat' dir='ltr'>eo</span> <span class='ocrx_word' id='word_1_558' title='bbox 1214 2576 1295 2611; x_wconf 89' lang='lat' dir='ltr'>inter</span> <span class='ocrx_word' id='word_1_559' title='bbox 1316 2580 1484 2613; x_wconf 77' lang='lat' dir='ltr'>missarum</span> <span class='ocrx_word' id='word_1_560' title='bbox 1499 2583 1651 2616; x_wconf 85' lang='lat' dir='ltr'>solemnia</span> <span class='ocrx_word' id='word_1_561' title='bbox 1674 2582 1724 2617; x_wconf 82' lang='lat' dir='ltr'>his</span> <span class='ocrx_word' id='word_1_562' title='bbox 1745 2583 1910 2619; x_wconf 76' lang='lat' dir='ltr'>dumtaxat</span> 
     </span>
    </p>
   </div>
   <div class='ocr_carea' id='block_1_38' title="bbox 1930 2522 2116 2570">
    <p class='ocr_par' dir='ltr' id='par_1_44' title="bbox 1930 2522 2116 2570">
     <span class='ocr_line' id='line_1_124' title="bbox 1931 2522 2116 2545; baseline 0.016 -4"><span class='ocrx_word' id='word_1_563' title='bbox 1931 2522 1942 2540; x_wconf 72' lang='lat' dir='ltr'>d</span> <span class='ocrx_word' id='word_1_564' title='bbox 1946 2528 1977 2542; x_wconf 82' lang='lat' dir='ltr'>ern</span> <span class='ocrx_word' id='word_1_565' title='bbox 2006 2522 2116 2545; x_wconf 72' lang='lat' dir='ltr'>Ecclesiae</span> 
     </span>
     <span class='ocr_line' id='line_1_125' title="bbox 1930 2554 1997 2570; baseline 0.015 -1"><span class='ocrx_word' id='word_1_566' title='bbox 1930 2554 1997 2570; x_wconf 78' lang='lat' dir='ltr'>usum.</span> 
     </span>
    </p>
   </div>
  </div>
 </body>
</html>
