2180 3205
115 248 162 275 An.
177 245 205 274 C.
225 246 291 272 ¹159

354 300 422 347 Ego
443 300 518 335 Otto
539 302 689 337 diaconus
716 301 885 336 cardinalis
913 303 1052 336 Sani-to-

305 362 373 384 rum
397 349 531 385 cosinae
557 359 586 385 et
616 351 768 386 Damiani.

353 398 419 444 Ego
436 398 574 434 Vassallo
589 399 743 435 diaeonus
761 400 929 435 cardinalis
944 400 1050 434 Sancti

303 447 464 483 Eustachii
494 449 577 484 iuxta
600 449 767 496 Templum
796 449 962 496 Agrippae.

352 497 420 543 Ego
447 497 588 533 Ubaldus
609 498 761 533 diaconus
783 498 950 533 cardinalis
968 498 1051 532 San-

302 555 370 581 ctae
396 547 511 582 Mariae
533 548 563 581 in
591 547 646 581 Via
668 548 755 582 Lata.

352 596 420 643 Ego
465 596 638 643 Gregorius
681 597 833 632 diaconus
883 596 1050 631 cardinalis

302 644 409 680 Sancti
432 646 557 691 Angeli.

350 694 417 741 Ego
445 694 584 729 Ubaldns
616 694 784 729 cardinalis
814 695 947 728 Sanctae
976 694 1049 728 Ma-

301 743 364 779 riae
387 746 416 778 in
438 744 575 779 Porticu.

347 805 414 852 Ego
457 806 639 842 Glierardns
681 807 834 841 diaconus
881 807 1047 842 cardinalis

297 854 431 891 Sanctae
452 856 569 891 Mariae
592 857 621 890 in
647 856 822 890 Dominica.

347 904 413 951 Ego
458 905 648 941 Octavianus
690 906 843 940 diaconus
879 906 1046 941 cardinalis

295 953 402 989 Sancti
429 954 549 989 Nicolai
573 956 603 989 in
626 954 771 989 Gai-cere.

344 1003 413 1050 Ego
428 1004 568 1039 Ubaldus
583 1005 736 1039 diaconus
751 1004 855 1037 Sancti
883 1004 1042 1039 Hadriani.

343 1053 459 1088 Datum
487 1053 631 1088 Laterani
657 1065 710 1099 per
734 1066 860 1087 manum
886 1054 1042 1099 Aymerici

294 1111 420 1139 sanctae
449 1102 611 1138 Romanae
646 1102 802 1137 Ecclesiae
827 1102 951 1137 diaconi
975 1116 1045 1138 car-

294 1151 408 1187 dinalis
433 1161 463 1187 et
489 1152 687 1193 cancellarii,
717 1166 733 1186 x
769 1151 917 1186 kalendas
953 1154 1043 1192 maii,

293 1201 464 1237 indictione
477 1214 514 1246 11,
528 1202 753 1236 incarnationis
768 1201 945 1236 dominicae
960 1214 1043 1236 anno

293 1263 446 1294 mcxxxix,
482 1251 681 1298 pontificatus
709 1263 780 1285 vero
803 1251 923 1284 domini
949 1251 1043 1286 lnno-

292 1301 385 1334 centii
413 1300 517 1348 Papae
539 1300 669 1335 secundi
697 1312 780 1334 anno
808 1313 837 1334 x.

341 1355 401 1387 Dat.
418 1357 464 1388 die
486 1357 523 1387 22
546 1357 648 1397 aprilis
666 1366 742 1387 anno
764 1356 879 1386 Domini
904 1356 989 1394 1139,

499 1405 577 1441 pont.
593 1400 692 1431 lnnoc.
709 1411 786 1431 anno
809 1410 834 1431 x.

596 1477 729 1486 .—

630 1566 698 1601 Lx.

292 1641 491 1688 Confirmatio
517 1649 712 1685 statutorum,
740 1655 758 1675 a
784 1643 966 1687 Landnlplm
981 1644 1042 1687 epi-

336 1704 426 1736 scopo
464 1693 614 1731 editorum
653 1704 710 1736 pro
749 1694 974 1725 coitsercali‘cme
1014 1700 1039 1725 el

336 1743 527 1775 immunitate
571 1742 742 1779 bonorum,
798 1743 838 1774 nd
880 1743 1040 1775 canonicos

335 1790 544 1824 Ferrarienses
566 1791 781 1836 pertinentium
810 1794 865 1833 (Ι).

556 1872 768 1903 SUMMARlUM

254 1969 258 1973 ,
286 1938 453 1969 Exordium.
483 1955 523 1961 —
552 1938 690 1968 Canonici
727 1938 893 1969 Ferrarien.
927 1938 1038 1968 nemini

327 1988 462 2013 tenentur
490 1984 525 2013 de
553 1983 639 2012 bonis
666 1983 729 2012 suis
752 1983 882 2012 decimas
915 1983 1038 2012 solvere.

324 2044 365 2050 -—-
389 2027 495 2057 Clerici
523 2036 640 2067 quoque
660 2027 746 2057 liberi
774 2037 840 2057 esse
868 2027 975 2057 debent
1002 2027 1037 2056 ab

326 2073 405 2102 omni
437 2072 534 2101 laicali
556 2072 715 2101 functione.
742 2090 781 2094 —
809 2072 915 2101 lisdem
944 2081 1036 2100 cano-

325 2117 401 2147 nicis
425 2116 548 2146 facultas
570 2117 656 2146 datur
677 2117 842 2155 appellandi
872 2117 907 2146 ad
932 2115 1035 2146 Sedem

324 2161 524 2201 Apostolicam
558 2161 587 2190 in
615 2160 847 2198 gravaminibus.
876 2177 915 2181 —
946 2159 1036 2188 Clau-

325 2205 407 2235 sulae
426 2205 669 2234 confirmatoriae.
691 2221 731 2226 —
757 2204 917 2234 innocentii
938 2203 991 2232 Pr.
1011 2208 1036 2233 et

324 2248 353 2279 S.
372 2249 404 2278 [t.
422 2248 500 2278 Eccl.
520 2249 599 2278 card.
618 2248 865 2287 subscriptiones.

265 2315 430 2346 'innocentius
445 2315 564 2354 episcopus
584 2324 662 2344 servus
683 2323 798 2344 serrorum
815 2313 865 2351 Dei,
884 2314 970 2343 dilecto
989 2313 1037 2344 [ilio

323 2357 446 2389 Guallredo
464 2358 661 2398 archipresbytero
680 2358 832 2387 Feri-ariensis
848 2363 981 2392 conventus,
1001 2368 1036 2388 sa-

322 2403 394 2434 lutern
413 2407 434 2433 el
449 2404 599 2443 apostolicam
618 2402 812 2432 benedictionem.

106 2471 239 2498 ‘ffiffllm-
332 2471 537 2506 Sacrosancta
565 2469 707 2504 Romana
733 2469 885 2509 Ecclesia,
914 2481 995 2516 quae
1019 2481 1034 2503 a

283 2520 422 2555 Domino
443 2521 545 2574 claves
567 2520 654 2565 regni
671 2518 816 2553 coelestis
838 2526 868 2553 et
884 2519 950 2553 iura
968 2530 1036 2565 per-

320 2591 359 2627 (1)
374 2591 466 2618 Edidit·
478 2590 591 2625 Ugbelh
611 2589 664 2616 ltal.
679 2589 750 2621 Sao„
763 2592 826 2616 tom.
840 2596 869 2621 ιι,
881 2589 923 2615 ubi
937 2588 969 2615 de
979 2588 1036 2623 epi-

283 2632 372 2666 scopis
389 2631 532 2657 Ferrariam.

275 2682 325 2693 ‘⁸
364 2674 437 2705 Bull.
459 2675 536 2704 ssent.
562 2674 615 2704 Vol.
640 2673 675 2703 Il.
837 2673 876 2703 56

911 247 1116 270 ΙΝΝῚᾺΙΕΝΙἸΙᾜ
1140 247 1160 269 ΙΙ
1186 247 1232 269 ΙΨ.

1728 238 1791 270 ‘iil
1866 247 1914 272 An.
1932 246 1960 272 C.
1976 246 2042 272 ¹15¹)

1097 303 1192 347 cepit,
1215 315 1342 335 suornm
1371 301 1558 336 dilectorum
1585 301 1731 348 precibus·
1754 316 1845 337 ani-es

1096 364 1220 397 semper
1251 351 1408 391 adliibuit,
1436 359 1466 385 ct
1501 351 1645 385 lidelibus
1678 351 1743 384 snis
1765 351 1845 385 dde-

1095 401 1208 434 ctionis
1251 401 1499 434 benevolentiam
1531 413 1656 446 semper
1693 402 1841 435 ostendit.

1096 449 1253 492 Proinde,
1294 450 1334 483 lili
1373 450 1544 484 Gualsrede
1593 451 1844 498 archipresbyter

1093 499 1218 534 dilecte.
1247 499 1425 533 lidi-litatem
1443 507 1526 532 tuam
1544 499 1644 538 nobis,
1668 508 1695 533 et
1716 509 1842 535 sanctae

1096 548 1254 582 Romanae
1279 548 1437 582 Ecclesiae
1461 549 1566 582 utilem
1595 548 1659 582 fore
1688 549 1841 589 seientes,

1091 606 1186 644 atqne
1230 598 1370 631 ‹nnninm
1417 598 1645 637 cardiniliuin‚
1683 599 1840 645 totiusque

1094 647 1253 680 Romanae
1271 647 1385 680 Curiae
1409 658 1527 693 preces.
1553 655 1649 693 prote
1672 648 1839 691 exhibitas,

1091 697 1240 730 ain-mins
1262 696 1470 731 attendentes,
1498 708 1589 730 aures
1608 697 1669 730 tuis
1693 698 1839 742 precibus

1090 745 1289 787 adhibemus⁷
1312 753 1341 779 et
1367 746 1481 790 scripta
1505 753 1555 778 tua
1585 745 1717 779 libenter
1739 754 1768 780 et
1790 747 1839 780 di-

1091 796 1220 840 ligenter
1259 794 1461 841 inspicimus:
1498 794 1613 840 quilius
1653 795 1731 828 bene
1768 808 1838 841 per-

1089 846 1224 890 spectis,
1250 852 1354 890 -atquc
1388 843 1551 889 perlectis,
1592 844 1742 890 quiequid
1784 858 1838 890 per

1088 894 1272 940 episi-opum
1306 892 1527 939 Landulplium
1556 892 1594 927 de
1616 893 1837 929 ecclesiasticis

1088 942 1343 988 obligationibus,
1371 942 1409 976 de
1431 942 1572 981 decimis,
1607 942 1645 976 de
1678 943 1836 988 primitiis,

1087 1005 1102 1025 a
1123 993 1209 1026 laicis
1224 1004 1391 1026 excussum
1407 999 1465 1030 est,
1489 992 1664 1033 laudamus7
1682 1000 1714 1024 nt
1731 993 1836 1026 nullus

1087 1041 1239 1087 deinceps
1274 1041 1312 1074 (le
1349 1040 1509 1075 Ferrariac
1542 1040 1727 1075 (elericorum
1759 1053 1836 1075 con-

1087 1099 1192 1130 ventu,
1215 1091 1253 1123 de
1282 1090 1478 1136 patrimoniis
1504 1090 1580 1131 suis,
1609 1090 1654 1124 vel
1686 1091 1836 1125 ccclesia·
1850 1110 2032 1132 &mmmmm-

1086 1140 1170 1173 stieis
1198 1140 1463 1186 possessionibus,
1498 1140 1648 1179 decimas,
1676 1148 1728 1173 aut
1757 1141 1836 1174 ullos
1850 1143 1933 1192 {fimf
1954 1144 2032 1193 ¹¹¹⁰¹¹¹h⁶¹¹¹

1087 1189 1227 1223 redditus
1258 1189 1311 1222 ulli
1348 1198 1477 1234 cogatur
1512 1188 1642 1223 reddere
1666 1177 2032 1224 laieorum:„52¹⁰20'ii‘ieci'ss

1085 1239 1234 1285 quicquid
1255 1238 1293 1272 de
1317 1239 1420 1272 missis
1444 1237 1617 1271 maioribus
1636 1246 1666 1271 et
1693 1237 1731 1271 de
1761 1251 1835 1273 exe·
1849 1240 1892 1254 “¹²⁵
1908 1233 2015 1254 ⁵⁰¹'effl‘'

1084 1288 1167 1334 quiis
1189 1296 1385 1321 mortuorum
1411 1288 1440 1321 in
1460 1287 1582 1321 civitate
1600 1286 1761 1321 Ferrariae
1782 1301 1836 1333 per

1084 1337 1267 1383 episcopum
1287 1336 1511 1384 Landulplium
1527 1344 1676 1371 statutum
1693 1345 1750 1375 est,
1767 1337 1834 1382 nbi,

1084 1388 1210 1432 tuisque
1229 1386 1465 1421 successoribus
1482 1386 1718 1419 confirmamus.
1735 1385 1834 1427 Quic-

1083 1436 1157 1482 quid
1186 1435 1279 1469 etiam
1307 1436 1336 1469 in
1372 1434 1597 1469 mundiburdio
1623 1438 1667 1478 (l)
1697 1436 1834 1480 impera·
1861 1454 2030 1483 ciericiquoque

1083 1485 1159 1519 toris
1190 1484 1325 1519 Otlionis
1360 1485 1414 1519 tibi
1446 1484 1568 1530 placere
1597 1485 2029 1538 1›erspexiiiius‚{jgffi¹{gwo‘ffiff

1083 1535 1250 1569 statuimus
1284 1543 1313 1568 et
1345 1535 1516 1578 sancimus,
1550 1534 1697 1568 videlicet
1722 1546 1833 1569 omnes
1873 1524 2030 1568 iaiea‘nruiiffm

1082 1584 1212 1618 clericos
1240 1583 1278 1617 de
1305 1592 1460 1618 conventu
1497 1583 1630 1618 civitatis
1672 1582 1832 1618 Ferrariae
1895 1579 1975 1599 ΨΜ·

1083 1634 1242 1668 immunes
1275 1645 1345 1668 esse
1379 1632 1417 1667 ab
1449 1633 1534 1667 omni
1571 1632 1696 1667 (latione
1729 1640 1760 1667 et
1793 1633 1831 1667 ab

1082 1683 1166 1717 omni
1190 1682 1339 1717 saeculari
1359 1691 1389 1717 et
1404 1682 1501 1716 laicali
1518 1682 1642 1728 penitus
1660 1682 1829 1717 iunctione.

1081 1732 1245 1767 Praeterea
1281 1744 1447 1779 personam
1481 1739 1566 1765 tuam
1601 1740 1632 1766 et
1658 1731 1740 1766 bona
1767 1740 1830 1776 tua,

1081 1794 1160 1828 quae
1184 1782 1263 1816 iuste
1292 1782 1387 1816 babes
1414 1789 1443 1815 et
1470 1781 1613 1825 detines,
1647 1780 1693 1814 vel
1730 1793 1828 1828 quae,

1080 1831 1147 1866 Deo
1164 1831 1311 1878 propitio,
1335 1832 1414 1865 iuste
1428 1830 1625 1877 acquisieris,
1648 1829 1707 1864 sul)
1725 1840 1829 1865 nostra

1081 1881 1226 1915 volumus
1252 1892 1321 1914 esse
1344 1880 1451 1924 tutela,
1477 1888 1571 1926 atque
1592 1891 1608 1914 a
1631 1879 1664 1914 S.
1687 1878 1829 1913 Romana

1079 1930 1219 1965 Ecclesia
1249 1929 1416 1970 custodita,
1452 1929 1585 1971 munita,
1613 1937 1643 1963 et
1669 1941 1738 1962 esse
1773 1928 1829 1963 de·

1081 1985 1177 2019 fensa,
1206 1984 1256 2025 Et,
1280 1984 1303 2018 si
1333 1984 1363 2018 in
1391 1983 1496 2030 aliquo
1518 1983 1730 2018 ecclesiastico
1757 1995 1828 2017 sae-
1856 1995 1932 2031 risam
1956 2001 2024 2017 cano-

1079 2038 1219 2072 cularive
1257 2037 1382 2084 negotio
1414 2046 1442 2072 te
1477 2038 1555 2072 forte
1583 2036 1723 2071 censeris
1757 2048 1828 2083 per·
1850 2026 2017 2083 ¹{1'sJJf‘2ssffl}

1079 2093 1211 2138 gravari,
1239 2093 1330 2127 liceat
1350 2092 1406 2126 tibi
1433 2102 1571 2126 sanctam
1604 2090 1718 2125 Sedem
1743 2087 2024 2145 Αρο-ζᾞέζηζξῑκῗζιῇᾞ

1078 2147 1218 2181 stolieam
1249 2147 1345 2181 libere
1367 2146 1535 2193 appellare.
1563 2144 1596 2179 Si
1620 2145 1692 2191 quis
1724 2154 1826 2179 autem
1843 2150 2005 2174 &flaminibus-

1078 2213 1154 2234 ausu
1183 2201 1350 2235 temerario
1376 2201 1457 2243 hanc
1476 2208 1613 2233 nostram
1638 2199 1829 2245 praeceptio-

1079 2266 1149 2288 nem
1182 2254 1346 2289 temerarie
1381 2253 1643 2300 praesumpserit,
1681 2251 1828 2297 indigna-
1855 2263 2025 2299 ciausuiaecon-

1077 2308 1194 2342 tionem
1212 2309 1362 2348 incurrat‚
1378 2315 1408 2341 et
1424 2306 1457 2341 S.
1476 2306 1635 2339 Romanae
1653 2305 1827 2346 Ecclesiae,
1843 2295 1977 2316 ⁶¹¹¹¹³¹⁰¹'¹“⁰'

1078 2370 1264 2408 nostraeque
1304 2360 1496 2395 auctoritatis
1542 2359 1646 2405 gladio
1688 2359 1826 2394 feriatur.

1079 2416 1192 2453 Amen,
1215 2427 1318 2449 amen.

1128 2469 1200 2503 Eoo
1228 2468 1438 2502 lxxocexrms
1469 2466 1641 2503 catholicae
1665 2467 1827 2503 Ecclesiae
1855 2487 2024 2510 ,mmmm

1077 2523 1246 2570 episcopus
1268 2534 1310 2556 ss.

1113 2594 1151 2628 (1)
1172 2593 1327 2620 Defensione
1343 2600 1372 2619 ac
1390 2592 1479 2623 tutela5
1497 2592 1522 2619 h.
1541 2600 1563 2618 e.
1579 2592 1605 2618 in
1616 2592 1756 2626 Privilegio
1772 2591 1825 2618 Im-

1078 2633 1206 2669 peratoris
1221 2632 1253 2659 ad
1273 2631 1450 2659 delensionem
1465 2632 1534 2659 (lato.
1554 2632 1591 2667 (n.
1610 2632 1648 2667 T.)
