2180 3205
391 205 460 237 6522

342 270 473 304 fructum
515 268 614 301 lwsstle
655 264 785 300 actionis
821 262 1016 310 percipiant,
1060 269 1090 296 et

341 319 423 366 apud
447 318 622 351 districtum
637 314 779 349 iudicem
797 312 933 360 praemia
946 319 1089 346 aeternae

343 369 428 418 pacis
450 367 618 400 inveniant.
647 365 761 403 Amen,
788 374 890 401 anien,
917 373 1020 396 amen.

392 418 462 451 Eoo
503 416 674 450 Anninus
715 411 885 448 catholicae
933 410 1090 445 Ecclesiae

343 468 523 513 episcopus.

393 516 459 562 Ego
491 515 611 549 Imarus
643 511 889 547 Tusculanensis
910 509 1090 557 episcopus.

392 566 460 611 Ego
482 563 654 610 Gregorius
680 562 866 597 Sabineusis
887 560 1067 607 episcopus.

392 615 460 661 Ego
475 613 615 649 Ubaldus
633 611 790 647 Ostiensis
811 611 989 657 episcopus.

393 665 462 711 Ego
488 663 587 697 lulius
614 662 837 696 Praenestinus
863 660 1042 705 episcopus.

394 714 460 759 Ego
475 712 619 748 Ubaldus
635 711 738 758 presb.
756 711 841 746 card.
861 710 906 744 tit.
925 708 959 743 S.
979 708 1093 742 Crucis

346 764 377 800 in
400 762 597 799 Hierusalem
620 761 725 796 subsc.

396 814 464 860 Ego
483 812 632 847 Astaldus
654 810 757 859 presb.
781 808 865 844 card.
892 808 936 842 tit.
960 807 1094 842 Sanctae

346 863 474 899 Priscae
499 862 604 897 subsc.

395 913 463 960 Ego
484 912 619 947 Ioannes
646 909 806 958 presbyter
828 906 912 942 card.
936 906 1015 940 tituli
1044 906 1093 941 Ss.

347 963 473 998 loannis
493 970 525 997 et
546 960 633 996 Pauli
657 960 702 994 tit.
725 957 918 994 pammachii
941 955 1046 990 subsc.

396 1012 465 1059 Ego
491 1011 624 1047 loannes
665 1008 769 1057 presb.
797 1007 881 1043 card.
916 1006 961 1040 tit.
989 1005 1095 1040 Sanet.

349 1062 491 1098 Silvestri
515 1069 545 1096 et
570 1060 696 1096 Martini
719 1058 826 1093 subsc.

396 1112 466 1158 Ego
487 1111 562 1146 Otto
583 1111 736 1145 diaconus
757 1107 842 1144 card.
865 1105 901 1141 S.
923 1105 1043 1140 Nicolai
1066 1104 1096 1138 in

349 1162 484 1196 carcere
501 1160 657 1196 Tulliano.

399 1212 467 1257 Ego
493 1211 578 1246 Bozo
611 1209 690 1244 diae.
724 1206 808 1243 card.
835 1206 886 1241 Ss.
909 1205 1043 1240 Cosniae
1069 1212 1098 1238 et

350 1261 506 1296 Daniiani.

146 217 195 242 Au.
215 215 234 243 C
262 216 327 242 ¹155

162 426 260 447 Hadriani
276 426 314 447 ΙΨ.

148 528 166 543 et
191 523 211 542 S.
227 521 249 542 R.
273 521 328 542 Eerl.

169 553 302 573 cardinalium

156 585 329 611 subscriptiones.

923 207 1061 230 BULLARI
1067 206 1111 229 ml
1138 205 1300 228 ROMAM’M

1890 202 1940 228 An.
1958 200 1986 227 C.
2008 199 2073 226 1133

1169 269 1184 289 a
1204 257 1356 288 monachis
1372 257 1442 295 eligi
1464 257 1569 286 debere
1592 257 1741 297 praecipit.
1762 274 1800 280 —
1822 257 1877 287 lm·

1170 303 1298 333 munitas
1317 311 1367 342 pro
1386 302 1564 332 monasterio
1583 301 1618 331 ab
1636 303 1716 332 omni
1734 303 1877 337 molestia,

1170 365 1208 370 —
1223 347 1293 377 Cum
1306 347 1402 377 solitis
1415 346 1668 376 conclusionibus.
1685 364 1724 369 —
1739 347 1877 378 Hadriani

1171 392 1226 422 PP.
1247 397 1274 422 et
1294 391 1322 422 S.
1345 391 1377 421 R.
1392 391 1424 420 E.
1442 391 1520 421 card.
1544 390 1786 430 subscriptiones.

1132 455 1244 484 Adrianus
1266 455 1384 493 episcopus
1405 463 1481 484 servus
1499 463 1615 484 seriorum
1633 453 1684 491 Dei,
1711 453 1802 484 dilectis
1827 453 1881 484 filiis

1171 499 1239 529 Petro
1265 498 1341 528 abbati
1363 499 1479 529 Ecclesiae
1501 500 1523 527 S.
1547 498 1668 537 Augustini
1695 498 1879 537 Lemorieensis,

1173 544 1267 582 eiusque
1289 542 1404 580 iratribus,
1434 547 1479 572 tani
1503 542 1660 581 praesentibus
1689 552 1756 581 quam
1778 542 1880 580 tuturis,

1173 588 1321 617 nmnastieam
1340 588 1409 616 vitani
1431 586 1545 626 protessis.
1569 587 1591 616 in
1609 591 1754 626 perpetuum.

1183 650 1338 692 Quotiens
1369 649 1444 684 illud
1472 662 1487 684 a
1525 649 1616 684 nobis
1644 651 1768 696 petitur,
1795 652 1878 699 quod

1136 700 1277 746 religioni
1300 707 1331 734 et
1353 700 1505 734 honestati
1535 700 1674 734 noscitur
1700 701 1879 739 convenire.

1135 751 1263 785 omnino
1286 762 1343 784 nos
1364 749 1453 784 decet
1474 749 1608 785 libenter
1633 750 1824 790 concedere;
1851 760 1879 786 et

1137 808 1293 847 praeterea
1321 799 1522 834 decernimus
1555 811 1729 845 congruum
1761 801 1881 835 suffra*-

1136 850 1220 896 gium
1250 849 1414 896 impertiri.
1434 848 1619 896 Eapropter,
1641 848 1748 884 dilecti
1772 850 1800 884 iu
1815 850 1882 885 Do·
1908 835 2059 880 ssonasteriuni

1137 900 1223 933 mino
1251 898 1318 939 filii,
1355 898 1464 933 vestris
1502 899 1592 933 iustis
1621 890 2082 946 postulationibus{{{⁸.¹ffi„{¹¹¹’s¹2;?;

1137 948 1308 983 clementer
1329 948 1507 989 annuimus,
1529 957 1559 983 et
1581 948 1749 995 praefatum
1773 962 1884 984 mona·
1896 952 2034 988 A120?¹⁰¹³⁰⁸⁶
2048 957 2082 987 5¹¹·

1137 998 1279 1040 sterium,
1302 1010 1364 1044 quo
1387 997 1491 1032 divino
1515 998 1681 1045 mancipati
1704 1000 1778 1033 estis
1792 999 1884 1034 obse-
1897 986 1961 1039 ἷῗῖ“
1991 982 2082 1004 Μω-

1138 1049 1222 1095 quio,
1237 1047 1296 1082 sub
1314 1048 1392 1082 beati
1412 1047 1495 1082 Petri
1517 1057 1546 1082 et
1568 1055 1673 1083 nostra
1693 1049 1886 1094 protectione

1139 1097 1342 1144 suscipimus,
1364 1105 1392 1131 et
1408 1097 1582 1144 praesentis
1595 1098 1702 1145 scripti
1721 1099 1885 1146 privilegio

1139 1147 1388 1187 comninnimus3
1430 1147 1584 1194 imprimis
1623 1147 1779 1195 siquidem
1816 1156 1887 1183 sta-

1140 1205 1275 1241 tuentes,
1295 1205 1327 1231 ut
1353 1196 1430 1231 ordo
1459 1197 1662 1238 monasticus,
1691 1198 1742 1244 qui
1771 1210 1887 1233 secun-

1140 1247 1214 1281 dum
1238 1246 1295 1281 Dei
1319 1246 1474 1287 timorem,
1497 1254 1526 1281 et
1554 1246 1589 1281 Β.
1612 1246 1775 1282 Benedicti
1799 1260 1888 1294 regu-

1925 664 2035 685 Etordium

400 1311 513 1345 namn,
547 1308 692 1344 Laterani
727 1319 783 1354 per
807 1317 936 1340 manum
963 1303 1098 1339 Rolafflli
1142 1297 1200 1331 lani
1237 1296 1266 1330 iu
1303 1296 1370 1343 ipso
1408 1297 1597 1330 monasterio
1631 1296 1792 1332 institutus
1819 1310 1888 1333 esse

351 1368 476 1396 sanctae
497 1359 659 1394 Romanae
686 1356 845 1392 Ecclesiae
885 1354 987 1401 presb.
1015 1353 1099 1388 card.

351 1418 382 1445 et
403 1409 590 1448 cancellarii,
618 1408 678 1442 kal.
702 1408 775 1445 ian„
798 1405 904 1440 indict.
934 1404 1101 1448 nminem·
1143 1395 1361 1430 lffilOlssblllles
1394 1395 1591 1437 ObS‘ffVClUPi
1629 1404 1816 1438 statuentes,
1855 1406 1887 1432 ut

352 1459 489 1495 nationis
515 1458 690 1493 dominicae
721 1468 804 1491 anno
831 1466 971 1493 arcm‘m,
996 1454 1102 1501 ponti·
1143 1457 1357 1492 quascumque
1397 1446 1630 1500 possessiones,
1668 1458 1888 1494 quaecumque

352 1509 462 1544 ficatus
484 1508 521 1542 D.
545 1508 675 1542 Adriani
699 1507 801 1552 Papae
824 1505 863 1539 lV
885 1516 966 1538 anno
994 1515 1024 1537 v.

392 1568 454 1597 Dat.
477 1567 523 1597 die
547 1567 560 1596 1
587 1564 713 1596 ianuarii
741 1573 816 1593 anno
838 1562 953 1592 Domini
978 1561 1063 1597 1158,

620 1613 699 1650 pont.
717 1618 792 1639 anno
810 1616 835 1637 v.

693 1773 768 1809 XX.

357 1856 582 1901 Privileyium,
616 1865 675 1898 quo
711 1852 931 1897 confirmantur
963 1851 1033 1883 iura
1070 1860 1106 1882 ac

402 1906 600 1951 possessiones
631 1903 772 1937 abbatiae
794 1903 829 1935 S.
858 1900 1029 1945 Augustini
1054 1899 1106 1932 Le-

408 1955 581 1989 inon-irensis
604 1955 660 1997 (1).

626 2023 840 2057 SUMMARIUM

360 2096 525 2127 Exordium.
542 2112 582 2117 -
599 2094 719 2124 Monast.
741 2093 839 2132 ipsum
856 2091 910 2122 sub
927 2090 1107 2131 protectione

401 2141 486 2172 sedis
509 2141 608 2179 Apost.
631 2137 756 2177 suscipit
771 2136 949 2173 Hadrianus;
962 2151 1002 2157 —
1016 2134 1108 2173 Eique

401 2187 476 2216 bona
500 2185 597 2214 omnia
620 2184 790 2213 confirmat:
816 2199 855 2204 -
880 2180 1011 2216 Quorum
1035 2188 1109 2208 non-

402 2230 482 2260 nulla
519 2232 683 2259 enumerat:
710 2245 750 2250 —
775 2226 955 2257 Facultatem
991 2233 1108 2264 quoque

403 2274 504 2305 tribuit
522 2273 685 2313 sepeliendi
718 2272 746 2301 in
769 2271 904 2301 ecclesiis
933 2269 1109 2299 monasterio

403 2318 556 2355 subiectis,
567 2317 657 2347 salvis
671 2322 765 2346 tamen
774 2315 888 2346 iuribus
896 2314 1108 2355 parochialium

403 2363 614 2393 Ecclesiaruni.
635 2379 674 2384 —
695 2361 726 2391 ln
752 2361 894 2391 Ecclesiis
917 2369 986 2390 vero
1009 2369 1109 2390 curam

1120 1334 1122 1386 l
1142 1346 1350 1392 dignoscitur,
1374 1347 1534 1393 perpetuis
1552 1345 1668 1381 ibidem
1691 1347 1888 1394 temporibus

1908 1417 1974 1445 Eique
1979 1417 2035 1438 bona
2042 1422 2076 1438 om
2081 1426 2087 1431 ·

1901 1449 1937 1470 nia
1951 1448 2072 1470 confirmat:

1144 1495 1223 1529 bona
1244 1494 1324 1529 idem
1348 1495 1572 1529 monasterium
1595 1497 1888 1542 impraesentiarum

1145 1545 1225 1579 iuste
1247 1552 1277 1578 ct
1298 1545 1450 1580 canonice
1467 1545 1616 1590 possidet,
1630 1553 1682 1579 aut
1697 1545 1727 1580 in
1751 1546 1889 1581 futurum

1144 1594 1348 1629 concessione
1370 1593 1572 1638 Pontificum,
1595 1595 1757 1640 largitione
1782 1608 1891 1643 regum

1145 1645 1189 1678 rel
1227 1643 1429 1691 principum,
1463 1643 1621 1679 oblatione
1654 1644 1812 1690 fidelium,
1835 1659 1892 1681 seu

1145 1694 1213 1728 aliis
1249 1693 1338 1728 iustis
1372 1693 1474 1728 modis
1488 1721 1496 1734 ‚
1531 1702 1708 1741 praestante
1742 1695 1891 1740 Domino,

1147 1743 1258 1791 poterit
1289 1742 1432 1790 adipisci,
1471 1744 1558 1778 firma
1593 1742 1682 1779 vobis
1720 1745 1893 1793 vestrisque

1145 1792 1382 1828 successoribus
1417 1801 1447 1827 et
1474 1793 1590 1828 illibata
1618 1804 1838 1840 permaneant;
1860 1796 1892 1830 in

1146 1842 1262 1890 quibus
1284 1842 1360 1877 haec
1382 1843 1517 1890 propriis
1543 1843 1691 1878 duximus
1717 1845 1894 1891 exprimere

1147 1892 1321 1927 vocabulis:
1339 1893 1563 1927 monasterium
1579 1893 1617 1928 de
1631 1892 1810 1929 Caro—Vico
1821 1906 1893 1930 cum

1148 1942 1358 1989 pertinentiis:
1393 1942 1617 1977 monasterinm
1652 1943 1691 1978 de
1717 1943 1894 1979 Ambazaco

1147 2004 1218 2026 cum
1235 1992 1433 2039 pertinentiis
1447 1993 1523 2032 suis,
1539 1992 1701 2027 ecclesiam
1719 1993 1758 2028 de
1774 1992 1895 2041 Super-

1147 2042 1250 2076 Bosco
1272 2054 1342 2076 cum
1367 2042 1565 2089 pertinentiis
1586 2042 1663 2084 suis,
1679 2042 1841 2078 ecclesiam
1856 2044 1895 2079 de

1148 2090 1300 2137 Colongis
1322 2104 1392 2126 cum
1414 2091 1610 2138 pertinentiis
1631 2092 1708 2136 suis,
1732 2102 1896 2129 monaste—

1149 2141 1229 2176 rium
1265 2150 1296 2175 et
1323 2141 1471 2188 capellam
1501 2141 1538 2176 de
1560 2141 1671 2176 Castro
1698 2141 1796 2178 Lucio
1822 2155 1896 2178 cum

1128 2186 1346 2242 ipertinentiis
1380 2191 1466 2235 suis,
1493 2190 1658 2226 ecclesiam
1693 2191 1732 2226 de
1769 2192 1896 2228 Bonaco

1128 2246 1131 2295 ἰ
1150 2253 1222 2275 cum
1246 2240 1442 2288 pertinentiis
1458 2241 1534 2282 suis,
1554 2240 1720 2276 ecclesiam
1742 2241 1781 2276 de
1800 2242 1897 2290 Fagia

1151 2302 1221 2325 cum
1246 2290 1442 2336 pertinentiis
1463 2291 1538 2331 suis,
1561 2290 1725 2326 ecclesiam
1749 2291 1783 2327 S.
1806 2292 1898 2328 loan-

1152 2340 1200 2374 nis
1226 2339 1264 2374 de
1285 2339 1406 2374 Rillaco
1429 2353 1501 2374 cum
1524 2340 1721 2388 pertinentiis
1741 2342 1823 2387 suis,
1845 2354 1898 2377 ec-

1918 1855 2010 1882 Quor-m
2033 1860 2090 1876 non-

1906 1887 1964 1908 nulla
1973 1888 2090 1908 enumerat:

403 2408 567 2438 animarum
591 2407 767 2437 habentibus
799 2406 967 2435 sacerdotes
995 2405 1030 2435 ab
1053 2404 1109 2434 ab-
1130 2389 1276 2442 1⁰¹⁰Sl³ffl
1312 2389 1346 2423 S·
1381 2389 1469 2424 Pauli
1497 2402 1568 2425 cum
1601 2390 1798 2437 Ρθΐῑῖῧθΰῑῦὃ
1819 2393 1897 2432 suis,

404 2453 469 2482 bate
500 2452 585 2490 eligi,
616 2451 652 2481 ab
683 2452 820 2491 episcopo
853 2460 919 2480 vei-0
956 2450 1111 2490 approbari
1151 2438 1315 2493 ecclesiam
1349 2439 1388 2473 de
1423 2438 1580 2475 Buissolio
1607 2452 1678 2475 cum
1702 2441 1898 2488 pertiuentiis

406 2497 514 2527 statuit.
531 2513 571 2519 -
587 2496 728 2527 Abbatern
751 2501 847 2526 autern
877 2500 1000 2525 monast.
1022 2496 1111 2526 huius
1151 2501 1229 2528 suis,
1251 2488 1416 2523 ecclesiam
1437 2488 1471 2523 S.
1494 2489 1679 2525 Christofori
1706 2502 1778 2525 cum
1803 2490 1899 2535 perti-

403 2559 491 2594 (1)Ex
502 2559 571 2586 Gall.
588 2559 697 2592 Christ.,
716 2562 777 2586 tom.
797 2567 832 2591 n,
851 2559 918 2585 inter
933 2558 1111 2585 Instrumenta
1154 2538 1269 2572 nentlls
1295 2539 1372 2593 suis,
1409 2538 1574 2593 {weleSiam
1609 2539 1644 2573 S·
1674 2539 1898 2586 S)'“'l¹¹¹‘''lani

367 2599 498 2626 Ecclesiae
512 2600 656 2633 Lemovic.,
674 2608 746 2626 nuni.
765 2606 830 2626 xxv.
1129 2609 1136 2643 3
1154 2599 1225 2622 cum
1252 2588 1449 2635 pertinentiis
1470 2589 1547 2631 suis,
1569 2588 1734 2624 ecclesiam
1755 2588 1792 2624 S.
1817 2587 1900 2624 Pro-
