2180 3205
16 250 63 278 Λη.
85 250 114 278 C.
131 250 197 278 1077

35 1182 147 1204 Promis-sio
157 1183 204 1203 sie-

21 1210 86 1236 phnni
110 1210 204 1229 Anii-ien-

21 1237 50 1256 sis
77 1235 104 1256 de
135 1235 205 1255 dimi·-

30 1262 94 1282 tenda
126 1261 198 1282 invasa

24 1288 125 1308 Ecclesia.

47 1631 106 1655 Quod
135 1633 204 1652 tamen

21 1658 116 1684 quami-is
133 1658 204 1678 admo-

20 1685 75 1705 nitns
89 1690 129 1705 non
143 1689 204 1711 prae—

21 1711 87 1732 stitit:

43 1923 112 1946 Quare
122 1924 204 1943 senten-

21 1949 51 1970 tia
65 1950 204 1970 excommuni-

29 1975 117 1996 cationis
154 1981 195 1996 una

22 2007 68 2022 cnm
82 2002 125 2023 suis
137 2001 203 2022 fauto-

21 2028 79 2050 ribus
92 2028 183 2055 punitur.

49 2269 79 2291 De
93 2270 204 2291 oblationi·

21 2296 61 2317 bus
69 2298 174 2318 ecclesiae.
183 2297 204 2317 S.

22 2323 102 2344 Mariae
118 2323 169 2344 inibi
184 2329 205 2344 e-

23 2349 107 2370 xistenti
123 2350 205 2370 iuterim

23 2381 63 2396 noi
79 2376 178 2397 serendis.

811 244 838 267 ss.
865 244 1051 266 GnEGffluUS
1073 244 1117 266 VH
1144 244 1191 266 ΡΡ.

225 367 426 412 Confirmatio
458 368 782 402 excomimmicalt'onis
821 380 841 401 α
875 368 974 410 leqoto

271 418 437 461 apostolico
470 418 552 451 latae
577 424 683 451 contra
711 418 881 451 Ani'ciensis
912 417 975 449 Ec-

272 466 376 500 etesiae
397 467 570 500 invasorem.
594 467 625 509 (l
632 468 652 508 ).

487 539 699 570 sonitatum!

222 605 384 636 Promissio
402 605 540 645 Stephani
561 605 727 635 Aniciensis
746 605 781 634 de
800 604 970 634 dimittenda

262 645 361 675 invasa
384 645 524 675 Ecclesia.
552 661 591 667 -—
611 645 694 680 Quod
719 649 814 674 tamen
838 644 972 683 quamvis

261 685 430 715 admonitus
459 694 516 714 non
540 685 702 723 praestitit:
729 701 768 706 —-
786 684 880 719 Quare
900 694 971 713 scn-

262 725 348 754 tentia
380 724 691 754 excomiminicationis
721 734 775 753 una
809 733 876 752 cnm
909 724 972 753 suis

263 764 427 794 fautoribus
446 765 574 802 punitur.
592 780 632 785 —
648 763 686 793 De
709 763 909 793 oblationibus
926 772 973 793 ec-

262 804 371 833 clesiae
399 804 426 833 S.
450 803 555 833 Mariae
589 802 660 832 inihi
689 803 825 833 existenti
854 803 970 832 interim

261 852 319 873 non
348 843 487 873 serendis.
509 860 549 865 —
570 842 605 872 Ut
633 843 765 882 episcopi
800 843 971 872 huiusmodi

261 884 434 913 sententiam
468 884 656 919 confirment,
679 887 707 912 et
739 883 845 922 populo
875 883 970 922 palam

262 922 379 957 saciant,
398 922 489 952 iubet.

221 989 363 1025 Gregorius
382 989 522 1025 episcopus
551 996 645 1018 servus
676 996 816 1018 servorum
837 989 892 1022 Dei,
913 989 971 1017 uni·

266 1034 354 1063 versis
364 1034 512 1062 Galliarum
529 1034 662 1070 episcopis
675 1035 703 1062 et
715 1034 820 1062 cunctis
833 1034 972 1062 ordinibus

269 1079 320 1107 sub
338 1079 378 1107 eis
396 1079 566 1111 constitutis,
587 1079 682 1114 quibus
700 1085 750 1114 pro
768 1079 866 1107 merito
895 1079 971 1107 debe-

264 1124 322 1156 tur,
343 1123 459 1151 salutem
479 1125 506 1152 et
526 1123 704 1159 apostolicam
723 1123 944 1151 benedictionem.

272 1185 389 1219 Notum
416 1197 484 1219 esse
508 1185 653 1219 volumus
677 1185 816 1219 charitati
842 1193 971 1229 vestrae,

225 1234 308 1280 quod
332 1233 514 1280 Stephanus
535 1233 714 1269 Aniciensis
736 1233 898 1269 Ecclesiae
923 1235 972 1268 in—

225 1294 316 1317 vasor
341 1291 371 1317 et
403 1283 592 1318 simoniacus
627 1283 736 1317 iuravit
765 1283 855 1318 nohis
878 1296 972 1330 super

225 1343 340 1378 corpus
374 1331 455 1366 beati
483 1331 579 1375 Petri,
607 1340 640 1366 ut
667 1332 839 1367 Ecclesiam
863 1332 972 1366 ‹limit-

225 1387 314 1420 teret,
338 1388 369 1414 et
402 1388 557 1426 pastorem
586 1381 616 1414 in
644 1393 678 1416 ea
706 1381 882 1415 secundum
906 1382 972 1416 Do-

227 1428 348 1463 minum
390 1428 505 1475 eligere
542 1437 635 1476 atque
674 1431 881 1473 constituere,
918 1443 972 1477 per

225 1477 321 1512 fidem
348 1477 520 1522 adiuvaret,
552 1478 818 1526 quandocumque
853 1479 972 1525 legatus

222 1526 425 1573 Apostolicae
457 1527 551 1562 Sedis
578 1539 650 1562 cum
678 1527 774 1563 literis
797 1530 912 1563 nostris
940 1528 970 1562 id

223 1587 296 1610 eum
331 1575 431 1611 facere
464 1588 520 1623 per
551 1585 779 1612 sacramentum
819 1586 969 1612 moneret.

223 1624 336 1660 Postea
357 1637 430 1660 vero
455 1627 666 1660 commonitus
693 1638 708 1660 a
736 1626 891 1662 confratre
913 1640 971 1662 no-

223 1681 289 1709 stro
309 1672 444 1720 Hugone
464 1675 573 1709 Diensi
596 1675 758 1722 episcopo,
781 1676 875 1710 huius
898 1689 971 1723 spe-

222 1723 344 1758 cialiter
369 1724 483 1770 negotii
512 1724 615 1759 literas
647 1737 663 1759 a
697 1725 788 1760 nobis
824 1725 970 1767 habente,

223 1772 366 1820 quamvis
387 1773 488 1808 eidem
512 1773 594 1808 vices
608 1781 730 1809 nostras
748 1775 777 1808 in
798 1774 970 1809 Galliarum

226 1821 369 1869 partibus
399 1823 691 1863 commisissemus,
713 1823 883 1858 Ecclesiam
908 1837 970 1859 non

223 1878 323 1906 cessat
353 1871 532 1918 opprimere
567 1880 598 1907 et
636 1872 715 1907 filios
753 1873 971 1920 eiusduplici

223 1919 423 1965 contritione,
438 1921 590 1968 corporali
613 1921 732 1956 scilicet
753 1931 782 1956 et
804 1922 970 1969 spirituali,

223 1977 397 2004 conterere.
448 1969 540 2005 Unde
586 1971 945 2006 excommunicationem
962 1999 971 2017 ‚

224 2030 319 2065 quam
335 2018 513 2066 praedictus
527 2019 648 2066 legatus
660 2028 767 2054 noster
787 2033 883 2068 super
900 2033 970 2056 eum

226 2067 309 2107 fecit,
350 2079 407 2102 nos
443 2068 682 2109 confirmamus,
718 2069 907 2117 ipsumque,
943 2078 973 2105 et

224 2128 346 2158 omnes,
373 2117 427 2164 qui
453 2117 603 2164 deinceps
628 2118 793 2153 consilium
822 2119 848 2153 ei
875 2119 973 2154 dede-

224 2166 305 2207 rint,
341 2173 375 2200 ut
408 2166 440 2200 in
475 2166 533 2201 hac
560 2166 680 2202 haeresi
710 2176 902 2214 permaneat,
935 2180 973 2203 ex

225 2222 313 2262 parte
339 2213 396 2250 Dei
428 2223 459 2249 et
487 2217 586 2250 sancti
611 2215 694 2250 Petri
723 2217 975 2252 anathematiza-

225 2276 322 2309 mus,
357 2263 458 2299 donee
491 2265 688 2311 resipiscant.
717 2265 974 2301 Coun-adicimus

225 2313 330 2355 etiam,
347 2321 381 2348 ut
403 2313 521 2348 nullam
545 2314 711 2360 pecuniam
733 2314 846 2362 aliquis
868 2316 975 2350 oll'erat

225 2362 256 2397 in
286 2362 382 2410 podio
407 2361 442 2398 S.
469 2362 597 2404 Mariae,
619 2363 684 2398 sive
705 2363 745 2398 ad
771 2364 890 2406 altaria,
909 2365 974 2400 sive

225 2411 265 2446 ad
300 2423 412 2446 manus
445 2411 665 2456 sacerdotum,
700 2412 802 2448 donec
833 2414 975 2450 Ecclesia

225 2460 376 2496 liberetur
397 2472 415 2495 a
443 2469 504 2496 tam
528 2461 626 2508 impia
656 2461 875 2508 impressione,
901 2464 975 2510 quia

226 2509 401 2545 oblationes
435 2510 575 2545 fidelium
612 2511 807 2558 praedictum
838 2511 977 2560 Stepha-

227 2571 302 2593 num
322 2570 338 2593 a
353 2559 421 2594 Deo
446 2568 632 2607 apostatare,
655 2568 749 2607 atque
775 2568 883 2597 contra
904 2574 976 2598 eum

262 2613 301 2650 (l)
322 2615 361 2642 Ex
381 2615 446 2643 edit.
467 2616 547 2643 Card.
569 2616 686 2644 Carasae.

1669 235 1714 269 37

1016 299 1134 334 faciunt
1170 299 1348 347 superbire.
1384 300 1482 335 Vobis
1516 307 1633 341 autem,
1656 300 1765 337 fratres

1015 349 1206 396 coepiscopi,
1230 350 1310 384 hanc
1327 350 1700 390 excommunicationem,
1723 360 1767 386 at-

1015 410 1075 444 que
1097 398 1377 433 contradictionem
1402 399 1430 433 in
1460 399 1634 446 parrochiis
1656 401 1766 435 vestris

1017 459 1071 494 per
1092 447 1213 482 diversa
1241 448 1307 482 loca
1330 449 1471 490 recitare,
1491 457 1522 484 ct
1543 461 1580 484 ex
1603 457 1690 496 parte
1713 462 1766 485 ve-

1015 503 1076 530 stra
1090 496 1288 541 confirmare,
1297 497 1467 542 apostolica
1478 499 1663 534 auctoritate
1673 511 1763 546 prae-

1014 545 1158 591 cipimus.
1194 545 1263 580 Dat.
1300 545 1476 581 Bibianello
1512 560 1529 581 x
1561 548 1620 582 kat.
1656 549 1764 596 aprilis

1016 594 1190 629 indictione
1217 594 1462 642 decimaquinta.

1068 650 1128 680 Dat.
1148 651 1195 680 die
1216 651 1254 680 *23
1276 652 1372 681 martii
1396 661 1472 681 anno
1491 652 1605 683 Domini
1630 654 1712 692 1077,

1264 692 1365 730 pontif.
1388 701 1464 722 anno
1484 701 1518 722 iv.

1320 815 1455 850 xxxii.

1015 889 1193 924 Commi'ssi'o
1218 892 1355 936 episcopo
1393 893 1566 927 parisiensi
1590 895 1764 928 absolvendi

1061 941 1221 973 nonnullos
1249 953 1268 974 (ι
1299 943 1446 976 sentencia
1471 944 1766 977 excomnmnicatio-

1063 989 1109 1022 nis
1132 991 1187 1032 (l).

1279 1059 1492 1091 SUMMARtUM

1013 1122 1111 1152 Series
1131 1124 1208 1154 facti.
1220 1141 1260 1146 ——
1275 1125 1445 1163 walterum,
1464 1127 1489 1156 si
1506 1127 1591 1166 culpa
1609 1129 1764 1163 vacaverit,

1053 1172 1067 1191 a
1087 1163 1222 1193 {ternensi
1235 1165 1458 1205 archiepiscopo
1472 1166 1599 1203 absolvi,
1623 1169 1690 1197 etsi
1711 1169 1764 1197 iste

1052 1204 1210 1240 negaverit,
1226 1214 1240 1233 a
1260 1204 1417 1234 Parisiensi
1435 1206 1589 1245 episcopo,
1606 1207 1704 1243 iubet;
1726 1224 1765 1229 —

1054 1241 1083 1270 si
1109 1252 1174 1272 vero
1194 1244 1223 1272 in
1241 1244 1326 1282 culpa
1346 1245 1396 1273 ille
1414 1245 1510 1281 suerit,
1528 1246 1563 1275 ad
1581 1247 1763 1276 satisfactio-

1053 1291 1118 1310 nem
1142 1284 1346 1313 coarctandus.
1368 1301 1407 1306 -
1424 1284 1503 1314 Ideni
1521 1285 1556 1314 de
1575 1286 1671 1315 Azone
1692 1295 1766 1324 quo-

1052 1320 1117 1350 dam
1136 1324 1288 1352 canonico,
1311 1340 1350 1345 —
1375 1324 1523 1353 Monachis
1544 1325 1572 1354 S.
1599 1325 1744 1355 Lamberti
1758 1349 1765 1361 ,

1052 1361 1100 1398 qui
1121 1366 1256 1392 extraneo
1279 1362 1376 1392 abbati
1400 1368 1428 1393 et
1454 1364 1617 1394 simoniaco
1643 1365 1764 1394 obedire

1052 1400 1216 1438 noluerant,
1245 1403 1558 1432 excommunicationis
1587 1405 1763 1434 sententiam

1052 1439 1238 1470 relaxandam
1264 1450 1314 1480 per
1335 1443 1473 1471 eumdem
1497 1443 1626 1481 archiep.
1648 1461 1687 1466 —
1715 1444 1763 1473 Vel

1053 1478 1077 1507 si
1094 1479 1139 1508 hic
1159 1481 1349 1517 contradicat,
1369 1491 1420 1520 per
1435 1482 1571 1512 eumdem
1589 1482 1682 1513 Paris.
1703 1484 1765 1522 epi-

1052 1526 1131 1556 scop.
1149 1536 1188 1541 —
1203 1520 1308 1550 Abbati
1328 1530 1394 1550 vero
1411 1522 1665 1559 committendum,
1681 1528 1713 1552 ut
1728 1524 1763 1552 (le

1052 1557 1170 1588 introitu
1199 1569 1253 1589 suo
1275 1561 1419 1590 rationem
1442 1561 1545 1591 reddat
1567 1571 1665 1591 eoram
1695 1572 1765 1601 apo-

1052 1597 1155 1627 stolico
1172 1599 1288 1637 vicario,
1303 1600 1346 1629 vel
1364 1600 1391 1629 in
1405 1601 1524 1639 synodo,
1542 1602 1641 1631 autad
1658 1601 1762 1632 Sedem

1052 1637 1250 1674 Apostolicam
1275 1640 1381 1669 veniat.
1400 1657 1440 1662 —
1461 1640 1497 1670 Ut
1518 1640 1763 1678 Cmneracmrses,

1052 1676 1077 1705 si
1106 1677 1253 1708 hominem
1273 1679 1339 1708 ideo
1365 1679 1596 1718 combusserint,
1618 1681 1687 1720 quia
1718 1682 1762 1711 si-

1053 1717 1202 1747 moniacos
1226 1724 1253 1748 et
1276 1718 1451 1749 fornicarios
1479 1720 1586 1750 missas
1611 1720 1763 1751 celebrare

1052 1765 1109 1785 non
1129 1757 1237 1787 debere
1260 1764 1425 1796 assereret,
1450 1760 1700 1797 excommunicet,
1723 1761 1764 1790 ei-

1052 1796 1117 1825 dem
1140 1796 1222 1826 inhet
1243 1798 1390 1836 episcopo.
1407 1816 1447 1821 —-
1471 1799 1509 1829 De
1528 1799 1667 1829 omnibus
1696 1810 1763 1830 vero

1052 1835 1086 1865 ad
1109 1835 1306 1874 Apostolicam
1334 1837 1439 1868 Sedem
1458 1839 1578 1869 scribat.
1597 1856 1637 1861 —
1655 1839 1763 1870 Sacer-

1051 1875 1132 1904 dotes
1155 1876 1329 1907 fornicarios
1348 1879 1384 1908 ab
1407 1878 1548 1908 altaribus
1567 1880 1687 1909 omnino
1709 1889 1760 1909 re-

1052 1916 1212 1945 movendos
1235 1926 1311 1946 esse.
1332 1934 1373 1940 -
1393 1918 1565 1948 Adhortatio
1593 1919 1628 1948 ad
1652 1918 1763 1948 lossre-

1051 1954 1131 2023 dulml,
1159 1960 1190 1985 ut
1213 1965 1245 1986 se
1272 1956 1421 1987 Ecclesiae
1455 1958 1571 1988 fidelem
1595 1959 1762 1989 ministrum

1053 1999 1198 2025 exmeat.

1012 2063 1155 2099 Gregorius
1171 2065 1311 2102 episcopus
1330 2075 1425 2097 servus
1449 2075 1587 2098 servorum
1605 2069 1661 2102 Dei,
1686 2077 1764 2099 vene·

1056 2109 1139 2137 rabili
1156 2109 1241 2139 fratri
1268 2111 1386 2141 losfredo
1414 2113 1538 2149 episcopo
1555 2114 1702 2143 Parisiensi
1721 2121 1764 2142 sa·

1057 2153 1142 2182 tutem
1159 2156 1186 2184 ct
1205 2157 1383 2192 apostoticam
1401 2158 1624 2187 benedictionem.

1063 2219 1118 2254 Vir
1134 2221 1203 2265 iste,
1223 2221 1367 2258 videlicet
1383 2236 1449 2271 pra·
1460 2225 1597 2260 sentium
1621 2225 1765 2273 portitor,

1015 2268 1176 2304 Walterus
1190 2270 1343 2307 deDuaro
1355 2275 1399 2316 (ΕΞ)
1411 2274 1448 2308 ad
1465 2286 1521 2308 nos
1537 2275 1677 2319 veniens,
1690 2276 1767 2310 mul-

1015 2318 1054 2352 tis
1067 2319 1352 2365 supplicationibus
1367 2322 1458 2357 nobis
1472 2323 1597 2368 institit,
1612 2332 1767 2371 quatenus

1015 2367 1042 2402 ei
1071 2380 1126 2414 per
1150 2369 1338 2415 apostolicae
1366 2371 1489 2418 pietatis
1514 2373 1765 2409 misericordiam

1016 2416 1183 2452 consilium
1210 2418 1418 2455 absolutionis
1453 2429 1559 2457 nostro
1587 2422 1766 2458 interventu

1017 2465 1274 2513 impenderemus
1306 2469 1391 2516 apud
1413 2470 1602 2507 confratrem
1624 2480 1768 2508 nostrum

1015 2514 1207 2551 Remensem
1225 2517 1510 2566 archiepiscopum,
1533 2521 1587 2568 qui
1609 2533 1683 2556 eum
1706 2534 1768 2557 ex-

1016 2566 1321 2609 communicaveram
1348 2568 1494 2604 indicans
1527 2570 1641 2612 nobis,
1681 2571 1767 2618 quod

1053 2622 1092 2657 (¹1)
1110 2622 1149 2650 Ex
1166 2623 1276 2652 Archiv.
1296 2625 1379 2652 Vatic.
1420 2626 1458 2662 (2)
1479 2626 1598 2656 Forsitan
1617 2628 1718 2655 Dacico.

1787 226 1969 254 An.c.1077

1820 299 1847 319 t't
1877 299 1970 324 episcopi

1787 326 1907 346 liuttlkniwll
1926 332 1971 346 <en-

1787 356 1872 373 tentmin
1898 354 1971 372 conlir·

1787 382 1850 401 munt,
1861 381 1880 397 et
1894 380 1971 404 pupulo

1787 407 1856 426 nni-‘rin
1879 406 1971 429 niu-iant,

1786 432 1852 453 iihet.

1783 480 1793 495 ἱ

1819 2220 1891 2241 Series
1907 2220 1963 2240 sacti.
