2180 3205
29 197 80 224 An.
97 196 125 224 C.
144 196 212 224 1075

54 409 105 435 Spei
123 415 136 430 n
146 409 210 431 Deum

53 1197 110 1218 Quae
129 1195 210 1221 epist-a-

36 1221 68 1246 pis
93 1221 200 1245 iifllantia

27 1253 94 1267 inesse
114 1250 212 1273 oporteat

36 1276 107 1293 rantra
136 1275 202 1298 nullu·

28 1302 93 1320 lantes
104 1306 208 1321 excessus.

37 1577 66 1597 [la
83 1576 206 1598 cterieorum

23 1603 110 1625 libidine
129 1603 206 1625 refrae-

21 1629 97 1652 uincla.

834 196 858 219 S.
887 196 1072 219 Gnnflontrs
1101 196 1145 218 VII
1172 195 1221 219 PP.

1694 186 1731 218 71

235 256 382 293 Gregorius
401 255 542 292 episcopus
574 262 668 285 servus
698 262 836 284 servornm
860 255 915 288 Del.
935 255 990 283 We·
1032 250 1146 297 gratias
1187 250 1359 294 merearis,
1399 257 1428 284 et
1466 249 1508 284 tui
1547 249 1663 284 laboris
1697 262 1784 296 prae-

280 301 368 330 zottno
393 301 617 336 magdeburgensi
637 300 847 336 archiepiscopo.
875 300 991 328 satutem
1033 300 1128 333 mium
1159 307 1342 346 recepturus
1365 300 1393 333 in
1417 299 1542 334 Domini
1566 299 1609 333 tui
1633 299 1782 345 gandium

280 347 309 375 et
328 346 506 382 apostolicam
526 345 748 374 benedictionem.

1032 348 1130 383 laetus
1157 348 1382 387 introducaris,
1409 348 1480 383 Dat.
1512 347 1631 383 Romae
1658 360 1690 382 iv
1722 349 1783 383 kal.

285 408 454 455 Legimus,
481 408 590 448 Iosue,
619 420 692 443 cum
728 407 758 440 jn
788 405 904 453 populo
932 405 988 440 Dc}
1030 398 1148 444 aprilis,
1179 398 1349 433 indictione
1371 398 1594 433 decimatertia.

235 457 386 504 Magistro
425 457 599 493 succedens
635 457 783 491 ducatum
823 455 988 501 suscepis—

235 516 283 543 set
311 510 363 551 (a),
387 507 427 542 ita
448 506 569 542 solicita
591 515 622 542 et
652 504 788 552 vigilanti
811 504 989 539 obedientia

236 557 417 592 exercuisse
450 555 610 600 officium,
644 562 676 589 ut
712 553 814 600 (qnod
850 554 889 589 de
919 552 988 588 aliis

236 618 307 641 raro
333 606 485 653 scriptum
518 608 575 646 est)
601 603 723 639 caelesti
752 602 849 638 fretus
876 602 987 638 virtute

234 655 402 690 elementis
425 653 635 702 potentialiter
656 653 822 699 imperaret
844 654 891 696 (1)).
907 651 985 686 Nam

233 712 264 739 et
292 704 420 739 fluvium
449 703 612 738 Iordanem
640 702 677 736 ad
706 702 986 736 transitum'cxer-

231 753 312 788 citus
346 765 471 788 cursum
500 751 673 787 naturalem
702 751 812 786 sistere
845 750 927 793 fecit,
955 759 986 785 et

235 802 333 837 solem
375 801 503 837 volubili
549 800 721 836 mobilitate
767 800 797 834 in
837 811 983 835 occasum

231 851 446 896 anhelantem,
473 850 574 885 donec
600 850 796 885 adversarios
823 849 986 884 ulciscere-

233 908 294 945 tur,
317 901 404 948 quasi
425 901 502 935 alter
518 906 638 935 creator
652 908 733 934 stare
754 899 913 946 praecepit
928 902 982 942 (c).

230 949 261 983 Is
293 951 385 985 etiam
413 962 521 984 muros
556 948 677 984 Iericho
705 957 836 995 septeno
871 949 984 994 perlu—

231 1007 334 1034 strans
378 999 510 1034 circuitu
554 998 792 1033 sacerdotalium
837 998 984 1043 clangore

232 1047 379 1084 tubarum
406 1048 528 1083 subruit
551 1055 581 1081 et
601 1048 720 1082 evertit.
745 1046 852 1090 Vides,
870 1047 984 1081 charis-

231 1098 309 1133 sime
337 1097 440 1141 srater,
467 1097 541 1144 quid
563 1096 685 1130 fervens
708 1097 737 1130 in
753 1096 869 1130 divinis
882 1097 984 1130 causis

231 1147 378 1186 animus,
419 1146 495 1192 quid
528 1154 669 1192 prompta
704 1145 882 1179 obedientia
916 1157 984 1178 me—

235 1195 342 1229 ruerit.
391 1195 439 1229 Ad
489 1194 583 1228 huius
630 1194 868 1228 similitudinem
913 1194 982 1227 sacti

236 1255 321 1287 nos,
362 1244 414 1291 qui
450 1243 600 1290 populum
643 1243 846 1277 christianum
887 1242 982 1277 insti-

233 1292 341 1327 tuendi
385 1293 598 1338 magisterium
638 1293 852 1339 suscepimus,
892 1304 984 1326 men-

231 1349 293 1376 tem
320 1341 486 1387 vigilanter
508 1342 668 1376 intendere
696 1341 860 1385 debemus,
877 1353 915 1375 ne
933 1341 982 1375 ad-

232 1390 386 1425 versariae
408 1390 570 1436 potestatis
601 1402 708 1425 muros
735 1397 843 1424 contra
874 1401 980 1424 rernm

229 1437 322 1474 Iosue
344 1439 530 1474 rebellantes
562 1448 591 1474 et
617 1448 739 1474 erectos
767 1438 890 1473 silentio
918 1451 982 1472 no-

231 1496 297 1523 stro
313 1495 410 1533 stare,
435 1496 486 1522 aut
505 1488 643 1523 roborari
667 1488 832 1536 patiamur.
860 1487 982 1529 Quam-

229 1536 338 1572 obrem
361 1537 545 1583 fraternitati
579 1545 650 1572 tuae
677 1536 847 1585 apostolica
879 1545 980 1572 aucto-

229 1586 320 1621 ritate
352 1587 547 1633 iniungimus
573 1595 666 1634 atque
695 1586 921 1634 praecipimus,
949 1594 981 1621 ut

228 1634 268 1671 ad
306 1636 480 1671 castitatem
507 1635 692 1671 clericorum
726 1635 980 1683 praedicandam,

227 1691 260 1720 et
279 1685 452 1720 studiosius
480 1685 711 1729 inculcandam,
733 1686 866 1720 buccina
881 1697 983 1720 sacer-

227 1733 324 1769 dotali
343 1734 560 1770 vehementius
573 1743 603 1769 et
625 1735 791 1770 instantius
815 1735 980 1782 instrepes,

227 1782 330 1819 donec
355 1783 479 1819 Iericho
512 1796 639 1826 muros,
679 1784 759 1819 idest
794 1784 981 1818 defectionis

230 1843 348 1880 opera,
381 1840 413 1867 et
439 1832 584 1868 sordidae
612 1833 751 1868 libidinis
777 1833 979 1880 pollutiones,

229 1881 364 1930 dissipes
390 1890 421 1917 et
450 1881 631 1923 subvertas;
665 1883 745 1917 sicut
771 1883 807 1917 ad
836 1882 980 1929 Prophe-

228 1938 309 1966 tam:
339 1931 434 1967 Posui
470 1939 500 1966 te
534 1931 628 1966 hodie
663 1944 759 1979 super
790 1940 917 1977 gentes,
950 1940 980 1966 et

227 1991 326 2027 super
351 1993 466 2028 regna,
494 1988 528 2015 ut
555 1981 684 2022 evellas,
711 1990 741 2016 et
768 1981 923 2026 destruas,
950 1989 980 2016 et

227 2029 410 2077 disperdaS,
442 2037 472 2066 et
504 2030 658 2077 dissipes,
692 2038 723 2065 et
752 2030 916 2074 aedifices,
950 2039 979 2065 et

228 2077 352 2125 plantes
379 2081 433 2123 (ἀ).
465 2079 536 2124 Non
564 2086 670 2114 nostra
697 2080 820 2114 decreta
852 2082 979 2127 <quam-

228 2139 323 2174 quam
349 2127 498 2170 licenter,
521 2128 545 2162 si
574 2141 654 2176 opus
681 2136 775 2169 esset,
800 2133 978 2176 possemus)

232 2176 322 2212 vobis
344 2178 561 2225 proponimus,
583 2177 637 2212 sed
657 2190 671 2212 a
695 2178 810 2212 sanctis
832 2178 979 2213 Patribus

227 2233 342 2261 statuta
377 2238 589 2271 renovamus,
629 2238 668 2261 ne
707 2236 814 2262 nostro
853 2227 979 2262 silentio

227 2275 309 2310 servi
343 2274 533 2311 dominicam
562 2276 728 2323 pecuniam
757 2276 979 2311 abscondentis

227 2324 419 2360 sententiam
443 2325 640 2360 incurramus
663 2328 716 2370 (e).
736 2325 869 2360 Elabora
885 2326 980 2372 igitur

228 2373 260 2407 in
297 2373 354 2409 ista
395 2381 597 2421 opportune,
631 2374 810 2421 importune
842 2377 907 2420 (f),
946 2383 978 2409 ut

228 2421 344 2458 domus
381 2422 440 2458 Dei
484 2423 538 2457 tibi
574 2425 742 2459 commissa
779 2424 976 2470 purificetur:

227 2479 383 2518 quatenus
415 2480 447 2507 et
483 2484 500 2507 a
537 2472 628 2508 nobis
656 2473 695 2508 de
722 2473 901 2508 obedientia-
926 2481 978 2509 tua

263 2537 302 2571 (ιι)
319 2537 397 2564 Iosue
407 2538 432 2564 [ι.
472 2537 514 2600 (ὁ)
527 2538 604 2565 Iosue
618 2539 657 2566 10,
709 2538 732 2578 c)
746 2539 823 2565 Iosue
833 2538 859 2564 ὓ.
890 2539 979 2574 (11)Ie-

228 2579 294 2598 rem.
315 2573 341 2599 2.
379 2572 415 2609 (e)
431 2573 495 2601 Matt
519 2594 524 2600 .
542 2574 586 2601 25.
627 2574 671 2610 (s)
710 2574 802 2602 imoth.
822 2575 863 2601 11.
880 2575 906 2601 [ι.

1093 454 1154 483 Dat.
1173 455 1220 484 die
1238 455 1275 483 ΞΟ
1295 455 1390 484 martii
1409 464 1486 484 anno
1503 454 1618 485 Domini
1638 454 1723 492 1075,

1285 495 1386 533 pontis.
1405 504 1480 524 anno
1500 504 1529 524 tt.

1363 632 1446 667 xvt.

1078 709 1254 743 Det-laratt'o
1275 711 1473 754 depositionis
1498 712 1730 755 Bamberyensis

1131 760 1264 803 episcopi
1279 767 1405 804 propter
1426 761 1587 794 simoniam
1613 763 1674 803 (J).

1292 827 1506 859 slantantmt

1027 888 1252 928 Bambergensis
1293 890 1423 921 Ecclesia
1458 892 1606 922 Romanae
1639 892 1778 931 specialis

1066 929 1135 959 filia.
1160 947 1199 951 —
1216 930 1286 960 Eius
1305 931 1463 970 episcopus
1486 933 1638 971 depositus
1663 937 1780 971 propter

1066 970 1233 999 simoniam.
1249 987 1288 992 —
1301 970 1455 1001 Decretum
1475 981 1526 1010 pro
1546 973 1704 1002 securitate
1722 973 1777 1002 bo-

1065 1018 1169 1038 norum
1189 1011 1224 1039 ad
1243 1019 1307 1040 eam
1331 1012 1539 1050 spectantium.

1024 1075 1168 1110 Gregorius
1187 1077 1327 1112 episcopus
1355 1084 1449 1106 servus
1478 1085 1615 1106 servornm
1633 1078 1687 1110 Dei,
1706 1078 1778 1106 clero

1069 1121 1096 1148 et
1116 1121 1212 1155 populo
1231 1121 1468 1157 Babemhergensis
1497 1123 1638 1155 Ecclesiae.
1660 1123 1777 1151 satutem

1067 1165 1095 1192 et
1119 1165 1296 1200 apostoticam
1315 1166 1536 1195 benedictionem.

1073 1225 1188 1261 Notum
1211 1236 1258 1262 est
1278 1241 1357 1275 pene
1372 1229 1529 1270 omnibus,
1550 1231 1579 1264 in
1606 1230 1777 1264 Theutoni-

1024 1275 1068 1308 cis
1095 1276 1236 1322 partibus
1263 1277 1494 1322 habitantibus,
1522 1279 1605 1325 quod
1632 1279 1777 1314 Babem-

1024 1323 1186 1369 bergensis
1229 1326 1388 1361 Ecclesiae
1432 1328 1579 1373 specialis
1618 1329 1774 1374 quodam·
1809 1326 1819 1339 '¹

1024 1373 1117 1407 modo
1145 1373 1206 1408 lilia
1232 1375 1380 1410 adhaeret
1402 1376 1491 1410 Matri
1512 1389 1586 1411 suae
1608 1377 1773 1412 Romanae

1023 1420 1197 1463 Ecclesiae,
1231 1426 1280 1459 cui
1309 1425 1376 1459 Deo
1403 1433 1530 1460 auctore
1564 1426 1773 1468 deservimus,

1023 1470 1094 1504 licet
1117 1471 1254 1518 indigni:
1288 1485 1322 1508 ac
1353 1474 1483 1521 proinde
1507 1483 1592 1509 tanto
1619 1475 1773 1510 solicitius

1024 1519 1198 1571 vigilantiae
1221 1531 1345 1558 nostrae
1365 1536 1421 1558 nos
1443 1532 1565 1570 oportet
1587 1524 1645 1559 sibi
1666 1537 1772 1559 curam

1023 1568 1217 1615 impendere,
1245 1581 1362 1618 quanto
1391 1573 1576 1608 Familiarius
1610 1574 1774 1620 Apostoli-

1022 1629 1076 1652 cae
1090 1619 1182 1654 Sedis
1200 1629 1246 1655 est
1266 1623 1441 1657 munimine
1459 1625 1649 1658 contuenda.
1669 1623 1772 1667 Unde,

1021 1668 1094 1714 quia
1116 1669 1243 1715 quidam
1260 1671 1354 1706 idiota
1379 1671 1569 1718 praedictam
1598 1672 1772 1707 Ecclesiam

1021 1717 1213 1754 simoniacae
1249 1720 1397 1766 perfidiae
1433 1721 1588 1756 haeretica
1623 1722 1772 1768 pravitate

1021 1765 1193 1802 subversus
1221 1769 1391 1814 invaserat,
1413 1783 1481 1805 eam
1510 1783 1526 1805 a
1550 1771 1623 1817 iugo
1645 1771 1773 1806 sacrile-

1021 1827 1078 1860 gae
1107 1818 1300 1862 pervasionis
1327 1819 1412 1854 illius
1434 1819 1562 1866 provida
1589 1820 1773 1855 considera-

1022 1864 1106 1899 tione
1134 1865 1266 1902 liberare
1284 1868 1476 1903 studuimus.
1500 1869 1683 1904 Exemimus
1701 1871 1773 1917 qni-

1021 1913 1091 1948 dem
1107 1915 1246 1960 gladium
1269 1918 1483 1964 apostolorum
1509 1918 1772 1966 principispetri,

1021 1971 1050 1996 et
1078 1964 1107 1998 in
1135 1976 1207 2000 eum
1230 1967 1402 2013 apostolica
1434 1969 1618 2003 auctoritate
1640 1977 1772 2003 senten-

1021 2012 1094 2047 tiam
1138 2016 1417 2061 promulgavimus.
1458 2017 1573 2051 Vei-um
1620 2018 1693 2064 quia
1736 2018 1766 2052 in

1020 2063 1201 2099 exclusione
1235 2065 1343 2100 talium
1366 2066 1468 2101 solent
1491 2066 1650 2101 Ecclesiae
1673 2067 1770 2102 multa

1020 2110 1132 2146 damna
1162 2113 1241 2159 pati,
1265 2123 1296 2149 et
1325 2114 1405 2150 bona
1434 2127 1541 2150 earum
1570 2115 1714 2156 distrahi,
1742 2125 1772 2151 et

1020 2159 1184 2206 dispe1·di;
1231 2163 1363 2210 dignum
1405 2164 1554 2199 duximus
1595 2164 1772 2200 imminenti

1019 2208 1135 2244 damno
1161 2210 1323 2248 Ecclesiae
1351 2225 1547 2260 praecavere,
1574 2226 1610 2248 ac
1639 2214 1771 2260 proinde

1019 2259 1181 2305 sacrilegis
1206 2269 1236 2295 et
1268 2263 1409 2309 tyrannis
1432 2262 1601 2310 apostolica
1629 2265 1772 2298 auetori-

1020 2314 1080 2341 tate
1108 2309 1264 2351 resistere,
1288 2311 1517 2352 interdicendo,
1541 2323 1580 2346 ne
1606 2313 1771 2349 occasione

1019 2357 1211 2393 exclusionis
1244 2360 1327 2394 illius
1360 2373 1409 2395 res
1443 2361 1604 2396 Ecclesiae
1635 2361 1770 2400 anferre.

1020 2405 1066 2439 vel
1096 2407 1236 2453 quolibet
1267 2409 1362 2444 modo
1388 2410 1527 2445 alienare
1554 2421 1769 2458 praesumant.

1019 2454 1220 2504 Quapropter
1247 2471 1283 2493 ex
1313 2468 1399 2506 parte
1422 2459 1477 2494 Dei
1501 2467 1531 2494 et
1553 2463 1769 2508 apostulorum

1020 2503 1102 2539 Petri
1143 2514 1172 2540 et
1212 2507 1299 2542 Pauli
1341 2508 1585 2555 interdicimus,
1627 2520 1657 2543 ιιι
1686 2511 1770 2545 nulla

1054 2572 1092 2607 (1)
1109 2572 1147 2599 Ex
1164 2572 1226 2600 edit.
1245 2573 1323 2600 Card.
1342 2573 1458 2601 Carasae.

1805 201 1852 226 Λῃ.
1873 200 1988 227 C.1075

1822 1266 1986 1292 Barabergensis

1802 1293 1895 1313 Ecclesia
1911 1295 1987 1314 non-‹1-

1823 1327 1847 1339 αα
1877 1321 1978 1346 specialis

1825 1652 1874 1672 Eius
1897 1653 1984 1678 episco-

1805 1684 1842 1704 pus
1866 1679 1975 1704 depositus

1798 1707 1884 1731 propter
1921 1706 1983 1726 simo-

1799 1738 1860 1752 niam.

1824 2023 1935 2045 Decretum
1959 2031 1982 2045 ro

1796 2052 1913 2071 securitate
1961 2060 1964 2069 ι

1796 2083 1870 2098 nerum
1893 2077 1920 2097 ad
1935 2084 1982 2099 eam

1795 2105 1944 2130 spectantium,
