<?xml version="1.0" encoding="UTF-8"?>
<!DOCTYPE html PUBLIC "-//W3C//DTD XHTML 1.0 Transitional//EN"
    "http://www.w3.org/TR/xhtml1/DTD/xhtml1-transitional.dtd">
<html xmlns="http://www.w3.org/1999/xhtml" xml:lang="en" lang="en">
 <head>
  <title>
</title>
<meta http-equiv="Content-Type" content="text/html;charset=utf-8" />
  <meta name='ocr-system' content='tesseract 3.04.00' />
  <meta name='ocr-capabilities' content='ocr_page ocr_carea ocr_par ocr_line ocrx_word'/>
</head>
<body>
  <div class='ocr_page' id='page_1' title='image "./bullarumdiplomat02cath_0714.png"; bbox 0 0 2180 3205; ppageno 0'>
   <div class='ocr_carea' id='block_1_1' title="bbox 212 265 394 293">
    <p class='ocr_par' dir='ltr' id='par_1_1' title="bbox 212 265 394 293">
     <span class='ocr_line' id='line_1_1' title="bbox 212 265 394 293; baseline 0 -1"><span class='ocrx_word' id='word_1_1' title='bbox 212 266 263 293; x_wconf 57' lang='lat' dir='ltr'>An.</span> <span class='ocrx_word' id='word_1_2' title='bbox 285 265 314 292; x_wconf 79' lang='lat' dir='ltr'>C.</span> <span class='ocrx_word' id='word_1_3' title='bbox 330 266 394 293; x_wconf 82' lang='grc' dir='ltr'>ΙΙῦῖ</span> 
     </span>
    </p>
   </div>
   <div class='ocr_carea' id='block_1_2' title="bbox 237 746 355 768">
    <p class='ocr_par' dir='ltr' id='par_1_2' title="bbox 237 746 355 768">
     <span class='ocr_line' id='line_1_2' title="bbox 237 746 355 768; baseline 0 0"><span class='ocrx_word' id='word_1_4' title='bbox 237 746 355 768; x_wconf 65' lang='lat' dir='ltr'>Exordium.</span> 
     </span>
    </p>
   </div>
   <div class='ocr_carea' id='block_1_3' title="bbox 204 1147 390 1386">
    <p class='ocr_par' dir='ltr' id='par_1_3' title="bbox 204 1147 390 1386">
     <span class='ocr_line' id='line_1_3' title="bbox 217 1147 375 1167; baseline 0 0"><span class='ocrx_word' id='word_1_5' title='bbox 217 1147 375 1167; x_wconf 65' lang='lat' dir='ltr'>praedecesso-</span> 
     </span>
     <span class='ocr_line' id='line_1_4' title="bbox 207 1177 390 1198; baseline 0 0"><span class='ocrx_word' id='word_1_6' title='bbox 207 1185 250 1198; x_wconf 83' lang='lat' dir='ltr'>rum</span> <span class='ocrx_word' id='word_1_7' title='bbox 265 1184 322 1198; x_wconf 83' lang='lat' dir='ltr'>more</span> <span class='ocrx_word' id='word_1_8' title='bbox 338 1177 390 1198; x_wconf 75' lang='lat' dir='ltr'>Can-</span> 
     </span>
     <span class='ocr_line' id='line_1_5' title="bbox 206 1209 389 1229; baseline 0.005 -1"><span class='ocrx_word' id='word_1_9' title='bbox 206 1210 306 1229; x_wconf 75' lang='lat' dir='ltr'>hmriensi</span> <span class='ocrx_word' id='word_1_10' title='bbox 318 1209 389 1229; x_wconf 58' lang='lat' dir='ltr'>Recte&lt;</span> 
     </span>
     <span class='ocr_line' id='line_1_6' title="bbox 207 1242 388 1267; baseline 0 -7"><span class='ocrx_word' id='word_1_11' title='bbox 207 1246 249 1260; x_wconf 74' lang='lat' dir='ltr'>-iae</span> <span class='ocrx_word' id='word_1_12' title='bbox 279 1242 388 1267; x_wconf 83' lang='lat' dir='ltr'>primatum</span> 
     </span>
     <span class='ocr_line' id='line_1_7' title="bbox 206 1272 387 1295; baseline 0.011 -5"><span class='ocrx_word' id='word_1_13' title='bbox 206 1272 315 1295; x_wconf 67' lang='lat' dir='ltr'>iunccdi13</span> <span class='ocrx_word' id='word_1_14' title='bbox 347 1277 387 1292; x_wconf 86' lang='lat' dir='ltr'>nec</span> 
     </span>
     <span class='ocr_line' id='line_1_8' title="bbox 205 1304 388 1329; baseline 0.016 -8"><span class='ocrx_word' id='word_1_15' title='bbox 205 1308 246 1322; x_wconf 79' lang='lat' dir='ltr'>non</span> <span class='ocrx_word' id='word_1_16' title='bbox 275 1304 388 1329; x_wconf 71' lang='lat' dir='ltr'>dignitates</span> 
     </span>
     <span class='ocr_line' id='line_1_9' title="bbox 205 1336 387 1357; baseline 0.022 -4"><span class='ocrx_word' id='word_1_17' title='bbox 205 1340 278 1354; x_wconf 87' lang='lat' dir='ltr'>onmes</span> <span class='ocrx_word' id='word_1_18' title='bbox 319 1336 387 1357; x_wconf 80' lang='lat' dir='ltr'>eidem</span> 
     </span>
     <span class='ocr_line' id='line_1_10' title="bbox 204 1366 321 1386; baseline 0.017 -2"><span class='ocrx_word' id='word_1_19' title='bbox 204 1366 321 1386; x_wconf 62' lang='lat' dir='ltr'>confirmat.</span> 
     </span>
    </p>
   </div>
   <div class='ocr_carea' id='block_1_4' title="bbox 199 2142 383 2194">
    <p class='ocr_par' dir='ltr' id='par_1_4' title="bbox 199 2142 383 2194">
     <span class='ocr_line' id='line_1_11' title="bbox 199 2142 383 2164; baseline 0 -1"><span class='ocrx_word' id='word_1_20' title='bbox 199 2142 279 2164; x_wconf 71' lang='lat' dir='ltr'>§oniae</span> <span class='ocrx_word' id='word_1_21' title='bbox 294 2142 383 2164; x_wconf 83' lang='lat' dir='ltr'>conclu—</span> 
     </span>
     <span class='ocr_line' id='line_1_12' title="bbox 254 2180 334 2194; baseline 0 0"><span class='ocrx_word' id='word_1_22' title='bbox 254 2180 334 2194; x_wconf 79' lang='lat' dir='ltr'>sioues.</span> 
     </span>
    </p>
   </div>
   <div class='ocr_carea' id='block_1_5' title="bbox 213 2610 382 2633">
    <p class='ocr_par' dir='ltr' id='par_1_5' title="bbox 213 2610 382 2633">
     <span class='ocr_line' id='line_1_13' title="bbox 213 2610 382 2633; baseline 0.006 -1"><span class='ocrx_word' id='word_1_23' title='bbox 213 2610 326 2633; x_wconf 67' lang='lat' dir='ltr'>Alcman</span> <span class='ocrx_word' id='word_1_24' title='bbox 343 2611 382 2633; x_wconf 80' lang='lat' dir='ltr'>PP.</span> 
     </span>
    </p>
   </div>
   <div class='ocr_carea' id='block_1_6' title="bbox 461 231 532 289">
    <p class='ocr_par' dir='ltr' id='par_1_6' title="bbox 461 231 532 289">
     <span class='ocr_line' id='line_1_14' title="bbox 461 231 532 289; baseline -0.028 0"><span class='ocrx_word' id='word_1_25' title='bbox 461 231 532 289; x_wconf 63' lang='lat' dir='ltr'>coe,</span> 
     </span>
    </p>
   </div>
   <div class='ocr_carea' id='block_1_7' title="bbox 448 319 1157 448">
    <p class='ocr_par' dir='ltr' id='par_1_7' title="bbox 448 319 1157 448">
     <span class='ocr_line' id='line_1_15' title="bbox 449 319 1157 357; baseline 0.004 -10"><span class='ocrx_word' id='word_1_26' title='bbox 449 329 506 348; x_wconf 88' lang='lat' dir='ltr'>non</span> <span class='ocrx_word' id='word_1_27' title='bbox 530 319 684 357; x_wconf 76' lang='lat' dir='ltr'>dignitates</span> <span class='ocrx_word' id='word_1_28' title='bbox 704 328 805 349; x_wconf 81' lang='lat' dir='ltr'>omues</span> <span class='ocrx_word' id='word_1_29' title='bbox 825 321 919 350; x_wconf 82' lang='lat' dir='ltr'>eidem</span> <span class='ocrx_word' id='word_1_30' title='bbox 936 322 1100 350; x_wconf 78' lang='lat' dir='ltr'>confirmat.</span> <span class='ocrx_word' id='word_1_31' title='bbox 1118 339 1157 343; x_wconf 97' lang='lat'><strong>—</strong></span> 
     </span>
     <span class='ocr_line' id='line_1_16' title="bbox 450 362 1156 395; baseline 0.004 -3"><span class='ocrx_word' id='word_1_32' title='bbox 450 362 557 392; x_wconf 80' lang='lat' dir='ltr'>Solitae</span> <span class='ocrx_word' id='word_1_33' title='bbox 593 363 808 393; x_wconf 75' lang='lat' dir='ltr'>conclusiones.</span> <span class='ocrx_word' id='word_1_34' title='bbox 826 365 1039 394; x_wconf 66' lang='lat' dir='ltr'>—Alexandri</span> <span class='ocrx_word' id='word_1_35' title='bbox 1058 365 1111 395; x_wconf 84' lang='lat' dir='ltr'>PP.</span> <span class='ocrx_word' id='word_1_36' title='bbox 1129 370 1156 395; x_wconf 92' lang='lat' dir='ltr'>et</span> 
     </span>
     <span class='ocr_line' id='line_1_17' title="bbox 448 406 1107 448; baseline 0.005 -12"><span class='ocrx_word' id='word_1_37' title='bbox 448 407 475 436; x_wconf 83' lang='lat' dir='ltr'>S.</span> <span class='ocrx_word' id='word_1_38' title='bbox 496 407 526 436; x_wconf 71' lang='lat' dir='ltr'>[t.</span> <span class='ocrx_word' id='word_1_39' title='bbox 549 406 625 437; x_wconf 87' lang='lat' dir='ltr'>Eccl.</span> <span class='ocrx_word' id='word_1_40' title='bbox 647 408 841 438; x_wconf 79' lang='lat' dir='ltr'>cardinalium</span> <span class='ocrx_word' id='word_1_41' title='bbox 866 408 1107 448; x_wconf 74' lang='lat' dir='ltr'><strong>subscriptiones.</strong></span> 
     </span>
    </p>
   </div>
   <div class='ocr_carea' id='block_1_8' title="bbox 405 478 1154 659">
    <p class='ocr_par' dir='ltr' id='par_1_8' title="bbox 405 478 1154 659">
     <span class='ocr_line' id='line_1_18' title="bbox 405 478 1154 515; baseline 0.004 -10"><span class='ocrx_word' id='word_1_42' title='bbox 405 478 554 506; x_wconf 77' lang='lat' dir='ltr'><strong>Alexander</strong></span> <span class='ocrx_word' id='word_1_43' title='bbox 578 479 716 515; x_wconf 85' lang='lat' dir='ltr'>episcopus</span> <span class='ocrx_word' id='word_1_44' title='bbox 740 486 835 508; x_wconf 87' lang='lat' dir='ltr'>servus</span> <span class='ocrx_word' id='word_1_45' title='bbox 859 487 997 508; x_wconf 85' lang='lat' dir='ltr'>servorum</span> <span class='ocrx_word' id='word_1_46' title='bbox 1027 480 1082 513; x_wconf 81' lang='lat' dir='ltr'>Dei,</span> <span class='ocrx_word' id='word_1_47' title='bbox 1111 487 1154 508; x_wconf 83' lang='lat' dir='ltr'>ve-</span> 
     </span>
     <span class='ocr_line' id='line_1_19' title="bbox 450 529 1154 559; baseline -0.003 0"><span class='ocrx_word' id='word_1_48' title='bbox 450 531 565 559; x_wconf 80' lang='lat' dir='ltr'>nerabili</span> <span class='ocrx_word' id='word_1_49' title='bbox 594 529 678 559; x_wconf 76' lang='lat' dir='ltr'>fratri</span> <span class='ocrx_word' id='word_1_50' title='bbox 703 529 818 558; x_wconf 81' lang='lat' dir='ltr'>&#39;rhomae</span> <span class='ocrx_word' id='word_1_51' title='bbox 846 530 1034 558; x_wconf 80' lang='lat' dir='ltr'><strong>cantuariensi</strong></span> <span class='ocrx_word' id='word_1_52' title='bbox 1066 529 1154 557; x_wconf 86' lang='lat' dir='ltr'>archi·</span> 
     </span>
     <span class='ocr_line' id='line_1_20' title="bbox 449 579 1153 617; baseline -0.001 -8"><span class='ocrx_word' id='word_1_53' title='bbox 449 581 587 617; x_wconf 80' lang='lat' dir='ltr'>episcopo.</span> <span class='ocrx_word' id='word_1_54' title='bbox 611 580 727 608; x_wconf 86' lang='lat' dir='ltr'>salutem</span> <span class='ocrx_word' id='word_1_55' title='bbox 746 581 774 608; x_wconf 83' lang='lat' dir='ltr'>et</span> <span class='ocrx_word' id='word_1_56' title='bbox 797 579 973 616; x_wconf 78' lang='lat' dir='ltr'>apostolicam</span> <span class='ocrx_word' id='word_1_57' title='bbox 992 580 1153 608; x_wconf 82' lang='lat' dir='ltr'>benedictio·</span> 
     </span>
     <span class='ocr_line' id='line_1_21' title="bbox 449 637 519 659; baseline 0.014 -1"><span class='ocrx_word' id='word_1_58' title='bbox 449 637 519 659; x_wconf 86' lang='lat' dir='ltr'>nem.</span> 
     </span>
    </p>
   </div>
   <div class='ocr_carea' id='block_1_9' title="bbox 395 696 1153 2385">
    <p class='ocr_par' dir='ltr' id='par_1_9' title="bbox 395 696 1153 2385">
     <span class='ocr_line' id='line_1_22' title="bbox 454 696 1152 744; baseline 0.001 -14"><span class='ocrx_word' id='word_1_59' title='bbox 454 696 487 731; x_wconf 91' lang='lat' dir='ltr'>ln</span> <span class='ocrx_word' id='word_1_60' title='bbox 511 697 710 744; x_wconf 73' lang='lat' dir='ltr'>Apostolicae</span> <span class='ocrx_word' id='word_1_61' title='bbox 740 696 834 732; x_wconf 84' lang='lat' dir='ltr'>Sedis</span> <span class='ocrx_word' id='word_1_62' title='bbox 865 696 1152 738; x_wconf 70' lang='lat' dir='ltr'>administratione,</span> 
     </span>
     <span class='ocr_line' id='line_1_23' title="bbox 405 747 1152 794; baseline -0.003 -12"><span class='ocrx_word' id='word_1_63' title='bbox 405 747 475 782; x_wconf 87' lang='lat' dir='ltr'>licet</span> <span class='ocrx_word' id='word_1_64' title='bbox 504 747 637 793; x_wconf 83' lang='lat' dir='ltr'>indigni,</span> <span class='ocrx_word' id='word_1_65' title='bbox 663 747 850 794; x_wconf 75' lang='lat' dir='ltr'>disponente</span> <span class='ocrx_word' id='word_1_66' title='bbox 872 747 952 790; x_wconf 88' lang='lat' dir='ltr'>Deo,</span> <span class='ocrx_word' id='word_1_67' title='bbox 978 747 1152 787; x_wconf 86' lang='lat' dir='ltr'>constituti,</span> 
     </span>
     <span class='ocr_line' id='line_1_24' title="bbox 403 796 1153 844; baseline 0 -13"><span class='ocrx_word' id='word_1_68' title='bbox 403 796 550 831; x_wconf 89' lang='lat' dir='ltr'>fratribus</span> <span class='ocrx_word' id='word_1_69' title='bbox 591 797 706 831; x_wconf 87' lang='lat' dir='ltr'>nostris</span> <span class='ocrx_word' id='word_1_70' title='bbox 747 797 905 844; x_wconf 85' lang='lat' dir='ltr'>episcopis</span> <span class='ocrx_word' id='word_1_71' title='bbox 940 804 1001 831; x_wconf 90' lang='lat' dir='ltr'>tam</span> <span class='ocrx_word' id='word_1_72' title='bbox 1042 796 1153 831; x_wconf 77' lang='lat' dir='ltr'>vicinis</span> 
     </span>
     <span class='ocr_line' id='line_1_25' title="bbox 403 846 1152 894; baseline -0.001 -14"><span class='ocrx_word' id='word_1_73' title='bbox 403 859 496 893; x_wconf 90' lang='lat' dir='ltr'>qnam</span> <span class='ocrx_word' id='word_1_74' title='bbox 523 846 616 893; x_wconf 83' lang='lat' dir='ltr'>longe</span> <span class='ocrx_word' id='word_1_75' title='bbox 645 846 755 894; x_wconf 89' lang='lat' dir='ltr'>positis</span> <span class='ocrx_word' id='word_1_76' title='bbox 778 854 904 893; x_wconf 86' lang='lat' dir='ltr'>paterna</span> <span class='ocrx_word' id='word_1_77' title='bbox 928 859 985 880; x_wconf 88' lang='lat' dir='ltr'>nos</span> <span class='ocrx_word' id='word_1_78' title='bbox 1007 847 1152 881; x_wconf 84' lang='lat' dir='ltr'>convenit</span> 
     </span>
     <span class='ocr_line' id='line_1_26' title="bbox 402 895 1151 943; baseline -0.001 -12"><span class='ocrx_word' id='word_1_79' title='bbox 402 897 611 943; x_wconf 80' lang='lat' dir='ltr'>dispositione</span> <span class='ocrx_word' id='word_1_80' title='bbox 644 897 827 937; x_wconf 87' lang='lat' dir='ltr'>consulere,</span> <span class='ocrx_word' id='word_1_81' title='bbox 862 904 892 930; x_wconf 88' lang='lat' dir='ltr'>et</span> <span class='ocrx_word' id='word_1_82' title='bbox 926 895 1091 936; x_wconf 85' lang='lat' dir='ltr'>Ecclesiis,</span> <span class='ocrx_word' id='word_1_83' title='bbox 1121 897 1151 930; x_wconf 92' lang='lat' dir='ltr'>in</span> 
     </span>
     <span class='ocr_line' id='line_1_27' title="bbox 402 945 1150 993; baseline -0.001 -13"><span class='ocrx_word' id='word_1_84' title='bbox 402 946 517 993; x_wconf 88' lang='lat' dir='ltr'>quibus</span> <span class='ocrx_word' id='word_1_85' title='bbox 538 946 678 981; x_wconf 89' lang='lat' dir='ltr'>Domino</span> <span class='ocrx_word' id='word_1_86' title='bbox 700 945 834 980; x_wconf 86' lang='lat' dir='ltr'>militare</span> <span class='ocrx_word' id='word_1_87' title='bbox 850 954 1034 989; x_wconf 81' lang='lat' dir='ltr'>noscuntur,</span> <span class='ocrx_word' id='word_1_88' title='bbox 1061 958 1150 980; x_wconf 88' lang='lat' dir='ltr'>suam</span> 
     </span>
     <span class='ocr_line' id='line_1_28' title="bbox 403 995 1151 1042; baseline 0.001 -12"><span class='ocrx_word' id='word_1_89' title='bbox 403 996 550 1030; x_wconf 87' lang='lat' dir='ltr'>iustitiam</span> <span class='ocrx_word' id='word_1_90' title='bbox 578 1008 774 1030; x_wconf 83' lang='lat' dir='ltr'>conservare.</span> <span class='ocrx_word' id='word_1_91' title='bbox 797 995 940 1042; x_wconf 65' lang='grc' dir='ltr'>ΛἘψιιιιῃ</span> <span class='ocrx_word' id='word_1_92' title='bbox 970 1008 1106 1042; x_wconf 88' lang='lat' dir='ltr'>namque</span> <span class='ocrx_word' id='word_1_93' title='bbox 1122 1005 1151 1031; x_wconf 88' lang='lat' dir='ltr'>et</span> 
     </span>
     <span class='ocr_line' id='line_1_29' title="bbox 402 1044 1151 1093; baseline 0.001 -13"><span class='ocrx_word' id='word_1_94' title='bbox 402 1045 587 1080; x_wconf 81' lang='lat' dir='ltr'>rationabile</span> <span class='ocrx_word' id='word_1_95' title='bbox 608 1052 671 1089; x_wconf 89' lang='lat' dir='ltr'>est,</span> <span class='ocrx_word' id='word_1_96' title='bbox 700 1053 735 1079; x_wconf 84' lang='lat' dir='ltr'>ut</span> <span class='ocrx_word' id='word_1_97' title='bbox 756 1044 1023 1092; x_wconf 84' lang='lat' dir='ltr'>quemadmodum</span> <span class='ocrx_word' id='word_1_98' title='bbox 1048 1055 1151 1093; x_wconf 85' lang='lat' dir='ltr'>patres</span> 
     </span>
     <span class='ocr_line' id='line_1_30' title="bbox 404 1095 1150 1140; baseline 0.003 -12"><span class='ocrx_word' id='word_1_99' title='bbox 404 1108 551 1130; x_wconf 78' lang='lat' dir='ltr'>vocamur</span> <span class='ocrx_word' id='word_1_100' title='bbox 578 1095 608 1129; x_wconf 93' lang='lat' dir='ltr'>in</span> <span class='ocrx_word' id='word_1_101' title='bbox 631 1095 776 1140; x_wconf 81' lang='lat' dir='ltr'>nomine,</span> <span class='ocrx_word' id='word_1_102' title='bbox 804 1096 844 1130; x_wconf 88' lang='lat' dir='ltr'>ita</span> <span class='ocrx_word' id='word_1_103' title='bbox 879 1095 1085 1130; x_wconf 84' lang='lat' dir='ltr'>nihilominus</span> <span class='ocrx_word' id='word_1_104' title='bbox 1120 1097 1150 1130; x_wconf 93' lang='lat' dir='ltr'>in</span> 
     </span>
     <span class='ocr_line' id='line_1_31' title="bbox 402 1145 1151 1192; baseline 0 -12"><span class='ocrx_word' id='word_1_105' title='bbox 402 1157 497 1192; x_wconf 86' lang='lat' dir='ltr'>opere</span> <span class='ocrx_word' id='word_1_106' title='bbox 523 1145 780 1191; x_wconf 82' lang='lat' dir='ltr'>comprobemur.</span> <span class='ocrx_word' id='word_1_107' title='bbox 810 1145 878 1179; x_wconf 90' lang='lat' dir='ltr'>Hoc</span> <span class='ocrx_word' id='word_1_108' title='bbox 908 1145 1056 1179; x_wconf 89' lang='lat' dir='ltr'>nimirum</span> <span class='ocrx_word' id='word_1_109' title='bbox 1080 1146 1151 1181; x_wconf 89' lang='lat' dir='ltr'>cha-</span> 
     </span>
     <span class='ocr_line' id='line_1_32' title="bbox 404 1194 1151 1235; baseline 0.003 -6"><span class='ocrx_word' id='word_1_110' title='bbox 404 1196 502 1230; x_wconf 88' lang='lat' dir='ltr'>ritatis</span> <span class='ocrx_word' id='word_1_111' title='bbox 524 1196 660 1235; x_wconf 78' lang='lat' dir='ltr'>intuitu,</span> <span class='ocrx_word' id='word_1_112' title='bbox 688 1194 781 1229; x_wconf 80' lang='lat' dir='ltr'>frater</span> <span class='ocrx_word' id='word_1_113' title='bbox 815 1194 845 1229; x_wconf 91' lang='lat' dir='ltr'>in</span> <span class='ocrx_word' id='word_1_114' title='bbox 874 1195 1002 1229; x_wconf 85' lang='lat' dir='ltr'>Christo</span> <span class='ocrx_word' id='word_1_115' title='bbox 1029 1195 1151 1231; x_wconf 84' lang='lat' dir='ltr'>charis-</span> 
     </span>
     <span class='ocr_line' id='line_1_33' title="bbox 402 1244 1147 1292; baseline 0.001 -14"><span class='ocrx_word' id='word_1_116' title='bbox 402 1245 492 1285; x_wconf 80' lang='lat' dir='ltr'>sime,</span> <span class='ocrx_word' id='word_1_117' title='bbox 519 1244 657 1279; x_wconf 85' lang='lat' dir='ltr'>Thomas</span> <span class='ocrx_word' id='word_1_118' title='bbox 679 1244 928 1292; x_wconf 74' lang='lat' dir='ltr'>archiepiscope,</span> <span class='ocrx_word' id='word_1_119' title='bbox 954 1244 993 1279; x_wconf 88' lang='lat' dir='ltr'>de</span> <span class='ocrx_word' id='word_1_120' title='bbox 1021 1244 1147 1280; x_wconf 81' lang='lat' dir='ltr'>fratrum</span> 
     </span>
     <span class='ocr_line' id='line_1_34' title="bbox 403 1294 1151 1341; baseline 0 -12"><span class='ocrx_word' id='word_1_121' title='bbox 403 1303 580 1329; x_wconf 78' lang='lat' dir='ltr'>nostrorum</span> <span class='ocrx_word' id='word_1_122' title='bbox 605 1294 736 1328; x_wconf 86' lang='lat' dir='ltr'>consilio</span> <span class='ocrx_word' id='word_1_123' title='bbox 763 1294 824 1329; x_wconf 88' lang='lat' dir='ltr'>tuis</span> <span class='ocrx_word' id='word_1_124' title='bbox 851 1294 939 1329; x_wconf 84' lang='lat' dir='ltr'>iustis</span> <span class='ocrx_word' id='word_1_125' title='bbox 965 1295 1151 1341; x_wconf 82' lang='lat' dir='ltr'>postulatio-</span> 
     </span>
     <span class='ocr_line' id='line_1_35' title="bbox 402 1343 1150 1390; baseline 0 -11"><span class='ocrx_word' id='word_1_126' title='bbox 402 1345 496 1379; x_wconf 89' lang='lat' dir='ltr'>nihus</span> <span class='ocrx_word' id='word_1_127' title='bbox 531 1344 636 1378; x_wconf 78' lang='lat' dir='ltr'>debita</span> <span class='ocrx_word' id='word_1_128' title='bbox 675 1343 867 1390; x_wconf 82' lang='lat' dir='ltr'>benignitate</span> <span class='ocrx_word' id='word_1_129' title='bbox 905 1344 1053 1378; x_wconf 81' lang='lat' dir='ltr'>duximus</span> <span class='ocrx_word' id='word_1_130' title='bbox 1086 1357 1150 1379; x_wconf 90' lang='lat' dir='ltr'>an—</span> 
     </span>
     <span class='ocr_line' id='line_1_36' title="bbox 402 1393 1150 1441; baseline 0.001 -13"><span class='ocrx_word' id='word_1_131' title='bbox 402 1395 575 1432; x_wconf 78' lang='lat' dir='ltr'>nuendum,</span> <span class='ocrx_word' id='word_1_132' title='bbox 602 1402 695 1440; x_wconf 87' lang='lat' dir='ltr'>atque</span> <span class='ocrx_word' id='word_1_133' title='bbox 720 1393 997 1441; x_wconf 75' lang='lat' dir='ltr'>praedecessorum</span> <span class='ocrx_word' id='word_1_134' title='bbox 1019 1403 1150 1429; x_wconf 87' lang='lat' dir='ltr'>nostro—</span> 
     </span>
     <span class='ocr_line' id='line_1_37' title="bbox 401 1443 1150 1479; baseline 0.003 -2"><span class='ocrx_word' id='word_1_135' title='bbox 401 1457 468 1478; x_wconf 87' lang='lat' dir='ltr'>rum</span> <span class='ocrx_word' id='word_1_136' title='bbox 510 1443 609 1478; x_wconf 75' lang='lat' dir='ltr'>seticis</span> <span class='ocrx_word' id='word_1_137' title='bbox 644 1443 870 1478; x_wconf 87' lang='lat' dir='ltr'>recordationis</span> <span class='ocrx_word' id='word_1_138' title='bbox 918 1443 1079 1478; x_wconf 69' lang='lat' dir='ltr'>Paschalis</span> <span class='ocrx_word' id='word_1_139' title='bbox 1121 1454 1150 1479; x_wconf 90' lang='lat' dir='ltr'>et</span> 
     </span>
     <span class='ocr_line' id='line_1_38' title="bbox 399 1493 1149 1539; baseline 0.001 -12"><span class='ocrx_word' id='word_1_140' title='bbox 399 1493 544 1539; x_wconf 77' lang='lat' dir='ltr'>Eugenii,</span> <span class='ocrx_word' id='word_1_141' title='bbox 571 1493 788 1528; x_wconf 86' lang='lat' dir='ltr'>Romanorum</span> <span class='ocrx_word' id='word_1_142' title='bbox 814 1493 1022 1537; x_wconf 80' lang='lat' dir='ltr'>Pontificum,</span> <span class='ocrx_word' id='word_1_143' title='bbox 1057 1495 1149 1528; x_wconf 75' lang='lat' dir='ltr'>vesti-</span> 
     </span>
     <span class='ocr_line' id='line_1_39' title="bbox 399 1543 1149 1590; baseline 0.001 -13"><span class='ocrx_word' id='word_1_144' title='bbox 399 1543 457 1588; x_wconf 85' lang='lat' dir='ltr'>giis</span> <span class='ocrx_word' id='word_1_145' title='bbox 484 1543 695 1586; x_wconf 86' lang='lat' dir='ltr'>inhaerentes,</span> <span class='ocrx_word' id='word_1_146' title='bbox 723 1551 785 1577; x_wconf 82' lang='lat' dir='ltr'>tam</span> <span class='ocrx_word' id='word_1_147' title='bbox 813 1543 866 1577; x_wconf 89' lang='lat' dir='ltr'>tibi</span> <span class='ocrx_word' id='word_1_148' title='bbox 892 1556 985 1590; x_wconf 87' lang='lat' dir='ltr'>quam</span> <span class='ocrx_word' id='word_1_149' title='bbox 1014 1543 1076 1578; x_wconf 90' lang='lat' dir='ltr'>tuis</span> <span class='ocrx_word' id='word_1_150' title='bbox 1104 1545 1149 1578; x_wconf 90' lang='lat' dir='ltr'>le-</span> 
     </span>
     <span class='ocr_line' id='line_1_40' title="bbox 399 1592 1149 1638; baseline 0.003 -12"><span class='ocrx_word' id='word_1_151' title='bbox 399 1593 518 1638; x_wconf 81' lang='lat' dir='ltr'>gitimis</span> <span class='ocrx_word' id='word_1_152' title='bbox 556 1593 794 1627; x_wconf 88' lang='lat' dir='ltr'>successoribus</span> <span class='ocrx_word' id='word_1_153' title='bbox 822 1592 1058 1627; x_wconf 83' lang='lat' dir='ltr'>Cantuariensis</span> <span class='ocrx_word' id='word_1_154' title='bbox 1085 1593 1149 1628; x_wconf 87' lang='lat' dir='ltr'>Ec-</span> 
     </span>
     <span class='ocr_line' id='line_1_41' title="bbox 398 1642 1147 1689; baseline 0.001 -13"><span class='ocrx_word' id='word_1_155' title='bbox 398 1642 524 1683; x_wconf 82' lang='lat' dir='ltr'>clesiae,</span> <span class='ocrx_word' id='word_1_156' title='bbox 546 1643 713 1689; x_wconf 87' lang='lat' dir='ltr'>primatum</span> <span class='ocrx_word' id='word_1_157' title='bbox 733 1643 774 1676; x_wconf 84' lang='lat' dir='ltr'>ita</span> <span class='ocrx_word' id='word_1_158' title='bbox 789 1642 916 1689; x_wconf 88' lang='lat' dir='ltr'>plenum</span> <span class='ocrx_word' id='word_1_159' title='bbox 933 1642 1147 1687; x_wconf 80' lang='lat' dir='ltr'>concedimus,</span> 
     </span>
     <span class='ocr_line' id='line_1_42' title="bbox 399 1692 1148 1739; baseline 0.004 -13"><span class='ocrx_word' id='word_1_160' title='bbox 399 1692 479 1727; x_wconf 84' lang='lat' dir='ltr'>sicut</span> <span class='ocrx_word' id='word_1_161' title='bbox 505 1705 521 1727; x_wconf 89' lang='lat' dir='ltr'>a</span> <span class='ocrx_word' id='word_1_162' title='bbox 550 1692 725 1726; x_wconf 87' lang='lat' dir='ltr'>Lanfranco</span> <span class='ocrx_word' id='word_1_163' title='bbox 763 1700 793 1726; x_wconf 89' lang='lat' dir='ltr'>et</span> <span class='ocrx_word' id='word_1_164' title='bbox 821 1692 989 1736; x_wconf 79' lang='lat' dir='ltr'>Anselmo,</span> <span class='ocrx_word' id='word_1_165' title='bbox 1016 1692 1148 1739; x_wconf 86' lang='lat' dir='ltr'>aliisque</span> 
     </span>
     <span class='ocr_line' id='line_1_43' title="bbox 399 1741 1147 1788; baseline 0.001 -12"><span class='ocrx_word' id='word_1_166' title='bbox 399 1742 538 1788; x_wconf 89' lang='lat' dir='ltr'>ipsorum</span> <span class='ocrx_word' id='word_1_167' title='bbox 575 1741 870 1788; x_wconf 86' lang='lat' dir='ltr'>praedecessoribus</span> <span class='ocrx_word' id='word_1_168' title='bbox 896 1750 1019 1776; x_wconf 83' lang='lat' dir='ltr'>constat</span> <span class='ocrx_word' id='word_1_169' title='bbox 1052 1742 1147 1778; x_wconf 88' lang='lat' dir='ltr'>fuisse</span> 
     </span>
     <span class='ocr_line' id='line_1_44' title="bbox 400 1791 1146 1839; baseline 0.001 -13"><span class='ocrx_word' id='word_1_170' title='bbox 400 1803 600 1837; x_wconf 81' lang='lat' dir='ltr'>possessum;</span> <span class='ocrx_word' id='word_1_171' title='bbox 642 1791 793 1839; x_wconf 88' lang='lat' dir='ltr'>quicquid</span> <span class='ocrx_word' id='word_1_172' title='bbox 832 1792 924 1826; x_wconf 90' lang='lat' dir='ltr'>etiam</span> <span class='ocrx_word' id='word_1_173' title='bbox 962 1791 1146 1838; x_wconf 81' lang='lat' dir='ltr'>dignitatis,</span> 
     </span>
     <span class='ocr_line' id='line_1_45' title="bbox 398 1841 1145 1886; baseline 0.003 -12"><span class='ocrx_word' id='word_1_174' title='bbox 398 1853 451 1875; x_wconf 91' lang='lat' dir='ltr'>seu</span> <span class='ocrx_word' id='word_1_175' title='bbox 479 1841 639 1886; x_wconf 82' lang='lat' dir='ltr'>potestatis</span> <span class='ocrx_word' id='word_1_176' title='bbox 660 1841 761 1875; x_wconf 85' lang='lat' dir='ltr'>eidem</span> <span class='ocrx_word' id='word_1_177' title='bbox 784 1849 911 1876; x_wconf 87' lang='lat' dir='ltr'>sanctae</span> <span class='ocrx_word' id='word_1_178' title='bbox 925 1841 1145 1877; x_wconf 88' lang='lat' dir='ltr'>Cantuariensi</span> 
     </span>
     <span class='ocr_line' id='line_1_46' title="bbox 397 1890 1149 1938; baseline 0.001 -13"><span class='ocrx_word' id='word_1_179' title='bbox 397 1903 453 1925; x_wconf 85' lang='lat' dir='ltr'>seu</span> <span class='ocrx_word' id='word_1_180' title='bbox 476 1890 709 1925; x_wconf 75' lang='lat' dir='ltr'>Dorubernensi</span> <span class='ocrx_word' id='word_1_181' title='bbox 731 1890 893 1926; x_wconf 81' lang='lat' dir='ltr'>Ecclesiae</span> <span class='ocrx_word' id='word_1_182' title='bbox 921 1892 1076 1938; x_wconf 85' lang='lat' dir='ltr'>pertinere</span> <span class='ocrx_word' id='word_1_183' title='bbox 1098 1904 1149 1927; x_wconf 92' lang='lat' dir='ltr'>co-</span> 
     </span>
     <span class='ocr_line' id='line_1_47' title="bbox 396 1941 1147 1988; baseline 0.003 -14"><span class='ocrx_word' id='word_1_184' title='bbox 396 1941 569 1985; x_wconf 84' lang='lat' dir='ltr'>gnoscitur,</span> <span class='ocrx_word' id='word_1_185' title='bbox 599 1941 770 1987; x_wconf 87' lang='lat' dir='ltr'>praesentis</span> <span class='ocrx_word' id='word_1_186' title='bbox 800 1941 906 1987; x_wconf 86' lang='lat' dir='ltr'>scripti</span> <span class='ocrx_word' id='word_1_187' title='bbox 936 1941 1047 1988; x_wconf 83' lang='lat' dir='ltr'>pagina</span> <span class='ocrx_word' id='word_1_188' title='bbox 1070 1953 1147 1976; x_wconf 86' lang='lat' dir='ltr'>con·</span> 
     </span>
     <span class='ocr_line' id='line_1_48' title="bbox 397 1990 1143 2037; baseline 0.001 -13"><span class='ocrx_word' id='word_1_189' title='bbox 397 1991 569 2034; x_wconf 78' lang='lat' dir='ltr'>firmamus,</span> <span class='ocrx_word' id='word_1_190' title='bbox 591 1991 672 2025; x_wconf 88' lang='lat' dir='ltr'>sicut</span> <span class='ocrx_word' id='word_1_191' title='bbox 686 2002 702 2025; x_wconf 91' lang='lat' dir='ltr'>a</span> <span class='ocrx_word' id='word_1_192' title='bbox 721 1999 860 2037; x_wconf 85' lang='lat' dir='ltr'>tempore</span> <span class='ocrx_word' id='word_1_193' title='bbox 877 1990 957 2025; x_wconf 88' lang='lat' dir='ltr'>heati</span> <span class='ocrx_word' id='word_1_194' title='bbox 974 1991 1143 2037; x_wconf 81' lang='lat' dir='ltr'>Augustini</span> 
     </span>
     <span class='ocr_line' id='line_1_49' title="bbox 397 2039 1146 2087; baseline 0.003 -13"><span class='ocrx_word' id='word_1_195' title='bbox 397 2041 653 2083; x_wconf 83' lang='lat' dir='ltr'>praedecessores</span> <span class='ocrx_word' id='word_1_196' title='bbox 675 2048 745 2074; x_wconf 87' lang='lat' dir='ltr'>tuos</span> <span class='ocrx_word' id='word_1_197' title='bbox 770 2039 917 2075; x_wconf 86' lang='lat' dir='ltr'>hahuisse</span> <span class='ocrx_word' id='word_1_198' title='bbox 943 2040 1146 2087; x_wconf 83' lang='lat' dir='ltr'>Apostolicae</span> 
     </span>
     <span class='ocr_line' id='line_1_50' title="bbox 395 2088 1144 2137; baseline 0.001 -13"><span class='ocrx_word' id='word_1_199' title='bbox 395 2088 489 2124; x_wconf 86' lang='lat' dir='ltr'>Sedis</span> <span class='ocrx_word' id='word_1_200' title='bbox 515 2091 698 2124; x_wconf 89' lang='lat' dir='ltr'>auctoritate</span> <span class='ocrx_word' id='word_1_201' title='bbox 720 2097 851 2124; x_wconf 87' lang='lat' dir='ltr'>constat.</span> <span class='ocrx_word' id='word_1_202' title='bbox 875 2089 908 2124; x_wconf 90' lang='lat' dir='ltr'>Si</span> <span class='ocrx_word' id='word_1_203' title='bbox 931 2102 990 2137; x_wconf 87' lang='lat' dir='ltr'>qua</span> <span class='ocrx_word' id='word_1_204' title='bbox 1007 2091 1144 2137; x_wconf 85' lang='lat' dir='ltr'>igiturin</span> 
     </span>
     <span class='ocr_line' id='line_1_51' title="bbox 396 2139 1145 2187; baseline 0.003 -14"><span class='ocrx_word' id='word_1_205' title='bbox 396 2139 535 2173; x_wconf 89' lang='lat' dir='ltr'>futurum</span> <span class='ocrx_word' id='word_1_206' title='bbox 551 2139 761 2174; x_wconf 86' lang='lat' dir='ltr'>ecclesiastica</span> <span class='ocrx_word' id='word_1_207' title='bbox 779 2139 986 2174; x_wconf 66' lang='lat' dir='ltr'>saecularisve</span> <span class='ocrx_word' id='word_1_208' title='bbox 1001 2153 1145 2187; x_wconf 82' lang='lat' dir='ltr'>persona,</span> 
     </span>
     <span class='ocr_line' id='line_1_52' title="bbox 397 2189 1146 2236; baseline 0.003 -13"><span class='ocrx_word' id='word_1_209' title='bbox 397 2189 477 2223; x_wconf 90' lang='lat' dir='ltr'>hanc</span> <span class='ocrx_word' id='word_1_210' title='bbox 499 2197 623 2224; x_wconf 88' lang='lat' dir='ltr'>nostrae</span> <span class='ocrx_word' id='word_1_211' title='bbox 648 2189 897 2224; x_wconf 85' lang='lat' dir='ltr'>confirmationis</span> <span class='ocrx_word' id='word_1_212' title='bbox 919 2190 1061 2236; x_wconf 83' lang='lat' dir='ltr'>paginam</span> <span class='ocrx_word' id='word_1_213' title='bbox 1077 2191 1146 2225; x_wconf 89' lang='lat' dir='ltr'>sci-</span> 
     </span>
     <span class='ocr_line' id='line_1_53' title="bbox 396 2239 1143 2284; baseline 0.003 -12"><span class='ocrx_word' id='word_1_214' title='bbox 396 2250 463 2284; x_wconf 75' lang='lat' dir='ltr'>ens,</span> <span class='ocrx_word' id='word_1_215' title='bbox 486 2247 593 2274; x_wconf 92' lang='lat' dir='ltr'>contra</span> <span class='ocrx_word' id='word_1_216' title='bbox 616 2251 684 2273; x_wconf 78' lang='lat' dir='ltr'>eam</span> <span class='ocrx_word' id='word_1_217' title='bbox 702 2247 818 2274; x_wconf 88' lang='lat' dir='ltr'>temere</span> <span class='ocrx_word' id='word_1_218' title='bbox 840 2239 945 2274; x_wconf 83' lang='lat' dir='ltr'>venire</span> <span class='ocrx_word' id='word_1_219' title='bbox 970 2241 1143 2281; x_wconf 81' lang='lat' dir='ltr'>tentaverit,</span> 
     </span>
     <span class='ocr_line' id='line_1_54' title="bbox 396 2288 1145 2328; baseline 0.003 -5"><span class='ocrx_word' id='word_1_220' title='bbox 396 2288 537 2323; x_wconf 90' lang='lat' dir='ltr'>secundo</span> <span class='ocrx_word' id='word_1_221' title='bbox 564 2289 692 2323; x_wconf 73' lang='lat' dir='ltr'>tertiove</span> <span class='ocrx_word' id='word_1_222' title='bbox 719 2289 925 2328; x_wconf 82' lang='lat' dir='ltr'>commonita,</span> <span class='ocrx_word' id='word_1_223' title='bbox 947 2289 971 2323; x_wconf 92' lang='lat' dir='ltr'>si</span> <span class='ocrx_word' id='word_1_224' title='bbox 991 2302 1052 2324; x_wconf 88' lang='lat' dir='ltr'>non</span> <span class='ocrx_word' id='word_1_225' title='bbox 1070 2302 1145 2325; x_wconf 87' lang='lat' dir='ltr'>rea-</span> 
     </span>
     <span class='ocr_line' id='line_1_55' title="bbox 397 2338 1139 2385; baseline 0.003 -12"><span class='ocrx_word' id='word_1_226' title='bbox 397 2347 461 2372; x_wconf 91' lang='lat' dir='ltr'>tum</span> <span class='ocrx_word' id='word_1_227' title='bbox 493 2351 587 2373; x_wconf 93' lang='lat' dir='ltr'>suum</span> <span class='ocrx_word' id='word_1_228' title='bbox 618 2350 755 2385; x_wconf 89' lang='lat' dir='ltr'>congrua</span> <span class='ocrx_word' id='word_1_229' title='bbox 787 2338 998 2374; x_wconf 88' lang='lat' dir='ltr'>satisfactione</span> <span class='ocrx_word' id='word_1_230' title='bbox 1033 2351 1139 2375; x_wconf 77' lang='lat' dir='ltr'>corre·</span> 
     </span>
    </p>
   </div>
   <div class='ocr_carea' id='block_1_10' title="bbox 396 2392 1144 2712">
    <p class='ocr_par' dir='ltr' id='par_1_10' title="bbox 396 2392 1144 2597">
     <span class='ocr_line' id='line_1_56' title="bbox 396 2392 1142 2441; baseline 0.003 -14"><span class='ocrx_word' id='word_1_231' title='bbox 396 2393 492 2432; x_wconf 81' lang='lat' dir='ltr'>xerit,</span> <span class='ocrx_word' id='word_1_232' title='bbox 511 2393 737 2441; x_wconf 87' lang='lat' dir='ltr'>omnipotentis</span> <span class='ocrx_word' id='word_1_233' title='bbox 750 2392 821 2433; x_wconf 88' lang='lat' dir='ltr'>Dei,</span> <span class='ocrx_word' id='word_1_234' title='bbox 836 2401 866 2428; x_wconf 86' lang='lat' dir='ltr'>et</span> <span class='ocrx_word' id='word_1_235' title='bbox 880 2392 1043 2429; x_wconf 86' lang='lat' dir='ltr'>beatorum</span> <span class='ocrx_word' id='word_1_236' title='bbox 1060 2394 1142 2429; x_wconf 87' lang='lat' dir='ltr'>Petri</span> 
     </span>
     <span class='ocr_line' id='line_1_57' title="bbox 396 2447 1141 2495; baseline 0.005 -15"><span class='ocrx_word' id='word_1_237' title='bbox 396 2455 427 2481; x_wconf 89' lang='lat' dir='ltr'>et</span> <span class='ocrx_word' id='word_1_238' title='bbox 448 2447 537 2482; x_wconf 88' lang='lat' dir='ltr'>Pauli</span> <span class='ocrx_word' id='word_1_239' title='bbox 564 2447 778 2495; x_wconf 88' lang='lat' dir='ltr'>apostolorum</span> <span class='ocrx_word' id='word_1_240' title='bbox 801 2447 869 2482; x_wconf 89' lang='lat' dir='ltr'>eius</span> <span class='ocrx_word' id='word_1_241' title='bbox 891 2447 1141 2494; x_wconf 79' lang='lat' dir='ltr'>indignationem</span> 
     </span>
     <span class='ocr_line' id='line_1_58' title="bbox 396 2502 1144 2549; baseline 0.001 -13"><span class='ocrx_word' id='word_1_242' title='bbox 396 2502 544 2546; x_wconf 83' lang='lat' dir='ltr'>incurrat,</span> <span class='ocrx_word' id='word_1_243' title='bbox 570 2510 663 2549; x_wconf 91' lang='lat' dir='ltr'>atque</span> <span class='ocrx_word' id='word_1_244' title='bbox 692 2503 722 2536; x_wconf 93' lang='lat' dir='ltr'>in</span> <span class='ocrx_word' id='word_1_245' title='bbox 751 2509 892 2536; x_wconf 84' lang='lat' dir='ltr'>extremo</span> <span class='ocrx_word' id='word_1_246' title='bbox 926 2503 1071 2537; x_wconf 82' lang='lat' dir='ltr'>examine</span> <span class='ocrx_word' id='word_1_247' title='bbox 1093 2503 1144 2537; x_wconf 90' lang='lat' dir='ltr'>di-</span> 
     </span>
     <span class='ocr_line' id='line_1_59' title="bbox 396 2556 1106 2597; baseline 0.001 -7"><span class='ocrx_word' id='word_1_248' title='bbox 396 2557 521 2591; x_wconf 86' lang='lat' dir='ltr'>strictae</span> <span class='ocrx_word' id='word_1_249' title='bbox 543 2556 652 2591; x_wconf 88' lang='lat' dir='ltr'>ultioni</span> <span class='ocrx_word' id='word_1_250' title='bbox 674 2556 843 2591; x_wconf 84' lang='lat' dir='ltr'>subiaceat.</span> <span class='ocrx_word' id='word_1_251' title='bbox 866 2556 981 2597; x_wconf 79' lang='lat' dir='ltr'>Amen,</span> <span class='ocrx_word' id='word_1_252' title='bbox 1004 2569 1106 2591; x_wconf 88' lang='lat' dir='ltr'>amen.</span> 
     </span>
    </p>

    <p class='ocr_par' dir='ltr' id='par_1_11' title="bbox 396 2609 1143 2712">
     <span class='ocr_line' id='line_1_60' title="bbox 444 2609 1143 2657; baseline 0.003 -13"><span class='ocrx_word' id='word_1_253' title='bbox 444 2611 469 2657; x_wconf 77' lang='lat'>†</span> <span class='ocrx_word' id='word_1_254' title='bbox 494 2610 567 2645; x_wconf 74' lang='lat' dir='ltr'>Eoo</span> <span class='ocrx_word' id='word_1_255' title='bbox 589 2609 789 2645; x_wconf 48' lang='lat' dir='ltr'>Anaximene</span> <span class='ocrx_word' id='word_1_256' title='bbox 802 2609 971 2645; x_wconf 84' lang='lat' dir='ltr'>catholicae</span> <span class='ocrx_word' id='word_1_257' title='bbox 985 2610 1143 2646; x_wconf 85' lang='lat' dir='ltr'>Ecclesiae</span> 
     </span>
     <span class='ocr_line' id='line_1_61' title="bbox 396 2664 574 2712; baseline 0 -14"><span class='ocrx_word' id='word_1_258' title='bbox 396 2664 574 2712; x_wconf 79' lang='lat' dir='ltr'>episcopus.</span> 
     </span>
    </p>
   </div>
   <div class='ocr_carea' id='block_1_11' title="bbox 1164 1259 1171 2179">
    <p class='ocr_par' dir='ltr' id='par_1_12' title="bbox 1164 1259 1171 2179">
     <span class='ocr_line' id='line_1_62' title="bbox 1164 1259 1171 2179; baseline 0 0"><span class='ocrx_word' id='word_1_259' title='bbox 1164 1259 1171 2179; x_wconf 95' lang='lat' dir='ltr'> </span> 
     </span>
    </p>
   </div>
   <div class='ocr_carea' id='block_1_12' title="bbox 1008 268 1382 292">
    <p class='ocr_par' dir='ltr' id='par_1_13' title="bbox 1008 268 1382 292">
     <span class='ocr_line' id='line_1_63' title="bbox 1008 268 1382 292; baseline 0.008 -3"><span class='ocrx_word' id='word_1_260' title='bbox 1008 268 1105 290; x_wconf 64' lang='lat' dir='ltr'>nt‘Lm</span> <span class='ocrx_word' id='word_1_261' title='bbox 1112 269 1141 290; x_wconf 79' lang='lat' dir='ltr'>tt:</span> <span class='ocrx_word' id='word_1_262' title='bbox 1149 268 1191 290; x_wconf 69' lang='grc' dir='ltr'>ΕΜ</span> <span class='ocrx_word' id='word_1_263' title='bbox 1220 269 1382 292; x_wconf 59' lang='lat' dir='ltr'>nonaum</span> 
     </span>
    </p>
   </div>
   <div class='ocr_carea' id='block_1_13' title="bbox 1182 323 1944 2597">
    <p class='ocr_par' dir='ltr' id='par_1_14' title="bbox 1195 323 1942 413">
     <span class='ocr_line' id='line_1_64' title="bbox 1244 323 1942 371; baseline 0.006 -14"><span class='ocrx_word' id='word_1_264' title='bbox 1244 323 1269 369; x_wconf 56' lang='lat' dir='ltr'>*l-</span> <span class='ocrx_word' id='word_1_265' title='bbox 1295 323 1363 369; x_wconf 88' lang='lat' dir='ltr'>Ego</span> <span class='ocrx_word' id='word_1_266' title='bbox 1384 323 1527 359; x_wconf 90' lang='lat' dir='ltr'>Ubaldus</span> <span class='ocrx_word' id='word_1_267' title='bbox 1555 325 1657 371; x_wconf 88' lang='lat' dir='ltr'>presb.</span> <span class='ocrx_word' id='word_1_268' title='bbox 1688 325 1773 361; x_wconf 89' lang='lat' dir='ltr'>card.</span> <span class='ocrx_word' id='word_1_269' title='bbox 1801 326 1881 361; x_wconf 89' lang='lat' dir='ltr'>tituli</span> <span class='ocrx_word' id='word_1_270' title='bbox 1908 326 1942 361; x_wconf 92' lang='lat' dir='ltr'>S.</span> 
     </span>
     <span class='ocr_line' id='line_1_65' title="bbox 1195 375 1599 413; baseline 0.007 -3"><span class='ocrx_word' id='word_1_271' title='bbox 1195 375 1308 411; x_wconf 89' lang='lat' dir='ltr'>Crucis</span> <span class='ocrx_word' id='word_1_272' title='bbox 1335 378 1365 411; x_wconf 91' lang='lat' dir='ltr'>in</span> <span class='ocrx_word' id='word_1_273' title='bbox 1388 377 1599 413; x_wconf 84' lang='lat' dir='ltr'>Hierusalem.</span> 
     </span>
    </p>

    <p class='ocr_par' dir='ltr' id='par_1_15' title="bbox 1195 431 1943 522">
     <span class='ocr_line' id='line_1_66' title="bbox 1243 431 1943 480; baseline 0.004 -15"><span class='ocrx_word' id='word_1_274' title='bbox 1243 431 1269 478; x_wconf 79' lang='lat'>·1-</span> <span class='ocrx_word' id='word_1_275' title='bbox 1291 431 1358 477; x_wconf 90' lang='lat' dir='ltr'>Ego</span> <span class='ocrx_word' id='word_1_276' title='bbox 1390 431 1523 468; x_wconf 82' lang='lat' dir='ltr'>Ioannes</span> <span class='ocrx_word' id='word_1_277' title='bbox 1559 433 1663 480; x_wconf 85' lang='lat' dir='ltr'>presb.</span> <span class='ocrx_word' id='word_1_278' title='bbox 1697 433 1782 469; x_wconf 90' lang='lat' dir='ltr'>card.</span> <span class='ocrx_word' id='word_1_279' title='bbox 1818 435 1864 469; x_wconf 93' lang='lat' dir='ltr'>tit.</span> <span class='ocrx_word' id='word_1_280' title='bbox 1891 434 1943 470; x_wconf 91' lang='lat' dir='ltr'>Ss.</span> 
     </span>
     <span class='ocr_line' id='line_1_67' title="bbox 1195 483 1794 522; baseline 0.007 -4"><span class='ocrx_word' id='word_1_281' title='bbox 1195 483 1321 520; x_wconf 86' lang='lat' dir='ltr'>Ioannis</span> <span class='ocrx_word' id='word_1_282' title='bbox 1347 494 1377 520; x_wconf 87' lang='lat' dir='ltr'>et</span> <span class='ocrx_word' id='word_1_283' title='bbox 1399 486 1486 521; x_wconf 84' lang='lat' dir='ltr'>Pauli</span> <span class='ocrx_word' id='word_1_284' title='bbox 1515 487 1562 521; x_wconf 85' lang='lat' dir='ltr'>tit.</span> <span class='ocrx_word' id='word_1_285' title='bbox 1585 486 1794 522; x_wconf 82' lang='lat' dir='ltr'>Pammachii.</span> 
     </span>
    </p>

    <p class='ocr_par' dir='ltr' id='par_1_16' title="bbox 1193 539 1941 630">
     <span class='ocr_line' id='line_1_68' title="bbox 1243 539 1941 589; baseline 0.004 -15"><span class='ocrx_word' id='word_1_286' title='bbox 1243 543 1266 582; x_wconf 59' lang='grc' dir='ltr'>η’-</span> <span class='ocrx_word' id='word_1_287' title='bbox 1294 539 1363 586; x_wconf 85' lang='lat' dir='ltr'>Ego</span> <span class='ocrx_word' id='word_1_288' title='bbox 1384 540 1541 576; x_wconf 87' lang='lat' dir='ltr'>Henricus</span> <span class='ocrx_word' id='word_1_289' title='bbox 1569 541 1673 589; x_wconf 86' lang='lat' dir='ltr'>presb.</span> <span class='ocrx_word' id='word_1_290' title='bbox 1702 541 1787 576; x_wconf 87' lang='lat' dir='ltr'>card.</span> <span class='ocrx_word' id='word_1_291' title='bbox 1815 542 1862 576; x_wconf 87' lang='lat' dir='ltr'>tit.</span> <span class='ocrx_word' id='word_1_292' title='bbox 1890 541 1941 578; x_wconf 89' lang='lat' dir='ltr'>Ss.</span> 
     </span>
     <span class='ocr_line' id='line_1_69' title="bbox 1193 594 1507 630; baseline 0.003 -2"><span class='ocrx_word' id='word_1_293' title='bbox 1193 594 1286 629; x_wconf 88' lang='lat' dir='ltr'>Nerei</span> <span class='ocrx_word' id='word_1_294' title='bbox 1309 603 1339 629; x_wconf 90' lang='lat' dir='ltr'>et</span> <span class='ocrx_word' id='word_1_295' title='bbox 1363 595 1507 630; x_wconf 80' lang='lat' dir='ltr'>Achillei.</span> 
     </span>
    </p>

    <p class='ocr_par' dir='ltr' id='par_1_17' title="bbox 1193 649 1944 739">
     <span class='ocr_line' id='line_1_70' title="bbox 1241 649 1944 697; baseline 0.001 -14"><span class='ocrx_word' id='word_1_296' title='bbox 1241 649 1266 696; x_wconf 78' lang='lat'>·1-</span> <span class='ocrx_word' id='word_1_297' title='bbox 1287 649 1357 696; x_wconf 86' lang='lat' dir='ltr'>Ego</span> <span class='ocrx_word' id='word_1_298' title='bbox 1384 649 1467 684; x_wconf 88' lang='lat' dir='ltr'>Boso</span> <span class='ocrx_word' id='word_1_299' title='bbox 1499 650 1603 697; x_wconf 88' lang='lat' dir='ltr'>presb.</span> <span class='ocrx_word' id='word_1_300' title='bbox 1631 649 1716 685; x_wconf 88' lang='lat' dir='ltr'>card.</span> <span class='ocrx_word' id='word_1_301' title='bbox 1743 649 1777 685; x_wconf 91' lang='lat' dir='ltr'>S.</span> <span class='ocrx_word' id='word_1_302' title='bbox 1813 649 1944 684; x_wconf 87' lang='lat' dir='ltr'>Puden-</span> 
     </span>
     <span class='ocr_line' id='line_1_71' title="bbox 1193 703 1574 739; baseline 0.005 -3"><span class='ocrx_word' id='word_1_303' title='bbox 1193 703 1295 737; x_wconf 79' lang='lat' dir='ltr'>tianae</span> <span class='ocrx_word' id='word_1_304' title='bbox 1318 703 1397 738; x_wconf 86' lang='lat' dir='ltr'>tituli</span> <span class='ocrx_word' id='word_1_305' title='bbox 1419 703 1574 739; x_wconf 83' lang='lat' dir='ltr'>Pastoris.</span> 
     </span>
    </p>

    <p class='ocr_par' dir='ltr' id='par_1_18' title="bbox 1192 756 1942 846">
     <span class='ocr_line' id='line_1_72' title="bbox 1240 756 1942 805; baseline 0.003 -14"><span class='ocrx_word' id='word_1_306' title='bbox 1240 757 1265 803; x_wconf 51' lang='grc' dir='ltr'>ἦ·</span> <span class='ocrx_word' id='word_1_307' title='bbox 1286 756 1353 803; x_wconf 90' lang='lat' dir='ltr'>Ego</span> <span class='ocrx_word' id='word_1_308' title='bbox 1375 757 1564 794; x_wconf 90' lang='lat' dir='ltr'>Theodorus</span> <span class='ocrx_word' id='word_1_309' title='bbox 1590 758 1623 793; x_wconf 88' lang='lat' dir='ltr'>S.</span> <span class='ocrx_word' id='word_1_310' title='bbox 1654 758 1693 794; x_wconf 87' lang='lat' dir='ltr'>R.</span> <span class='ocrx_word' id='word_1_311' title='bbox 1718 758 1754 792; x_wconf 88' lang='lat' dir='ltr'>E.</span> <span class='ocrx_word' id='word_1_312' title='bbox 1779 757 1942 805; x_wconf 76' lang='lat' dir='ltr'>presbyter</span> 
     </span>
     <span class='ocr_line' id='line_1_73' title="bbox 1192 811 1368 846; baseline 0.006 -1"><span class='ocrx_word' id='word_1_313' title='bbox 1192 811 1368 846; x_wconf 69' lang='lat' dir='ltr'>cardinalis</span> 
     </span>
    </p>

    <p class='ocr_par' dir='ltr' id='par_1_19' title="bbox 1191 865 1404 955">
     <span class='ocr_line' id='line_1_74' title="bbox 1240 865 1404 913; baseline 0.006 -13"><span class='ocrx_word' id='word_1_314' title='bbox 1240 865 1265 912; x_wconf 57' lang='grc' dir='ltr'>ἦ·</span> <span class='ocrx_word' id='word_1_315' title='bbox 1286 865 1355 913; x_wconf 87' lang='lat' dir='ltr'>Ego</span> <span class='ocrx_word' id='word_1_316' title='bbox 1379 894 1404 901; x_wconf 88' lang='lat'>..</span> 
     </span>
     <span class='ocr_line' id='line_1_75' title="bbox 1191 919 1338 955; baseline 0.007 -1"><span class='ocrx_word' id='word_1_317' title='bbox 1191 919 1338 955; x_wconf 86' lang='lat' dir='ltr'>Sabinae.</span> 
     </span>
    </p>

    <p class='ocr_par' dir='ltr' id='par_1_20' title="bbox 1191 975 1941 1078">
     <span class='ocr_line' id='line_1_76' title="bbox 1240 975 1941 1021; baseline 0.001 -12"><span class='ocrx_word' id='word_1_318' title='bbox 1240 975 1264 1021; x_wconf 59' lang='grc' dir='ltr'>’ξ-</span> <span class='ocrx_word' id='word_1_319' title='bbox 1285 975 1354 1021; x_wconf 84' lang='lat' dir='ltr'>Ego</span> <span class='ocrx_word' id='word_1_320' title='bbox 1380 975 1561 1011; x_wconf 88' lang='lat' dir='ltr'>Bernardus</span> <span class='ocrx_word' id='word_1_321' title='bbox 1593 976 1779 1012; x_wconf 88' lang='lat' dir='ltr'>Portuensis</span> <span class='ocrx_word' id='word_1_322' title='bbox 1806 975 1941 1011; x_wconf 84' lang='lat' dir='ltr'>Sanctae</span> 
     </span>
     <span class='ocr_line' id='line_1_77' title="bbox 1191 1029 1529 1078; baseline 0.006 -14"><span class='ocrx_word' id='word_1_323' title='bbox 1191 1029 1324 1066; x_wconf 67' lang='lat' dir='ltr'>Rufinae</span> <span class='ocrx_word' id='word_1_324' title='bbox 1350 1030 1529 1078; x_wconf 88' lang='lat' dir='ltr'>episcopus.</span> 
     </span>
    </p>

    <p class='ocr_par' dir='ltr' id='par_1_21' title="bbox 1239 1084 1939 1132">
     <span class='ocr_line' id='line_1_78' title="bbox 1239 1084 1939 1132; baseline 0.004 -14"><span class='ocrx_word' id='word_1_325' title='bbox 1239 1084 1264 1131; x_wconf 59' lang='lat'>*1-</span> <span class='ocrx_word' id='word_1_326' title='bbox 1284 1084 1353 1131; x_wconf 86' lang='lat' dir='ltr'>Ego</span> <span class='ocrx_word' id='word_1_327' title='bbox 1366 1084 1746 1120; x_wconf 85' lang='lat' dir='ltr'>GualteriusAlbanensis</span> <span class='ocrx_word' id='word_1_328' title='bbox 1759 1085 1939 1132; x_wconf 84' lang='lat' dir='ltr'>episcopus.</span> 
     </span>
    </p>

    <p class='ocr_par' dir='ltr' id='par_1_22' title="bbox 1239 1139 1874 1186">
     <span class='ocr_line' id='line_1_79' title="bbox 1239 1139 1874 1186; baseline 0 -12"><span class='ocrx_word' id='word_1_329' title='bbox 1239 1139 1264 1186; x_wconf 69' lang='lat'>1-</span> <span class='ocrx_word' id='word_1_330' title='bbox 1290 1139 1358 1186; x_wconf 88' lang='lat' dir='ltr'>Ego</span> <span class='ocrx_word' id='word_1_331' title='bbox 1380 1139 1450 1186; x_wconf 84' lang='lat' dir='ltr'>Ugo</span> <span class='ocrx_word' id='word_1_332' title='bbox 1472 1139 1670 1174; x_wconf 90' lang='lat' dir='ltr'>Tusculanus</span> <span class='ocrx_word' id='word_1_333' title='bbox 1692 1139 1874 1186; x_wconf 88' lang='lat' dir='ltr'>episcopus.</span> 
     </span>
    </p>

    <p class='ocr_par' dir='ltr' id='par_1_23' title="bbox 1190 1193 1940 1339">
     <span class='ocr_line' id='line_1_80' title="bbox 1239 1193 1940 1241; baseline 0 -13"><span class='ocrx_word' id='word_1_334' title='bbox 1239 1198 1262 1237; x_wconf 87' lang='lat'>†</span> <span class='ocrx_word' id='word_1_335' title='bbox 1283 1193 1348 1241; x_wconf 88' lang='lat' dir='ltr'>Ego</span> <span class='ocrx_word' id='word_1_336' title='bbox 1371 1194 1537 1229; x_wconf 85' lang='lat' dir='ltr'>Conradus</span> <span class='ocrx_word' id='word_1_337' title='bbox 1558 1194 1762 1240; x_wconf 83' lang='lat' dir='ltr'>Moguntinae</span> <span class='ocrx_word' id='word_1_338' title='bbox 1783 1194 1868 1229; x_wconf 87' lang='lat' dir='ltr'>sedis</span> <span class='ocrx_word' id='word_1_339' title='bbox 1885 1207 1940 1229; x_wconf 88' lang='lat' dir='ltr'>ar-</span> 
     </span>
     <span class='ocr_line' id='line_1_81' title="bbox 1190 1248 1938 1297; baseline 0.003 -15"><span class='ocrx_word' id='word_1_340' title='bbox 1190 1248 1430 1297; x_wconf 81' lang='lat' dir='ltr'>chiepiscopus,</span> <span class='ocrx_word' id='word_1_341' title='bbox 1469 1258 1499 1284; x_wconf 91' lang='lat' dir='ltr'>et</span> <span class='ocrx_word' id='word_1_342' title='bbox 1538 1249 1724 1284; x_wconf 84' lang='lat' dir='ltr'>Sabinensis</span> <span class='ocrx_word' id='word_1_343' title='bbox 1768 1249 1938 1297; x_wconf 84' lang='lat' dir='ltr'>episcopus</span> 
     </span>
     <span class='ocr_line' id='line_1_82' title="bbox 1190 1303 1369 1339; baseline -0.006 0"><span class='ocrx_word' id='word_1_344' title='bbox 1190 1303 1369 1339; x_wconf 86' lang='lat' dir='ltr'>cardinalis.</span> 
     </span>
    </p>

    <p class='ocr_par' dir='ltr' id='par_1_24' title="bbox 1189 1358 1937 1448">
     <span class='ocr_line' id='line_1_83' title="bbox 1237 1358 1937 1406; baseline 0.001 -13"><span class='ocrx_word' id='word_1_345' title='bbox 1237 1359 1262 1406; x_wconf 56' lang='grc' dir='ltr'>’ζ’</span> <span class='ocrx_word' id='word_1_346' title='bbox 1284 1358 1352 1405; x_wconf 84' lang='lat' dir='ltr'>Ego</span> <span class='ocrx_word' id='word_1_347' title='bbox 1375 1359 1512 1394; x_wconf 88' lang='lat' dir='ltr'>lacintus</span> <span class='ocrx_word' id='word_1_348' title='bbox 1533 1359 1685 1394; x_wconf 91' lang='lat' dir='ltr'>diaconus</span> <span class='ocrx_word' id='word_1_349' title='bbox 1702 1359 1786 1394; x_wconf 87' lang='lat' dir='ltr'>card.</span> <span class='ocrx_word' id='word_1_350' title='bbox 1802 1359 1937 1394; x_wconf 85' lang='lat' dir='ltr'>Sanctae</span> 
     </span>
     <span class='ocr_line' id='line_1_84' title="bbox 1189 1412 1568 1448; baseline 0.003 -2"><span class='ocrx_word' id='word_1_351' title='bbox 1189 1412 1305 1447; x_wconf 75' lang='lat' dir='ltr'>Mariae</span> <span class='ocrx_word' id='word_1_352' title='bbox 1325 1414 1353 1447; x_wconf 91' lang='lat' dir='ltr'>iu</span> <span class='ocrx_word' id='word_1_353' title='bbox 1382 1412 1568 1448; x_wconf 86' lang='lat' dir='ltr'>Cosmedin.</span> 
     </span>
    </p>

    <p class='ocr_par' dir='ltr' id='par_1_25' title="bbox 1188 1466 1938 1557">
     <span class='ocr_line' id='line_1_85' title="bbox 1237 1466 1938 1513; baseline 0.006 -13"><span class='ocrx_word' id='word_1_354' title='bbox 1237 1467 1262 1513; x_wconf 42' lang='grc' dir='ltr'>’ζ’</span> <span class='ocrx_word' id='word_1_355' title='bbox 1288 1466 1356 1513; x_wconf 88' lang='lat' dir='ltr'>Ego</span> <span class='ocrx_word' id='word_1_356' title='bbox 1378 1468 1452 1501; x_wconf 90' lang='lat' dir='ltr'>Otto</span> <span class='ocrx_word' id='word_1_357' title='bbox 1469 1467 1621 1502; x_wconf 89' lang='lat' dir='ltr'>diaconus</span> <span class='ocrx_word' id='word_1_358' title='bbox 1639 1467 1808 1503; x_wconf 83' lang='lat' dir='ltr'>cardinalis</span> <span class='ocrx_word' id='word_1_359' title='bbox 1830 1468 1938 1504; x_wconf 85' lang='lat' dir='ltr'>Sancti</span> 
     </span>
     <span class='ocr_line' id='line_1_86' title="bbox 1188 1521 1714 1557; baseline 0.004 -2"><span class='ocrx_word' id='word_1_360' title='bbox 1188 1521 1307 1556; x_wconf 78' lang='lat' dir='ltr'>Nicolai</span> <span class='ocrx_word' id='word_1_361' title='bbox 1337 1522 1366 1555; x_wconf 90' lang='lat' dir='ltr'>in</span> <span class='ocrx_word' id='word_1_362' title='bbox 1396 1521 1532 1556; x_wconf 89' lang='lat' dir='ltr'>Carcere</span> <span class='ocrx_word' id='word_1_363' title='bbox 1557 1521 1714 1557; x_wconf 74' lang='lat' dir='ltr'>Tulliano.</span> 
     </span>
    </p>

    <p class='ocr_par' dir='ltr' id='par_1_26' title="bbox 1188 1575 1937 1666">
     <span class='ocr_line' id='line_1_87' title="bbox 1237 1575 1937 1623; baseline 0 -13"><span class='ocrx_word' id='word_1_364' title='bbox 1237 1577 1261 1623; x_wconf 55' lang='grc' dir='ltr'>ἦ·</span> <span class='ocrx_word' id='word_1_365' title='bbox 1288 1576 1355 1622; x_wconf 89' lang='lat' dir='ltr'>Ego</span> <span class='ocrx_word' id='word_1_366' title='bbox 1376 1575 1506 1611; x_wconf 78' lang='lat' dir='ltr'>Ardicio</span> <span class='ocrx_word' id='word_1_367' title='bbox 1533 1576 1686 1611; x_wconf 87' lang='lat' dir='ltr'>diaconus</span> <span class='ocrx_word' id='word_1_368' title='bbox 1711 1576 1880 1612; x_wconf 89' lang='lat' dir='ltr'>cardinalis</span> <span class='ocrx_word' id='word_1_369' title='bbox 1902 1576 1937 1610; x_wconf 91' lang='lat' dir='ltr'>S.</span> 
     </span>
     <span class='ocr_line' id='line_1_88' title="bbox 1188 1630 1358 1666; baseline 0 -1"><span class='ocrx_word' id='word_1_370' title='bbox 1188 1630 1358 1666; x_wconf 90' lang='lat' dir='ltr'>Theodori.</span> 
     </span>
    </p>

    <p class='ocr_par' dir='ltr' id='par_1_27' title="bbox 1188 1683 1936 1775">
     <span class='ocr_line' id='line_1_89' title="bbox 1236 1683 1936 1733; baseline -0.004 -12"><span class='ocrx_word' id='word_1_371' title='bbox 1236 1686 1260 1733; x_wconf 53' lang='grc' dir='ltr'>’ἲ</span> <span class='ocrx_word' id='word_1_372' title='bbox 1283 1685 1348 1732; x_wconf 81' lang='lat' dir='ltr'>Ego</span> <span class='ocrx_word' id='word_1_373' title='bbox 1375 1684 1500 1720; x_wconf 87' lang='lat' dir='ltr'>Cintius</span> <span class='ocrx_word' id='word_1_374' title='bbox 1528 1684 1681 1720; x_wconf 84' lang='lat' dir='ltr'>diaconus</span> <span class='ocrx_word' id='word_1_375' title='bbox 1716 1683 1800 1719; x_wconf 89' lang='lat' dir='ltr'>card.</span> <span class='ocrx_word' id='word_1_376' title='bbox 1829 1683 1936 1719; x_wconf 87' lang='lat' dir='ltr'>Sancti</span> 
     </span>
     <span class='ocr_line' id='line_1_90' title="bbox 1188 1741 1330 1775; baseline 0 0"><span class='ocrx_word' id='word_1_377' title='bbox 1188 1741 1330 1775; x_wconf 69' lang='lat' dir='ltr'>Adriani.</span> 
     </span>
    </p>

    <p class='ocr_par' dir='ltr' id='par_1_28' title="bbox 1187 1792 1936 1895">
     <span class='ocr_line' id='line_1_91' title="bbox 1235 1792 1936 1842; baseline -0.003 -13"><span class='ocrx_word' id='word_1_378' title='bbox 1235 1795 1260 1842; x_wconf 52' lang='grc' dir='ltr'>ἦ·</span> <span class='ocrx_word' id='word_1_379' title='bbox 1281 1795 1349 1840; x_wconf 84' lang='lat' dir='ltr'>Ego</span> <span class='ocrx_word' id='word_1_380' title='bbox 1376 1794 1558 1829; x_wconf 84' lang='lat' dir='ltr'>Manfredus</span> <span class='ocrx_word' id='word_1_381' title='bbox 1584 1793 1739 1828; x_wconf 88' lang='lat' dir='ltr'>diaconus</span> <span class='ocrx_word' id='word_1_382' title='bbox 1768 1792 1936 1827; x_wconf 86' lang='lat' dir='ltr'>cardinalis</span> 
     </span>
     <span class='ocr_line' id='line_1_92' title="bbox 1187 1847 1820 1895; baseline -0.005 -11"><span class='ocrx_word' id='word_1_383' title='bbox 1187 1849 1292 1884; x_wconf 87' lang='lat' dir='ltr'>Sancti</span> <span class='ocrx_word' id='word_1_384' title='bbox 1315 1849 1441 1895; x_wconf 85' lang='lat' dir='ltr'>Georgii</span> <span class='ocrx_word' id='word_1_385' title='bbox 1463 1849 1503 1884; x_wconf 88' lang='lat' dir='ltr'>ad</span> <span class='ocrx_word' id='word_1_386' title='bbox 1529 1848 1642 1883; x_wconf 88' lang='lat' dir='ltr'>Velum</span> <span class='ocrx_word' id='word_1_387' title='bbox 1665 1847 1820 1882; x_wconf 72' lang='lat' dir='ltr'>Aureum-</span> 
     </span>
    </p>

    <p class='ocr_par' dir='ltr' id='par_1_29' title="bbox 1187 1901 1935 2005">
     <span class='ocr_line' id='line_1_93' title="bbox 1234 1901 1935 1951; baseline -0.003 -13"><span class='ocrx_word' id='word_1_388' title='bbox 1234 1905 1259 1951; x_wconf 60' lang='grc' dir='ltr'>-ξ-</span> <span class='ocrx_word' id='word_1_389' title='bbox 1280 1903 1348 1949; x_wconf 85' lang='lat' dir='ltr'>Ego</span> <span class='ocrx_word' id='word_1_390' title='bbox 1370 1903 1440 1950; x_wconf 85' lang='lat' dir='ltr'>Ugo</span> <span class='ocrx_word' id='word_1_391' title='bbox 1462 1904 1615 1938; x_wconf 89' lang='lat' dir='ltr'>diaconus</span> <span class='ocrx_word' id='word_1_392' title='bbox 1637 1902 1806 1937; x_wconf 88' lang='lat' dir='ltr'>cardinalis</span> <span class='ocrx_word' id='word_1_393' title='bbox 1826 1901 1935 1936; x_wconf 86' lang='lat' dir='ltr'>Sancti</span> 
     </span>
     <span class='ocr_line' id='line_1_94' title="bbox 1187 1957 1835 2005; baseline 0 -14"><span class='ocrx_word' id='word_1_394' title='bbox 1187 1957 1345 1993; x_wconf 83' lang='lat' dir='ltr'>Eustachii</span> <span class='ocrx_word' id='word_1_395' title='bbox 1369 1958 1452 1992; x_wconf 84' lang='lat' dir='ltr'>iuxta</span> <span class='ocrx_word' id='word_1_396' title='bbox 1473 1957 1639 2005; x_wconf 90' lang='lat' dir='ltr'>Templum</span> <span class='ocrx_word' id='word_1_397' title='bbox 1668 1957 1835 2004; x_wconf 81' lang='lat' dir='ltr'>Agrippae.</span> 
     </span>
    </p>

    <p class='ocr_par' dir='ltr' id='par_1_30' title="bbox 1185 2009 1934 2113">
     <span class='ocr_line' id='line_1_95' title="bbox 1233 2009 1934 2059; baseline -0.001 -13"><span class='ocrx_word' id='word_1_398' title='bbox 1233 2013 1258 2059; x_wconf 54' lang='grc' dir='ltr'>ἦ·</span> <span class='ocrx_word' id='word_1_399' title='bbox 1292 2012 1360 2058; x_wconf 85' lang='lat' dir='ltr'>Ego</span> <span class='ocrx_word' id='word_1_400' title='bbox 1394 2012 1542 2046; x_wconf 83' lang='lat' dir='ltr'>Vittellus</span> <span class='ocrx_word' id='word_1_401' title='bbox 1575 2012 1728 2046; x_wconf 83' lang='lat' dir='ltr'>diaconus</span> <span class='ocrx_word' id='word_1_402' title='bbox 1763 2009 1934 2045; x_wconf 83' lang='lat' dir='ltr'>cardinalis</span> 
     </span>
     <span class='ocr_line' id='line_1_96' title="bbox 1185 2065 1694 2113; baseline -0.004 -12"><span class='ocrx_word' id='word_1_403' title='bbox 1185 2066 1372 2101; x_wconf 89' lang='lat' dir='ltr'>Sanctorum</span> <span class='ocrx_word' id='word_1_404' title='bbox 1395 2066 1494 2113; x_wconf 85' lang='lat' dir='ltr'>Sergii</span> <span class='ocrx_word' id='word_1_405' title='bbox 1517 2075 1546 2100; x_wconf 92' lang='lat' dir='ltr'>et</span> <span class='ocrx_word' id='word_1_406' title='bbox 1567 2065 1694 2100; x_wconf 89' lang='lat' dir='ltr'>Bacchi.</span> 
     </span>
    </p>

    <p class='ocr_par' dir='ltr' id='par_1_31' title="bbox 1185 2119 1933 2223">
     <span class='ocr_line' id='line_1_97' title="bbox 1233 2119 1933 2167; baseline -0.001 -12"><span class='ocrx_word' id='word_1_407' title='bbox 1233 2120 1258 2167; x_wconf 58' lang='grc' dir='ltr'>ἦ·</span> <span class='ocrx_word' id='word_1_408' title='bbox 1279 2120 1347 2167; x_wconf 85' lang='lat' dir='ltr'>Ego</span> <span class='ocrx_word' id='word_1_409' title='bbox 1367 2120 1482 2155; x_wconf 87' lang='lat' dir='ltr'>Petrus</span> <span class='ocrx_word' id='word_1_410' title='bbox 1503 2120 1583 2155; x_wconf 89' lang='lat' dir='ltr'>diac.</span> <span class='ocrx_word' id='word_1_411' title='bbox 1608 2119 1776 2155; x_wconf 83' lang='lat' dir='ltr'>cardinalis</span> <span class='ocrx_word' id='word_1_412' title='bbox 1797 2119 1933 2154; x_wconf 87' lang='lat' dir='ltr'>Sanctae</span> 
     </span>
     <span class='ocr_line' id='line_1_98' title="bbox 1185 2170 1523 2223; baseline 0.006 -15"><span class='ocrx_word' id='word_1_413' title='bbox 1185 2173 1300 2209; x_wconf 82' lang='lat' dir='ltr'>Mariae</span> <span class='ocrx_word' id='word_1_414' title='bbox 1322 2175 1352 2209; x_wconf 86' lang='lat' dir='ltr'>in</span> <span class='ocrx_word' id='word_1_415' title='bbox 1379 2170 1523 2223; x_wconf 81' lang='lat' dir='ltr'>Aquirio&#39;.</span> 
     </span>
    </p>

    <p class='ocr_par' dir='ltr' id='par_1_32' title="bbox 1184 2227 1930 2320">
     <span class='ocr_line' id='line_1_99' title="bbox 1233 2227 1930 2277; baseline 0 -13"><span class='ocrx_word' id='word_1_416' title='bbox 1233 2228 1257 2275; x_wconf 57' lang='grc' dir='ltr'>ἦ·</span> <span class='ocrx_word' id='word_1_417' title='bbox 1278 2229 1347 2277; x_wconf 89' lang='lat' dir='ltr'>Ego</span> <span class='ocrx_word' id='word_1_418' title='bbox 1373 2229 1431 2266; x_wconf 90' lang='lat' dir='ltr'>Ier.</span> <span class='ocrx_word' id='word_1_419' title='bbox 1463 2230 1617 2265; x_wconf 86' lang='lat' dir='ltr'>diaconus</span> <span class='ocrx_word' id='word_1_420' title='bbox 1642 2228 1728 2264; x_wconf 90' lang='lat' dir='ltr'>card.</span> <span class='ocrx_word' id='word_1_421' title='bbox 1750 2227 1784 2264; x_wconf 91' lang='lat' dir='ltr'>S.</span> <span class='ocrx_word' id='word_1_422' title='bbox 1813 2227 1930 2264; x_wconf 85' lang='lat' dir='ltr'>Mariae</span> 
     </span>
     <span class='ocr_line' id='line_1_100' title="bbox 1184 2284 1299 2320; baseline 0 -1"><span class='ocrx_word' id='word_1_423' title='bbox 1184 2284 1299 2320; x_wconf 80' lang='lat' dir='ltr'>Norae.</span> 
     </span>
    </p>

    <p class='ocr_par' dir='ltr' id='par_1_33' title="bbox 1182 2337 1929 2597">
     <span class='ocr_line' id='line_1_101' title="bbox 1231 2337 1929 2386; baseline -0.003 -12"><span class='ocrx_word' id='word_1_424' title='bbox 1231 2339 1345 2374; x_wconf 90' lang='lat' dir='ltr'>Datum</span> <span class='ocrx_word' id='word_1_425' title='bbox 1368 2338 1512 2375; x_wconf 88' lang='lat' dir='ltr'>Laterani</span> <span class='ocrx_word' id='word_1_426' title='bbox 1535 2350 1591 2386; x_wconf 86' lang='lat' dir='ltr'>per</span> <span class='ocrx_word' id='word_1_427' title='bbox 1612 2351 1737 2373; x_wconf 91' lang='lat' dir='ltr'>manum</span> <span class='ocrx_word' id='word_1_428' title='bbox 1756 2337 1929 2372; x_wconf 85' lang='lat' dir='ltr'>Hermanni</span> 
     </span>
     <span class='ocr_line' id='line_1_102' title="bbox 1184 2391 1929 2440; baseline -0.003 -12"><span class='ocrx_word' id='word_1_429' title='bbox 1184 2393 1264 2428; x_wconf 85' lang='lat' dir='ltr'>tituli</span> <span class='ocrx_word' id='word_1_430' title='bbox 1285 2392 1418 2429; x_wconf 85' lang='lat' dir='ltr'>Sanctae</span> <span class='ocrx_word' id='word_1_431' title='bbox 1437 2393 1601 2428; x_wconf 90' lang='lat' dir='ltr'>Susannae</span> <span class='ocrx_word' id='word_1_432' title='bbox 1627 2392 1799 2440; x_wconf 84' lang='lat' dir='ltr'>presbyteri</span> <span class='ocrx_word' id='word_1_433' title='bbox 1825 2391 1929 2427; x_wconf 87' lang='lat' dir='ltr'>cardi-</span> 
     </span>
     <span class='ocr_line' id='line_1_103' title="bbox 1184 2447 1928 2495; baseline -0.003 -13"><span class='ocrx_word' id='word_1_434' title='bbox 1184 2447 1273 2488; x_wconf 84' lang='lat' dir='ltr'>nalis,</span> <span class='ocrx_word' id='word_1_435' title='bbox 1301 2460 1330 2482; x_wconf 87' lang='lat' dir='ltr'>v1</span> <span class='ocrx_word' id='word_1_436' title='bbox 1353 2447 1424 2482; x_wconf 91' lang='lat' dir='ltr'>idus</span> <span class='ocrx_word' id='word_1_437' title='bbox 1445 2447 1565 2495; x_wconf 74' lang='lat' dir='ltr'>aprilis,</span> <span class='ocrx_word' id='word_1_438' title='bbox 1592 2447 1763 2482; x_wconf 87' lang='lat' dir='ltr'>indictione</span> <span class='ocrx_word' id='word_1_439' title='bbox 1786 2460 1848 2490; x_wconf 77' lang='lat' dir='ltr'>xrv,</span> <span class='ocrx_word' id='word_1_440' title='bbox 1877 2447 1928 2481; x_wconf 88' lang='lat' dir='ltr'>in-</span> 
     </span>
     <span class='ocr_line' id='line_1_104' title="bbox 1183 2500 1926 2546; baseline -0.004 -9"><span class='ocrx_word' id='word_1_441' title='bbox 1183 2502 1371 2537; x_wconf 86' lang='lat' dir='ltr'>carnationis</span> <span class='ocrx_word' id='word_1_442' title='bbox 1404 2502 1579 2537; x_wconf 87' lang='lat' dir='ltr'>dominicae</span> <span class='ocrx_word' id='word_1_443' title='bbox 1612 2514 1757 2541; x_wconf 70' lang='lat' dir='ltr'>tuccxvrr,</span> <span class='ocrx_word' id='word_1_444' title='bbox 1793 2500 1926 2546; x_wconf 85' lang='lat' dir='ltr'>pontili-</span> 
     </span>
     <span class='ocr_line' id='line_1_105' title="bbox 1182 2554 1924 2597; baseline -0.005 -6"><span class='ocrx_word' id='word_1_445' title='bbox 1182 2566 1269 2592; x_wconf 89' lang='lat' dir='ltr'>catus</span> <span class='ocrx_word' id='word_1_446' title='bbox 1291 2569 1362 2592; x_wconf 78' lang='lat' dir='ltr'>vero</span> <span class='ocrx_word' id='word_1_447' title='bbox 1384 2556 1490 2591; x_wconf 87' lang='lat' dir='ltr'>domni</span> <span class='ocrx_word' id='word_1_448' title='bbox 1514 2556 1680 2591; x_wconf 84' lang='lat' dir='ltr'>Alexandri</span> <span class='ocrx_word' id='word_1_449' title='bbox 1700 2555 1762 2589; x_wconf 87' lang='lat' dir='ltr'>PP.</span> <span class='ocrx_word' id='word_1_450' title='bbox 1780 2554 1832 2597; x_wconf 79' lang='lat' dir='ltr'>Ill,</span> <span class='ocrx_word' id='word_1_451' title='bbox 1856 2566 1924 2588; x_wconf 78' lang='lat' dir='ltr'>vm.</span> 
     </span>
    </p>
   </div>
   <div class='ocr_carea' id='block_1_14' title="bbox 1415 866 1942 915">
    <p class='ocr_par' dir='ltr' id='par_1_34' title="bbox 1415 866 1942 915">
     <span class='ocr_line' id='line_1_106' title="bbox 1415 866 1942 915; baseline 0 -14"><span class='ocrx_word' id='word_1_452' title='bbox 1415 894 1441 901; x_wconf 92' lang='lat'>..</span> <span class='ocrx_word' id='word_1_453' title='bbox 1465 867 1569 915; x_wconf 89' lang='lat' dir='ltr'>presb.</span> <span class='ocrx_word' id='word_1_454' title='bbox 1597 866 1681 902; x_wconf 88' lang='lat' dir='ltr'>card.</span> <span class='ocrx_word' id='word_1_455' title='bbox 1705 866 1786 902; x_wconf 91' lang='lat' dir='ltr'>tituli</span> <span class='ocrx_word' id='word_1_456' title='bbox 1807 866 1942 901; x_wconf 89' lang='lat' dir='ltr'>Sanctae</span> 
     </span>
    </p>
   </div>
   <div class='ocr_carea' id='block_1_15' title="bbox 1237 2620 1868 2713">
    <p class='ocr_par' dir='ltr' id='par_1_35' title="bbox 1237 2620 1868 2713">
     <span class='ocr_line' id='line_1_107' title="bbox 1237 2620 1868 2663; baseline -0.006 -9"><span class='ocrx_word' id='word_1_457' title='bbox 1237 2623 1297 2654; x_wconf 84' lang='lat' dir='ltr'>Dat.</span> <span class='ocrx_word' id='word_1_458' title='bbox 1316 2624 1362 2654; x_wconf 86' lang='lat' dir='ltr'>die</span> <span class='ocrx_word' id='word_1_459' title='bbox 1384 2624 1402 2653; x_wconf 85' lang='lat'><em>8</em></span> <span class='ocrx_word' id='word_1_460' title='bbox 1424 2623 1525 2663; x_wconf 85' lang='lat' dir='ltr'>aprilis</span> <span class='ocrx_word' id='word_1_461' title='bbox 1548 2632 1624 2652; x_wconf 90' lang='lat' dir='ltr'>anno</span> <span class='ocrx_word' id='word_1_462' title='bbox 1645 2621 1759 2652; x_wconf 89' lang='lat' dir='ltr'>Domini</span> <span class='ocrx_word' id='word_1_463' title='bbox 1783 2620 1868 2655; x_wconf 74' lang='lat'>1167,</span> 
     </span>
     <span class='ocr_line' id='line_1_108' title="bbox 1417 2673 1687 2713; baseline -0.007 -10"><span class='ocrx_word' id='word_1_464' title='bbox 1417 2673 1520 2713; x_wconf 83' lang='lat' dir='ltr'>pontis.</span> <span class='ocrx_word' id='word_1_465' title='bbox 1537 2682 1613 2702; x_wconf 88' lang='lat' dir='ltr'>anno</span> <span class='ocrx_word' id='word_1_466' title='bbox 1627 2680 1687 2702; x_wconf 85' lang='lat' dir='ltr'>vm.</span> 
     </span>
    </p>
   </div>
   <div class='ocr_carea' id='block_1_16' title="bbox 1960 270 2180 314">
    <p class='ocr_par' dir='ltr' id='par_1_36' title="bbox 1960 270 2180 314">
     <span class='ocr_line' id='line_1_109' title="bbox 1960 270 2180 314; baseline 0 -16"><span class='ocrx_word' id='word_1_467' title='bbox 1960 271 2011 299; x_wconf 74' lang='lat' dir='ltr'>An.</span> <span class='ocrx_word' id='word_1_468' title='bbox 2029 270 2140 299; x_wconf 77' lang='lat' dir='ltr'>c.1167</span> <span class='ocrx_word' id='word_1_469' title='bbox 2179 311 2180 314; x_wconf 13' lang='grc' dir='ltr'><strong>Ἴ</strong></span> 
     </span>
    </p>
   </div>
   <div class='ocr_carea' id='block_1_17' title="bbox 1959 335 2138 389">
    <p class='ocr_par' dir='ltr' id='par_1_37' title="bbox 1959 335 2138 389">
     <span class='ocr_line' id='line_1_110' title="bbox 1959 335 2138 359; baseline -0.011 -1"><span class='ocrx_word' id='word_1_470' title='bbox 1959 341 1980 358; x_wconf 78' lang='lat' dir='ltr'>et</span> <span class='ocrx_word' id='word_1_471' title='bbox 1995 337 2015 358; x_wconf 91' lang='lat' dir='ltr'>S.</span> <span class='ocrx_word' id='word_1_472' title='bbox 2037 335 2060 357; x_wconf 82' lang='lat' dir='ltr'>R.</span> <span class='ocrx_word' id='word_1_473' title='bbox 2080 335 2138 359; x_wconf 82' lang='lat' dir='ltr'>Eccl.</span> 
     </span>
     <span class='ocr_line' id='line_1_111' title="bbox 1981 367 2118 389; baseline -0.007 0"><span class='ocrx_word' id='word_1_474' title='bbox 1981 367 2118 389; x_wconf 79' lang='lat' dir='ltr'>cardinalium</span> 
     </span>
    </p>
   </div>
   <div class='ocr_carea' id='block_1_18' title="bbox 1959 398 2180 459">
    <p class='ocr_par' dir='ltr' id='par_1_38' title="bbox 1959 398 2180 459">
     <span class='ocr_line' id='line_1_112' title="bbox 1959 398 2136 423; baseline 0 -4"><span class='ocrx_word' id='word_1_475' title='bbox 1959 398 2136 423; x_wconf 69' lang='lat' dir='ltr'>subscriptiones.</span> 
     </span>
     <span class='ocr_line' id='line_1_113' title="bbox 2179 437 2180 459; baseline 0 0"><span class='ocrx_word' id='word_1_476' title='bbox 2179 437 2180 459; x_wconf 86' lang='lat' dir='ltr'>l</span> 
     </span>
    </p>
   </div>
   <div class='ocr_carea' id='block_1_19' title="bbox 2157 702 2180 3205">
    <p class='ocr_par' dir='ltr' id='par_1_39' title="bbox 2157 702 2180 3205">
     <span class='ocr_line' id='line_1_114' title="bbox 2157 702 2180 3205; baseline 0 0"><span class='ocrx_word' id='word_1_477' title='bbox 2157 702 2180 3205; x_wconf 95' lang='lat' dir='ltr'> </span> 
     </span>
    </p>
   </div>
  </div>
 </body>
</html>
