2180 3205
128 245 178 272 An.
200 244 226 271 C.
245 241 314 271 1133

158 737 203 758 lura
239 735 315 757 omnia,

134 1479 153 1497 et
175 1477 230 1497 bona
251 1476 319 1497 cidem

134 1504 289 1524 confirmantur:

134 1963 270 1984 Nominantur
283 1964 320 1984 ali-

135 1995 175 2016 qua
192 1990 254 2011 bona.

389 211 459 245 596

339 277 440 311 simus
473 271 678 319 argumentis.
718 268 850 304 Accedit
882 268 920 303 ad
950 269 1010 303 hoc
1038 276 1112 303 tua=

340 324 530 359 familiaritas
564 329 595 355 et
621 319 760 363 dileetio,
791 317 977 352 venerabilis
999 317 1092 352 frater

340 374 457 408 Uberte
479 369 729 416 archiepiscope,
747 380 841 415 quem
861 367 902 401 ob
920 367 1089 414 specialem

341 420 586 467 praerogativam
597 417 635 453 ad
647 418 788 464 regimen
798 416 960 451 Ecclesiae
975 416 1091 451 Beatae

340 471 454 505 Mariae
475 480 600 515 semper
621 467 771 513 Virginis,
799 466 850 500 cui
878 464 944 500 Deo
963 473 1091 500 auctore

341 519 511 566 praesides,
539 518 577 553 de
604 517 723 563 gremio
750 515 843 550 Sedis
869 514 1113 561 Apostolicae,÷

339 582 377 604 ex
413 580 525 614 magna
559 565 753 612 benignitate
787 564 1021 604 concessimus,
1061 570 1092 597 et

341 617 494 665 propriis,
526 624 687 662 tamquam
720 613 802 648 beati
826 613 909 647 Petri
933 612 1091 656 manibus,

340 665 615 714 archiepiscopalis
651 663 812 709 dignitatis
837 661 933 696 infula
961 661 1114 696 decora-=

341 717 455 751 vimus.
501 715 564 750 Pro
606 713 722 760 quibus
757 711 907 747 omnibus
947 710 1091 745 eamdem

341 765 497 813 praefatae
518 764 576 798 Dei
599 762 768 797 Genitricis
795 760 927 795 domum
948 759 1092 806 ampliori

340 816 440 862 gratia
461 822 492 849 et
519 812 737 848 benevolentia
771 809 899 856 dignam
926 808 992 844 fore
1014 820 1093 843 cen-

341 876 465 908 semus,
484 870 515 898 et
536 874 609 898 cum
644 860 792 895 omnibus
827 858 865 894 ad
893 870 961 893 eam
991 857 1092 905 perti-

341 913 501 953 nentibus,
529 910 704 960 praesentis
725 908 833 955 scripti
863 908 976 955 pagina
997 919 1093 941 com-
1113 929 1116 943 ι

342 963 514 997 munimus.
540 960 576 995 ln
599 959 709 1007 primis
727 957 887 1004 siquidem
909 963 1092 1001 statuentes,

343 1021 375 1046 ut
396 1012 537 1046 decimae
563 1008 670 1044 Pisani
693 1007 907 1054 episcopatus,
931 1017 1012 1052 quae
1034 1004 1092 1039 sibi

343 1066 529 1108 competunt
545 1057 721 1093 secundum
739 1063 921 1090 sanctorum
936 1066 1092 1089 canonum

343 1157 513 1205 episcopali
536 1156 623 1200 sede,
645 1167 680 1190 ac
701 1154 836 1201 praefata
854 1153 912 1188 Dei
926 1152 1095 1187 Genitricis

345 1269 431 1301 nare,
453 1265 483 1291 et
505 1255 620 1290 ibidem
643 1253 813 1288 canonicos
834 1251 1041 1287 constituere:
1065 1258 1096 1284 et

344 1356 520 1402 corripere:
548 1366 602 1388 seu
630 1352 705 1387 alias
733 1351 858 1398 plebes,
886 1349 933 1384 vel
960 1348 1096 1395 capellas

345 1414 415 1440 luas
437 1404 605 1450 disponere
632 1401 840 1436 nibilominus
862 1399 976 1434 habeas
999 1397 1097 1432 facul-

346 1463 453 1490 tatem.
475 1452 686 1488 Decernimus
703 1450 808 1490 etiam,
831 1457 865 1483 ut
882 1458 1097 1495 quascumque

348 1503 575 1550 possessiones,
599 1510 818 1548 quaecumque
839 1498 933 1541 bona,
961 1496 1097 1544 praefata

347 1553 384 1587 B.
418 1552 535 1586 Mariae
566 1550 699 1585 ecclesia
720 1549 752 1582 in
781 1559 929 1594 praesens
956 1546 1037 1580 iuste
1068 1552 1099 1579 et

347 1601 498 1636 canonice
520 1598 678 1646 possidet,
705 1604 758 1632 aut
793 1597 824 1630 in
852 1596 992 1630 futurum
1015 1606 1098 1629 con—

348 1651 492 1686 cessione
519 1648 722 1688 Pontificum,
745 1645 909 1691 largitione
928 1656 1035 1690 regum
1051 1643 1098 1677 vel

348 1700 542 1747 principum,
575 1697 733 1732 oblatione
760 1695 917 1734 fidelium,
944 1706 1001 1728 seu
1031 1692 1100 1727 aliis

349 1750 439 1784 iustis
461 1747 576 1791 modis,
606 1753 783 1794 praestante
805 1744 961 1783 Domino,
985 1742 1100 1789 poterit

348 1798 494 1846 adipisci,
521 1797 610 1831 firma
634 1795 687 1830 uhi
711 1794 835 1840 tuisque
862 1791 1101 1827 successoribus

350 1849 582 1894 imperpetuum
610 1853 640 1879 et
667 1843 783 1878 illibata
819 1848 1031 1889 permaneant.
1064 1840 1100 1874 In

349 1897 467 1944 quibus
488 1896 567 1930 haec
584 1893 718 1941 propriis
733 1892 881 1926 duximus
896 1889 1102 1938 exprimenda

351 1945 524 1990 vocabulis,
548 1944 707 1978 videlicet:
742 1949 877 1976 castrum
905 1940 944 1974 de
965 1939 1101 1982 Cucilla,

351 2002 486 2030 castrum
510 2001 540 2028 et
562 2000 650 2027 curte
672 1992 711 2026 de
726 1990 940 2028 Locentliana,
963 1996 1100 2023 castrum

351 2052 381 2079 et
395 2052 481 2079 curte
499 2045 544 2087 (1)
561 2043 599 2077 de
618 2041 732 2076 Sancta
761 2039 874 2080 Lucia,
901 2045 1037 2073 castrum
1072 2044 1102 2071 et

351 2101 439 2129 curte
467 2092 505 2127 de
527 2090 766 2130 Monte-Calvo,
789 2097 852 2123 tres
883 2095 987 2135 partes
1008 2086 1102 2121 castri

353 2151 382 2177 et
404 2142 489 2190 pogii
510 2141 549 2176 de
570 2139 790 2187 Ripasticaria,
813 2149 924 2172 novem
944 2144 1048 2184 partes
1063 2135 1103 2170 de

353 2190 589 2238 quatuordecim
619 2188 761 2236 partibus
791 2186 909 2222 castelli
943 2194 974 2220 et
1007 2185 1104 2220 curtis

353 2242 392 2276 de
418 2240 539 2275 Bellora
566 2247 597 2273 et
631 2238 778 2281 Bocello,
805 2236 948 2283 quintam
983 2241 1102 2282 partem

354 2290 446 2325 castri
469 2289 508 2324 de
530 2287 698 2334 Segalare,
732 2286 810 2321 duas
838 2292 940 2332 partes
961 2283 1053 2319 castri
1075 2290 1106 2318 et

354 2339 451 2373 curtis
473 2339 511 2373 de
537 2337 720 2377 Plumbino,
748 2335 896 2383 placitum
920 2341 950 2369 et
981 2333 1105 2367 fodrum

355 2388 394 2422 de
417 2387 515 2431 Vada,
537 2387 687 2434 placitum
709 2392 741 2420 et
763 2384 886 2419 fodrum
909 2383 948 2417 de
964 2382 1108 2427 Zasigna-

356 2448 413 2480 na,
435 2445 571 2471 castrum
591 2443 622 2470 et
640 2442 760 2469 curtem
784 2433 823 2468 de
845 2432 931 2471 Gari,
953 2431 1108 2466 medieta-

391 2493 430 2527 (1)
450 2493 545 2524 Curta,
562 2496 647 2523 curte,
660 2494 755 2523 curtis,
772 2493 864 2522 cortis,
880 2488 1058 2524 scriptoribus
1069 2489 1109 2514 in-

356 2527 460 2555 ferioris
475 2528 543 2560 aevi,
561 2531 600 2553 est
620 2527 692 2558 villa,
714 2527 842 2552 habitatio
860 2525 956 2552 rustica
972 2524 1108 2555 aediliciis,

356 2563 465 2595 colonis,
482 2563 576 2594 servis,
594 2563 672 2596 agris,
693 2562 824 2596 personis,
842 2564 892 2588 etc.
910 2560 943 2587 ad
954 2567 1010 2587 rem
1030 2567 1109 2594 agre—

357 2603 426 2626 stem
436 2598 593 2627 fecessariis
606 2598 746 2624 instructa.
773 2596 800 2631 (n
829 2596 868 2631 T.)

931 213 1118 238 BULLARmM
1147 213 1310 237 ROMANUrt.

1132 276 1194 303 tem
1224 268 1315 303 castri
1344 275 1375 303 et
1401 267 1497 303 curtis
1519 269 1559 303 de
1583 268 1698 314 Ceule,
1732 268 1884 304 medieta-

1132 325 1195 352 tem
1218 318 1310 352 castri
1334 326 1363 351 et
1391 318 1487 352 curtis
1509 317 1549 352 de
1570 317 1780 365 Lucagnano,
1816 319 1885 366 pla-

1132 367 1228 401 citum
1257 374 1287 401 et
1323 367 1446 401 fodrum
1478 367 1517 401 de
1544 366 1638 408 Buti,
1676 367 1824 413 placitum
1855 375 1885 402 et

1133 415 1256 450 fodrum
1276 416 1314 451 de
1335 416 1424 456 Vico,
1448 422 1570 450 curtem
1586 415 1625 450 de
1648 415 1804 455 Plentina,
1825 416 1887 463 pla-

1133 466 1229 500 citum
1253 473 1283 499 et
1306 465 1428 500 fodrum
1442 465 1550 500 Sancti
1571 464 1719 499 Iohannis
1735 465 1772 499 de
1785 465 1884 506 Vena,

1132 514 1261 549 Sanfam
1301 527 1417 549 novum
1453 522 1483 549 et
1516 523 1623 555 vetus,
1650 522 1786 548 castrum
1814 515 1885 561 epi-

1133 564 1259 610 scopale
1280 563 1319 598 de
1336 563 1453 599 Calche
1475 576 1547 598 cum
1569 570 1657 598 curte
1672 575 1740 603 sua,
1763 571 1885 597 curtem

1133 612 1172 647 de
1198 613 1336 659 Papiana
1358 625 1428 647 cum
1456 613 1522 647 suis
1545 612 1756 659 pertinentiis,
1778 622 1886 647 tumu-

1134 662 1198 696 lum
1225 662 1264 696 ab
1291 662 1378 696 Arno
1402 674 1501 709 usque
1523 662 1561 696 ad
1582 671 1742 707 stagnum,
1765 673 1782 696 a
1804 670 1886 696 terra

1134 711 1269 746 filiorum
1291 711 1434 746 Dodonis
1460 720 1490 746 et
1511 710 1701 757 Castagnolo
1727 723 1826 758 usque
1844 710 1883 745 ad

1135 772 1232 804 mare,
1246 768 1276 795 et
1294 773 1309 794 a
1331 760 1450 795 Solatio
1465 772 1564 807 usque
1583 760 1621 795 ad
1638 772 1734 801 mare,
1756 760 1883 794 tertium

1135 809 1166 843 in
1189 817 1299 856 stagno
1322 810 1472 856 positum,
1505 818 1643 844 castrum
1669 817 1699 843 et
1725 817 1814 844 curte
1846 809 1885 844 de

1135 858 1291 900 Livorna,
1320 866 1457 894 castrum
1492 866 1523 893 et
1549 866 1638 894 curte
1671 858 1711 893 de
1745 858 1887 893 Uriliano

1135 908 1272 954 positum
1313 920 1410 954 prope
1446 908 1617 943 Chesinam
1631 935 1639 951 ,
1685 907 1885 942 medietatem

1135 956 1227 991 castri
1249 965 1279 991 et
1306 957 1403 991 curtis
1425 956 1580 998 Callirire,
1609 966 1745 992 castrum
1766 965 1796 992 et
1814 968 1888 991 cur-

1137 1013 1199 1040 tem
1222 1006 1260 1040 de
1277 1005 1420 1050 Rioiaco,
1443 1014 1556 1040 terram
1579 1005 1774 1041 Ubertinam.
1797 1005 1890 1040 Prae-

1114 1068 1116 1094 ξ
1137 1062 1219 1089 terea
1244 1054 1351 1102 plebes
1378 1054 1532 1102 praefatae
1558 1054 1614 1089 Dei
1638 1054 1808 1090 Genitricis
1824 1055 1888 1089 Ec-

346 1111 502 1144 instituta:
537 1107 686 1142 honestas
723 1117 851 1152 quoque
884 1115 1034 1151 personas
1062 1103 1116 1137 in=

1137 1104 1250 1138 clesiae
1277 1104 1490 1151 pertinentes,
1514 1104 1573 1139 sibi
1607 1105 1736 1150 suisque
1758 1116 1888 1139 succes-

1115 1153 1262 1199 ¹soribus
1290 1153 1499 1188 nibilominus
1533 1153 1772 1194 confirmamus;
1805 1153 1889 1188 vide-

343 1208 484 1243 Ecclesia
511 1207 593 1241 iuxta
624 1203 801 1240 sanctiones
833 1214 991 1237 canonum
1013 1201 1117 1236 ordi-1

1138 1202 1210 1237 licet
1243 1202 1368 1250 plebem
1403 1203 1442 1237 de
1464 1202 1638 1237 Caleinaria
1671 1214 1741 1237 cum
1770 1202 1888 1249 capella

1115 1282 1117 1299 ἶ
1137 1251 1242 1286 Sancti
1266 1252 1377 1299 Angeli
1411 1252 1449 1286 de
1471 1251 1640 1292 Travalda,
1674 1251 1825 1298 capellam
1849 1251 1888 1286 de

344 1318 436 1353 quae,
455 1305 572 1340 ibidem
589 1303 703 1338 suerint
721 1300 919 1347 corrigenda,
943 1300 1095 1334 canonice
1116 1304 1117 1321 ³

1139 1300 1261 1347 Rupida
1284 1313 1354 1335 cum
1378 1301 1495 1348 capella
1519 1301 1558 1335 de
1580 1300 1749 1335 planthule
1775 1308 1890 1335 etom-

1138 1350 1231 1384 nibus
1253 1350 1321 1385 aliis
1343 1350 1473 1397 capellis
1499 1350 1602 1384 eidem
1627 1349 1709 1396 plebi
1734 1349 1891 1396 pertinen-

1138 1399 1234 1439 tibus,
1259 1400 1380 1446 plebem
1403 1399 1442 1434 de
1459 1399 1533 1434 Buti
1552 1411 1624 1434 cum
1643 1399 1762 1446 capella
1782 1398 1888 1434 Sancti

1138 1448 1234 1482 Marci
1262 1449 1301 1483 de
1327 1448 1504 1483 Submonte
1536 1460 1609 1483 cum
1644 1448 1795 1483 omnibus
1821 1448 1891 1482 aliis

1139 1498 1204 1532 suis
1226 1497 1367 1544 capellis,
1390 1497 1513 1544 plebem
1531 1497 1563 1532 S.
1577 1497 1726 1531 Iohannis
1745 1497 1784 1532 de
1801 1497 1889 1532 Vena

1139 1558 1211 1581 cum
1234 1547 1382 1581 omnibus
1398 1547 1464 1581 suis
1486 1546 1625 1593 capellis,
1637 1546 1759 1593 plebem
1777 1546 1817 1581 de
1832 1545 1890 1581 Ca-

1139 1596 1226 1630 scina
1253 1608 1325 1631 cum
1344 1595 1490 1630 omnibus
1511 1596 1578 1630 suis
1599 1595 1739 1642 capellis,
1762 1595 1886 1641 plebem

1140 1644 1173 1680 S.
1202 1644 1346 1680 Cassiani
1378 1657 1450 1680 cum
1477 1644 1624 1679 omuibus
1650 1645 1716 1679 suis
1744 1645 1889 1691 capellis,

1142 1694 1264 1741 plebem
1293 1694 1326 1730 S.
1354 1694 1450 1729 luliae
1475 1707 1546 1728 cum
1569 1693 1717 1728 omnibus
1744 1695 1809 1728 suis
1836 1706 1890 1728 ca-

1142 1743 1252 1790 pellis,
1280 1743 1404 1791 plebem
1437 1743 1477 1778 de
1511 1742 1596 1778 Calci
1635 1755 1708 1777 cum
1741 1742 1891 1777 omnibus

1141 1793 1208 1827 suis
1230 1793 1369 1840 capellis,
1397 1792 1519 1840 plebem
1536 1792 1574 1827 de
1589 1792 1726 1826 Asciano
1741 1804 1812 1827 cum
1829 1804 1890 1826 om-

1143 1842 1235 1876 nibus
1271 1842 1419 1888 capellis,
1456 1841 1579 1888 plebem
1613 1841 1651 1875 de
1685 1841 1890 1876 Massazuculi

1141 1903 1213 1925 cum
1236 1892 1353 1937 capella
1378 1890 1412 1925 S.
1440 1890 1580 1937 Agatbae
1607 1897 1638 1924 et
1658 1889 1767 1930 Clatri,
1790 1891 1893 1937 capel-

1143 1939 1202 1974 lam
1225 1940 1259 1975 S.
1275 1940 1422 1987 Prosperi
1441 1940 1480 1974 de
1502 1940 1657 1980 Bozzano,
1680 1939 1831 1986 capellam
1851 1938 1891 1973 de

1142 1989 1284 2024 Balbano
1306 2002 1378 2024 cum
1401 1989 1547 2024 omnibus
1568 1989 1634 2023 suis
1661 1987 1733 2023 aliis
1751 1987 1892 2035 capellis,

1144 2038 1267 2085 plebem
1295 2038 1335 2074 de
1364 2038 1474 2073 Avone
1496 2050 1568 2073 cum
1596 2045 1668 2079 etc„
1702 2037 1825 2084 plebem
1853 2036 1894 2071 de

1144 2088 1297 2133 Pugnauo
1314 2100 1384 2123 cum
1401 2087 1519 2134 capella
1537 2087 1578 2122 de
1600 2086 1718 2121 Laiano
1731 2099 1802 2121 cum
1820 2095 1892 2130 etc„

1146 2137 1269 2184 plebem
1297 2137 1336 2172 de
1361 2137 1499 2179 Ruiulo,
1535 2136 1656 2182 plebem
1692 2135 1730 2170 de
1766 2135 1892 2177 Arena,

1145 2186 1309 2221 ecclesiam
1343 2186 1378 2221 S.
1411 2186 1531 2220 Nicolai
1553 2186 1591 2220 de
1614 2185 1743 2229 Patino,
1766 2184 1891 2231 plebem

1146 2235 1185 2270 de
1198 2235 1347 2280 Livorna,
1371 2235 1493 2281 plebem
1508 2234 1546 2269 de
1560 2234 1712 2269 Larzenta
1734 2246 1805 2268 cum
1819 2241 1893 2274 etc.,

1149 2285 1271 2331 plebem
1294 2285 1332 2319 de
1364 2284 1499 2319 Limone
1520 2296 1590 2318 cum
1618 2290 1690 2322 etc„
1715 2283 1837 2330 plebem
1860 2281 1893 2317 S.

1147 2334 1307 2369 Laurentii
1330 2333 1369 2368 de
1399 2333 1497 2368 Patha
1519 2345 1591 2367 cum
1617 2340 1690 2375 etc.,
1717 2331 1840 2379 plebem
1859 2330 1894 2365 S.

1148 2384 1260 2429 Angeli
1281 2395 1354 2418 cum
1376 2390 1448 2423 etc,
1475 2381 1599 2429 plebem
1626 2381 1664 2415 de
1679 2380 1834 2423 Pomaria,
1865 2387 1896 2414 et

1150 2440 1256 2467 monte
1290 2431 1373 2467 Vaso
1403 2439 1434 2466 et
1468 2430 1615 2466 omnibus
1648 2429 1777 2477 capellis
1810 2429 1896 2473 suis,

1151 2482 1275 2529 plebem
1308 2481 1347 2516 de
1372 2480 1554 2527 Rosignano
1576 2491 1647 2514 cum
1672 2487 1744 2518 etc„
1771 2477 1897 2524 plebem

1151 2531 1190 2566 de
1217 2530 1303 2565 Vada
1325 2543 1397 2564 cum
1425 2537 1498 2569 ete,
1519 2528 1643 2576 plebem
1671 2527 1709 2562 de
1734 2526 1899 2574 Ripabella

1153 2592 1225 2615 cum
1260 2579 1391 2615 eeclesia
1423 2578 1457 2613 S.
1485 2578 1661 2626 Perpetuae
1687 2583 1718 2612 et
1743 2576 1899 2612 territorio

1908 216 1956 244 An.
1978 216 2006 244 C.
2023 217 2090 245 1133
