2180 3205
195 255 244 278 Au.
257 254 286 277 tl.
308 252 371 277 1157

206 1449 229 1470 lu
250 1450 379 1476 episcopati-

194 1484 231 1500 tivi<
242 1481 377 1506 hanoniensi,

195 1510 334 1536 ferrariensi,

209 1994 327 2018 Crrvisusi,
338 1993 380 2013 Ce-

198 2031 262 2044 senae
286 2028 307 2045 et
331 2025 381 2045 Art-

200 2057 289 2076 minensi
306 2059 346 2076 etc.

439 243 510 273 Gli)

392 307 623 347 tenimentum,
661 303 745 349 qnod
785 302 907 336 habetis
947 302 976 335 iu
1013 301 1137 341 Gunl'o,

390 355 536 394 Fossnla,
563 353 727 399 Vigazolo,
756 352 868 394 Flexo,
896 350 1081 392 Baitai-zoio,
1109 358 1139 385 et

391 405 568 438 Biancana:
610 401 758 448 quicquid
800 400 922 434 habetis
949 400 977 434 in
1006 400 1138 434 ecelesia

391 453 495 487 Sancti
538 451 633 495 Petri,
672 459 701 485 et
728 450 835 485 Sancti
863 449 1051 483 Salvatoris:
1082 449 1139 483 bo-

390 502 503 543 mincs,
533 499 763 543 molendinum,
790 507 821 533 et
847 498 1036 537 domnicata,
1059 510 1139 544 quae

390 559 463 585 sunt
492 549 591 596 posita
620 549 649 582 in
674 548 822 582 Albereto
845 560 881 582 ex
905 555 1035 594 utraque
1053 555 1139 593 parte

248 616 253 628 ι
278 615 346 627 mm...
366 617 374 625 =
392 599 546 634 fluminis:
567 597 716 644 quiequid
740 597 863 631 habetis
878 597 909 630 in
928 604 1016 630 curte
1031 595 1138 630 Sancti

249 646 266 689 ἶ
288 646 338 689 ,[,ᾎζ
357 649 375 683 -ζ
391 648 512 692 Basilii,
540 655 569 682 et
596 647 760 682 ecclesiam
780 646 886 680 Sancti
902 645 986 679 Petri
1007 646 1037 679 in
1055 645 1140 679 Pon-

391 697 494 732 tieello
513 709 584 731 cum
609 695 864 742 possessionibus
882 694 962 729 suis:
984 695 1139 734 homines,

390 755 419 781 et
447 746 650 788 dominicata,
672 757 752 791 quae
779 752 854 779 sunt
881 744 979 790 posita
1008 743 1038 777 in
1061 743 1142 777 Pon-

390 795 495 830 ticello
513 804 541 830 et
558 794 731 829 Abrutiano
746 806 817 829 cum
837 793 902 827 suis
919 792 1038 827 fundis:
1059 793 1140 839 quic—

390 845 463 892 quid
493 844 615 879 liabetis
646 844 675 877 in
703 843 825 878 civitate
852 842 1010 880 Faventia,
1041 849 1140 876 totum

390 893 522 928 fundum
550 892 693 927 Visiliani
716 900 746 927 et
767 891 900 935 Cerreti,
922 900 1041 925 curtem
1066 891 1141 924 Avi-

389 943 463 978 liani
488 955 560 977 cum
597 942 746 977 omnibus
774 940 970 988 pertinentiis
992 940 1078 984 suis,
1111 948 1141 974 et

390 1004 470 1039 quae
491 999 564 1026 sunt
578 992 676 1038 posita
693 992 868 1037 inutraque
883 997 968 1036 parte
983 989 1139 1024 fluminis:

390 1041 554 1076 ecclesian)
577 1041 682 1075 Sancti
711 1040 794 1075 Petri
830 1040 860 1073 in
892 1038 1046 1073 Casaliclo
1068 1051 1140 1072 cum

391 1089 645 1138 possessionibus
673 1090 750 1130 suis,
783 1100 864 1135 quae
885 1095 932 1122 est
961 1088 991 1121 in
1019 1087 1142 1133 episco-

391 1148 465 1187 patu
499 1139 713 1174 Corneliensi:
755 1137 905 1185 quicquid
951 1136 1072 1171 babetis
1111 1137 1139 1170 in

391 1189 539 1223 comitatu
563 1187 674 1222 Cunii:
699 1187 850 1234 quicquid
883 1186 1005 1220 habetis
1034 1187 1063 1219 iu
1087 1198 1142 1221 co—

391 1238 501 1272 mitatu
542 1236 799 1283 Bagnacaballis,
834 1235 998 1270 ecclesiam
1034 1234 1140 1269 Sancti

390 1286 531 1321 Gervasii
565 1294 595 1321 et
629 1286 760 1320 Protasii
788 1297 859 1320 cum
889 1284 1142 1331 possessionibus

390 1336 473 1371 suis:
494 1336 522 1370 in
546 1336 729 1382 episcopatu
754 1334 947 1368 Bononiensi
976 1333 1140 1368 ecclesiam

391 1385 499 1420 Sancti
523 1385 682 1420 Laurentii
701 1385 731 1418 in
748 1383 861 1418 Galera
875 1395 946 1417 cum
965 1383 1142 1429 possessio-

392 1434 502 1469 nibus:
533 1435 562 1468 in
590 1434 774 1480 episcopatu
806 1432 1001 1467 Ferrariensi
1034 1432 1142 1466 eccle-

392 1484 469 1518 siam
505 1483 612 1518 Sancti
642 1482 750 1517 Vitalis
788 1494 859 1516 cum
888 1480 1142 1528 possessionibus

393 1533 470 1573 suis,
492 1541 613 1567 curtem
640 1531 747 1566 Sancti
771 1530 932 1565 Laurentii
956 1530 986 1564 in
1009 1529 1142 1564 Scornio

393 1594 464 1616 curn
492 1581 642 1616 omnibus
677 1579 931 1626 possessionibus
953 1580 1036 1618 suis3
1064 1591 1143 1625 quae

393 1630 498 1665 omnia
533 1638 607 1665 suut
641 1631 740 1677 posita
776 1629 805 1663 in
842 1628 997 1662 territorio
1023 1627 1143 1661 Ferra-

394 1680 487 1714 riensi
512 1688 541 1714 et
559 1679 763 1714 Adrianensi:
787 1677 938 1725 quiequid
967 1676 1087 1711 habetis
1112 1677 1142 1711 in

394 1729 518 1763 civitate
545 1730 719 1774 Argentea,
756 1728 857 1771 terris,
892 1726 992 1773 aquis,
1020 1725 1144 1772 paludi-

394 1778 454 1812 bus
489 1785 519 1812 et
559 1776 786 1825 piscationibus
819 1788 856 1810 ex
891 1783 1024 1822 utraque
1060 1782 1144 1821 parte

394 1827 487 1861 Patliz
521 1827 553 1860 in
580 1827 762 1873 episcopatu
789 1824 964 1865 Cei-riensi,
994 1823 1144 1870 quicquid

394 1876 529 1917 habetis,
549 1884 612 1910 tam
634 1876 665 1910 in
688 1875 795 1909 salinis
812 1886 905 1920 quam
929 1873 958 1907 in
982 1872 1144 1914 aedificiis,

394 1925 560 1960 ecclesiam
583 1924 690 1959 Sancti
713 1923 872 1958 Theodori
902 1935 974 1957 cum
997 1922 1145 1957 omnibus

397 1974 652 2021 possessionibus
684 1974 761 2017 suis,
784 1981 845 2007 tam
874 1972 904 2005 in
933 1971 1022 2006 terris
1049 1983 1143 2018 quam

396 2025 427 2058 in
456 2024 564 2065 vineis,
592 2023 678 2057 silvis
700 2031 730 2057 et
757 2021 935 2069 paludibus,
971 2032 1050 2067 quae
1076 2032 1146 2054 om-

396 2075 448 2108 nia
469 2080 544 2108 sunt
567 2072 666 2120 posita
688 2072 718 2106 in
737 2071 918 2118 episcopatu
943 2069 1088 2104 Cervien.
1117 2077 1147 2104 et

397 2124 429 2157 in
456 2122 636 2169 episcopatu
659 2121 812 2161 Cesenae,
839 2119 992 2166 quicquid
1026 2118 1147 2153 habetis

398 2171 431 2206 in
453 2180 540 2206 curte
555 2171 687 2214 Saliani,
701 2178 731 2205 et
750 2170 779 2203 in
794 2169 976 2216 episcopatu
993 2167 1147 2208 Cesenae,

399 2221 432 2255 in
459 2221 641 2267 episcopatu
668 2220 842 2253 Ariminen.
865 2217 1030 2252 ecclesiam
1059 2216 1148 2251 San-

399 2277 467 2304 ctae
501 2270 615 2304 Mariae
651 2268 680 2302 in
714 2267 867 2302 Gauriolo
903 2278 974 2301 cum
1001 2265 1149 2300 omnibus

402 2319 656 2365 possessionibus
677 2318 754 2356 suis,
777 2316 875 2360 silvis,
903 2315 980 2362 ripis
998 2324 1028 2350 et
1055 2327 1150 2349 mon-

402 2367 503 2402 tibus:
532 2367 682 2415 quicquid
718 2366 840 2401 habetis
867 2366 899 2399 in
935 2364 1046 2400 eodem
1079 2363 1150 2410 epi-

402 2428 545 2463 scopatu,
578 2417 609 2450 in
646 2415 737 2463 plebe
763 2415 871 2450 Sancti
894 2412 1097 2459 Archangeli,
1119 2420 1149 2447 et

404 2466 434 2499 in
465 2466 555 2512 plebe
577 2465 683 2500 Sancti
712 2464 787 2503 Viti,
816 2471 952 2498 castrum
974 2461 1148 2508 Marignani

404 2526 475 2548 cum
502 2514 632 2549 ecclesia
654 2513 758 2548 Sancti
781 2513 907 2547 Ioannis
928 2519 958 2546 et
979 2523 1051 2546 cum
1075 2522 1150 2545 om-

404 2563 499 2597 nibus
525 2563 720 2610 pertinentiis
753 2562 836 2596 suis:
875 2560 1025 2608 quicquid
1052 2559 1151 2594 babe-

967 247 1153 270 nt’t,1,;ttttt1.tt
1185 247 1345 269 ttOMANUnt

1181 302 1211 336 in
1240 302 1423 348 episcopatu
1450 301 1603 336 Fanensi:
1627 303 1776 350 quicquid
1806 303 1928 338 habetis

1180 351 1210 384 iu
1242 351 1424 397 episcopatu
1455 350 1668 395 Senogallien.
1699 360 1759 386 tam
1789 353 1819 386 in
1851 353 1928 387 civi-

1182 408 1241 434 tate
1263 412 1356 446 quam
1381 400 1464 434 iuxta
1486 399 1662 443 civitatem,
1684 411 1714 435 et
1740 410 1841 441 extra;
1870 402 1927 436 de-

1180 457 1366 491 cernentes,
1408 448 1492 495 quod
1535 449 1610 483 nulli
1651 449 1779 484 omnino
1823 451 1928 485 bomi—

1181 510 1254 532 num
1284 497 1375 532 liceat
1402 497 1618 544 supradictum
1639 499 1862 533 monasterium
1887 507 1928 534 te-

1181 558 1265 581 mere
1285 546 1482 593 perturbare,
1518 554 1571 581 aut
1612 547 1680 582 eius
1714 548 1930 594 possessiones

1181 595 1325 638 auferre,
1353 596 1396 629 vet
1425 595 1543 630 ablatas
1579 596 1735 636 retinere,
1767 597 1928 636 minuere,

1181 658 1235 679 seu
1262 644 1454 691 quibuslibet
1473 645 1689 679 vexationibus
1707 645 1851 690 fatigare,
1874 647 1928 681 sed

1182 694 1296 728 illibata
1331 694 1436 728 omnia
1472 703 1501 728 et
1539 694 1658 740 integra
1684 703 1928 735 conserventur,

1181 755 1306 786 eorum,
1329 755 1385 789 pro
1403 755 1537 790 quorum
1560 743 1788 789 gubernatione
1809 753 1838 778 et
1853 744 1931 779 sub-

1181 792 1369 827 stentatione
1401 804 1550 827 concessa
1577 800 1661 832 suut,
1691 792 1798 827 usibus
1825 794 1930 828 omni-

1183 841 1284 876 modis
1324 840 1501 887 profutura:
1544 842 1630 876 salva
1667 840 1761 876 Sedis
1794 843 1931 889 Aposto-

1182 890 1259 925 licae
1285 890 1484 930 auctoritate,
1511 898 1542 925 et
1574 890 1832 925 dioecesanorum
1860 892 1932 938 epi-

1182 951 1351 985 scoporum
1376 940 1526 974 canonica
1549 939 1674 974 iustitia.
1697 939 1730 974 Si
1754 952 1814 987 qua
1838 941 1930 986 igitur

1183 989 1211 1023 in
1235 988 1374 1023 futurum
1396 988 1608 1023 ecclesiastica
1630 989 1836 1024 saecularisve
1859 1003 1931 1037 per-

1182 1050 1276 1081 sona,
1308 1038 1388 1092 lianc
1427 1045 1550 1072 nostrae
1571 1037 1819 1072 confirmationis
1843 1039 1931 1086 pagi-

1184 1099 1253 1121 nam
1282 1099 1410 1131 sciens,
1437 1095 1545 1121 contra
1574 1099 1641 1121 eam
1678 1094 1796 1122 temere
1825 1089 1930 1123 venire

1184 1135 1399 1183 temptaverit,
1440 1136 1581 1171 secundo
1621 1136 1751 1171 tertiove
1788 1148 1931 1172 commo-

1184 1185 1259 1225 nita,
1283 1185 1343 1219 nisi
1367 1185 1654 1232 praesumptionem
1679 1198 1767 1220 snam
1791 1198 1931 1232 congrua

1183 1234 1395 1269 satisfactione
1429 1234 1663 1273 emendaverit,
1701 1235 1932 1281 potestatisbo-

1184 1284 1332 1329 norisque
1380 1284 1426 1318 sui
1471 1283 1622 1329 (lignitate
1663 1292 1785 1322 careat,
1829 1297 1932 1318 ream-

1183 1345 1244 1380 que
1267 1345 1299 1367 se
1327 1332 1433 1367 divino
1455 1332 1572 1367 iudicio
1599 1333 1732 1367 existere
1754 1333 1791 1367 ‹lc
1821 1345 1933 1380 perpe—

1184 1390 1260 1416 trata
1276 1382 1438 1428 iniquitate
1456 1390 1635 1426 cognoscat.
1650 1390 1679 1416 et
1693 1394 1709 1416 a
1723 1382 1932 1416 sacratissimo

1183 1430 1323 1477 Corpore
1342 1443 1377 1465 ac
1395 1430 1557 1476 Sanguine
1579 1430 1637 1464 Dei
1661 1438 1691 1464 et
1712 1431 1838 1465 Domini
1866 1431 1932 1466 Re-

1183 1480 1356 1527 demptoris
1384 1480 1479 1514 nostri
1503 1480 1571 1514 lesu
1599 1478 1715 1514 Cbristi
1744 1480 1844 1514 aliena
1868 1480 1931 1524 fiat,

1183 1538 1276 1576 atque
1299 1529 1330 1563 in
1361 1537 1501 1564 extremo
1528 1529 1671 1563 examine
1697 1529 1855 1563 districtae
1884 1529 1932 1563 ul-

1185 1578 1259 1612 tioni
1283 1578 1456 1618 subiaceat;
1479 1578 1601 1612 cunctis
1618 1586 1721 1612 autem
1745 1578 1846 1612 eidem
1863 1578 1932 1613 loco

1184 1639 1239 1661 sua
1271 1627 1338 1661 iura
1365 1627 1561 1661 servantibus
1583 1628 1623 1661 sit
1646 1639 1703 1673 pax
1728 1627 1856 1661 Domini
1879 1640 1933 1661 no-

1184 1677 1238 1710 stri
1263 1675 1333 1710 lesu
1355 1675 1484 1717 Christi,
1506 1684 1661 1723 quatenus
1675 1684 1706 1710 et
1723 1676 1772 1710 bic
1797 1676 1931 1711 fructum

1185 1725 1285 1759 bonae
1308 1725 1438 1759 actionis
1458 1725 1645 1772 percipiant,
1662 1733 1691 1758 et
1717 1725 1798 1771 apud
1826 1725 1933 1759 ‹listri-

1185 1783 1269 1808 ctum
1288 1773 1428 1808 Iudicem
1452 1774 1587 1820 praemia
1602 1782 1747 1808 aeternae
1763 1774 1847 1821 pacis
1864 1786 1936 1812 eon-

1185 1830 1367 1868 sequantur.
1395 1823 1510 1862 Amen,
1532 1834 1623 1857 amen
1652 1835 1754 1857 amen.

1235 1871 1306 1906 Euo
1349 1872 1519 1907 Anntaxus
1561 1871 1731 1907 catholicae
1774 1872 1935 1907 Ecclesiae
1963 1891 2115 1913 „adamim

1186 1920 1355 1967 episcopus
1377 1933 1419 1955 ss.

1237 1970 1305 2015 Ego
1340 1969 1480 2005 Cencius
1519 1969 1714 2014 portuensis,
1745 1978 1776 2004 et
1803 1969 1936 2004 Sanctae
1950 1993 1972 2010 Η
1990 1989 2012 2009 s,
2030 1988 2052 2008 R,
2073 1988 2130 2009 ΕΜ,

1971 2020 2108 2041 cardinalium

1950 2051 2125 2078 subscriptiones.

1188 2019 1322 2054 Rutinae
1344 2019 1514 2066 episcopus
1535 2031 1577 2052 ss.

1236 2068 1304 2114 Ego
1330 2067 1506 2114 Gregorius
1537 2067 1726 2102 Sabinensis
1767 2067 1936 2115 episcopus

1188 2117 1371 2163 subscripsi.

1237 2166 1307 2212 Ego
1329 2165 1510 2200 Manfredus
1526 2165 1686 2213 presbyter
1707 2165 1873 2200 cardinalis
1889 2165 1934 2200 tit.

1189 2214 1322 2250 Sanctae
1343 2215 1479 2250 Sabinae
1503 2227 1544 2249 ss.

1238 2264 1306 2310 Ego
1327 2264 1424 2305 Iulius
1443 2263 1604 2311 presbyter
1619 2262 1786 2298 cardinalis
1802 2262 1834 2298 S.
1854 2263 1938 2298 Mar-

1190 2313 1259 2348 celli
1282 2313 1465 2359 subscripsi.

1240 2362 1307 2408 Ego
1332 2361 1512 2397 Bernardus
1547 2361 1650 2409 presb.
1682 2361 1766 2397 card.
1791 2361 1868 2396 tituli
1903 2360 1936 2395 S.

1191 2411 1364 2447 Clementis
1385 2423 1427 2446 ss.

1239 2460 1307 2506 Ego
1329 2459 1520 2495 Octavianus
1551 2459 1655 2506 presb.
1683 2458 1768 2494 card.
1793 2458 1873 2493 tituli
1900 2457 1934 2492 S.

1191 2509 1344 2544 Caeciliae
1368 2521 1410 2543 ss.

1239 2558 1308 2604 Ego
1334 2557 1494 2592 Gerardus
1516 2557 1677 2604 presbyter
1697 2555 1782 2592 card.
1809 2555 1844 2590 S.
1866 2554 1936 2591 Ste-

405 2612 445 2646 tis
483 2613 512 2646 in
550 2620 650 2647 castro
682 2611 809 2658 Ripale:
845 2609 994 2658 quicquid
1029 2607 1287 2670 habetislpbani
1310 2607 1341 2642 in
1368 2605 1478 2642 Coelio
1501 2614 1606 2641 monte
1627 2618 1668 2640 ss.

1942 249 1981 276 An
2010 248 2036 275 C.
2056 250 2123 277 1157

1956 460 2011 481 llaec
2022 463 2126 482 oniniain-

1943 495 2001 516 tegra
2013 493 2126 513 monartio-

1942 528 1986 542 rum
2008 522 2053 541 usui

1942 553 1986 572 vari
2002 554 2112 579 praecipit.

2078 527 2126 542 501¹-
2161 537 2167 542 .

1960 1002 2130 1024 &communit-a<

1944 1035 2023 1055 tionem
2051 1034 2129 1054 adrer-

1944 1071 1979 1086 sus
2001 1065 2074 1085 eadem
2102 1071 2128 1085 ιι-

1944 1099 2056 1123 surpantes
2077 1101 2129 1122 pro-

1944 1127 2036 1152 mulgat;

1959 1598 2130 1619 Benedictionem

1947 1635 1996 1650 veru
2010 1629 2132 1650 benefacto-

1946 1661 2004 1681 ribus
2023 1660 2130 1686 elargitur.
