2180 3205
431 234 502 267 23¹8

420 299 484 344 Ego
500 296 673 341 Gregorius
689 294 841 328 diaconus
854 290 1021 327 cardinalis
1039 291 1121 325 San-

369 357 490 383 ctorum
518 344 619 390 Sergii
641 350 673 378 et
699 342 814 378 Bacchi
842 354 884 376 ss.

418 396 486 442 Ego
514 394 657 428 villanus
681 392 784 439 presb.
807 391 892 425 card.
916 389 951 424 tit
984 388 1020 424 S.
1047 389 1122 423 Ste-

370 445 466 493 pliani
491 444 520 477 in
549 442 657 477 Caelio
684 448 792 476 monte
818 452 862 474 ss,

420 494 487 539 Ego
514 492 588 527 Otto
624 491 704 525 diac.
737 489 822 525 card.
855 489 890 523 S.
928 486 1056 534 Georgii
1084 485 1121 520 ad

369 542 485 578 Velum
513 542 653 576 Aureum
677 551 720 574 ss.

420 591 487 638 Ego
520 589 626 625 Guiilo
658 589 784 624 diacon.
816 586 902 622 card.
931 586 1121 621 Sanctorum

371 641 507 676 Cosmae
533 648 564 674 et
590 638 735 674 Damiani
758 649 800 672 ss.

420 690 489 736 Ego
516 688 629 723 Petrus
656 687 738 722 diac.
766 685 851 722 card.
879 684 912 720 S.
947 684 1064 719 Mariae
1091 683 1123 718 in

370 739 499 776 Porticu
527 750 569 772 ss.

422 788 489 834 Ego
516 786 710 833 Rodulplius
727 784 809 820 diac.
832 783 918 819 card.
945 782 981 819 S.
1008 781 1125 817 Luciae

372 838 403 872 in
427 837 521 884 Septa
545 836 627 871 Solis
649 835 753 870 subsc.

422 887 490 933 Ego
502 884 676 931 Gregorius
691 885 771 918 diac.
792 883 876 918 card.
899 881 933 917 S.
950 880 1063 927 Angeli
1081 892 1123 914 ss.

423 936 490 982 Ego
517 935 654 969 lacintus
676 933 745 968 diac
785 932 870 967 card.
893 931 928 966 S.
956 930 1071 965 Mariae
1095 929 1124 963 in

372 984 545 1021 cosmedin
574 996 615 1018 ss.

422 1034 490 1081 Ego
511 1032 694 1068 Bernardus
710 1031 792 1066 diac.
813 1030 898 1066 card.
917 1036 1043 1064 sanctae
1058 1027 1127 1063 Ro·-

373 1095 486 1119 manae
506 1082 669 1117 Ecclesiae
687 1093 728 1116 ss.

367 1169 370 1172 .
424 1133 493 1178 Ego
514 1131 628 1166 Petrus
663 1130 742 1165 diac.
765 1130 852 1165 card.
887 1128 921 1163 S.
949 1128 1064 1163 Mariae
1095 1127 1125 1161 in

374 1182 431 1216 Via
458 1182 534 1216 Lata
549 1194 591 1216 ss.

425 1231 494 1277 Ego
515 1229 664 1265 Cintliius
690 1229 771 1264 diac.
792 1227 877 1263 eard.
908 1234 1035 1262 sanctae
1062 1224 1129 1261 Ro-

376 1292 488 1316 manae
508 1279 670 1314 Ecclesiae
697 1290 738 1312 ss.

426 1329 542 1364 Datum
575 1327 709 1363 Viterbii
745 1339 800 1374 per
833 1338 962 1361 manum
997 1324 1127 1359 Roberti

179 244 226 272 Αιι,
244 245 263 272 C
290 246 356 272 titis

377 1380 413 1414 S.
441 1379 480 1414 R.
503 1377 542 1412 E.
566 1377 669 1425 presb.
693 1377 777 1411 card.
805 1383 836 1411 et
857 1374 1047 1414 cancellarii,
1075 1386 1128 1408 xvi
1148 1384 1151 1415 ᾖ

379 1429 439 1463 kal.
463 1429 542 1465 iun..
561 1427 673 1461 indict:
693 1436 766 1469 vin,
788 1423 1014 1460 iucarnationis
1032 1424 1130 1458 ‹lomi-

381 1478 469 1513 nicae
496 1489 547 1511 an.
570 1487 690 1519 nexu,
714 1474 824 1523 pontif.
854 1487 926 1509 vero
955 1473 992 1507 D.
1023 1473 1130 1519 Euge-

380 1527 423 1562 nii
445 1526 488 1561 ΙΙΙ
510 1526 574 1561 ΡΡ.
596 1537 679 1560 auno
701 1537 713 1559 1
741 1528 797 1568 (l).

452 1583 514 1614 Dal.
533 1583 580 1614 die
600 1583 634 1613 17
655 1582 723 1611 maii
742 1590 818 1611 anno
838 1580 952 1610 Domini
974 1580 1058 1615 llio,

637 1622 740 1662 pontis.
763 1630 840 1651 anno
859 1629 877 1651 ι.

728 1735 780 1770 Vt.

381 1801 562 1835 Samsonem
585 1800 760 1833 Remensem
792 1798 1053 1843 archiepiscopum
1076 1798 1133 1831 ob-

433 1851 536 1895 iurgat
560 1849 642 1893 quod
668 1849 859 1882 Francorum
894 1859 1003 1892 reyem,
1026 1853 1134 1880 contra

432 1900 479 1932 ius
505 1899 726 1943 archiepiscopi
752 1897 964 1939 Bina-icensis,
987 1897 1018 1929 in
1043 1897 1135 1929 Bitu—

432 1949 542 1982 ri'censi
567 1949 687 1980 civitate
713 1958 859 1980 coronare
882 1944 1132 1991 praesumpserit,

433 1997 550 2042 ipsique
577 2004 738 2042 propterea
770 2008 857 2029 usum
887 1996 984 2041 pallii
1008 1995 1134 2028 interdi-

432 2047 473 2080 cit
500 2049 563 2089 (2).

654 2100 867 2131 summatim

385 2151 465 2186 Quae
484 2150 659 2189 perpetrarit
673 2149 777 2180 Samso
799 2153 899 2179 contra
923 2148 1136 2178 Bituricensem

426 2190 588 2220 Ecclesiam
612 2195 641 2219 et
671 2189 800 2229 archiep.
824 2194 936 2225 narrat;
959 2188 1045 2218 etiarn
1070 2198 1136 2218 cum

422 2252 462 2287 (l)
478 2252 537 2279 Non
555 2260 633 2279 unam
649 2256 695 2279 aut
711 2252 820 2279 alteram
837 2251 907 2279 dedit
929 2251 1062 2286 Eugenius
1078 2251 1137 2286 epi—

387 2293 481 2319 stolam
506 2292 537 2319 ad
559 2291 714 2319 vindicanda
732 2292 891 2318 Veronensis
916 2291 1045 2318 Ecclesiae
1070 2291 1138 2322 iura,

388 2336 414 2358 et.
432 2333 548 2367 quietem
566 2333 591 2359 in
607 2331 725 2359 eiusdem
742 2332 872 2358 Ecclesiae
887 2331 1038 2366 Capitulum
1058 2331 1138 2357 indu-

388 2372 509 2405 cendam,
531 2376 560 2399 ut
580 2372 670 2399 videre
686 2376 725 2399 est
741 2374 810 2407 apud
828 2371 963 2398 laudatum
979 2370 1138 2406 Ughellium.

389 2413 444 2439 Nos
461 2421 542 2438 unum
568 2412 616 2439 hoc
631 2413 771 2447 selegimus
792 2412 925 2447 diploma,
943 2412 1013 2446 quod
1032 2415 1140 2438 naturae

389 2452 549 2479 collectionis
565 2457 671 2480 nostrae
693 2453 774 2487 magis
793 2453 928 2479 convenit.
946 2453 984 2479 Ex
1007 2460 1037 2479 eo
1058 2456 1139 2487 patet,

390 2495 505 2526 quantae
533 2492 666 2526 dignitatis
691 2493 754 2520 haec
779 2493 892 2519 Ecclesia
922 2497 986 2519 tunc
1015 2494 1141 2528 temporis

391 2530 479 2562 suerit,
497 2535 522 2557 et
547 2539 625 2566 quam
650 2532 743 2559 sedulo
759 2533 816 2558 eius
842 2532 972 2559 bonorum
998 2533 1140 2567 integritati

391 2569 554 2597 consuluerit
571 2571 710 2606 Eugenius.
746 2572 786 2606 (⁹2)
804 2572 841 2598 Ex
863 2572 972 2603 Concil.‚
999 2576 1060 2599 torn.
1089 2580 1139 2604 xii,

390 2609 440 2637 col.
460 2609 537 2637 1615.

972 236 1160 260 BULLARttm
1182 235 1345 258 ROMANUM

1929 230 1979 258 An.
1998 229 2026 257 C.
2043 229 2112 258 {lb-'a

1205 292 1374 327 contemptu
1397 285 1483 317 Sedis
1502 285 1696 325 apostolieae.
1722 302 1762 309 —
1783 284 1915 316 Graviter

1205 328 1350 366 obiurgat.
1372 343 1412 349 —
1427 326 1553 364 Eugenii
1570 325 1624 355 PP.
1644 325 1860 364 longanimitas.
1875 340 1915 347 -—

1202 367 1285 437 gp‘ll‘i'i
1300 376 1372 398 usus
1388 365 1523 396 Samsoni
1535 365 1736 402 interdicitur3
1750 382 1789 388 —
1802 364 1835 394 Et
1850 364 1914 395 dies

1139 465 1142 492 i
1162 472 1280 511 Eugenius
1316 471 1435 510 episcopm
1459 478 1538 500 nerins
1562 479 1678 500 serrorum
1705 469 1756 508 Dei,
1788 469 1914 500 venerabili

1140 515 1144 558 l
1202 516 1265 546 tratri
1292 516 1395 545 Samsoni
1427 515 1536 545 Remensi
1565 514 1747 554 archiepiscopo,
1765 515 1863 545 salutem
1891 518 1915 544 et

1203 560 1352 600 apostolicam
1375 559 1570 590 benedictionem.

1213 629 1374 672 Quantum
1397 637 1503 664 sancta
1531 628 1671 664 Romana
1688 628 1841 670 Ecclesia,
1857 642 1916 664 no-

1164 679 1283 726 strique
1312 679 1569 726 praedecessores
1596 678 1696 713 felicis
1730 678 1916 714 recordatio·

1166 728 1225 768 nis,
1255 727 1398 764 videlicet
1418 727 1633 768 Innocentius,
1655 727 1857 763 Coelestiuus
1884 736 1916 764 et

1165 776 1283 813 Lucius
1321 790 1376 824 pro
1403 789 1480 825 pace
1507 777 1715 812 Bituricensis
1736 776 1915 817 Ecclesiae,

1166 835 1196 861 et
1215 827 1401 863 venerabilis
1423 827 1526 861 fratris
1544 826 1639 861 nostri
1669 826 1750 861 Petri
1773 826 1916 862 eiusdem

1166 876 1327 912 Ecclesiae
1353 875 1580 924 archiepiscopi
1597 876 1826 918 laboraverunt,
1848 877 1917 911 uni-

1168 937 1277 961 versus
1296 925 1358 960 fere
1387 925 1523 960 mundus
1545 924 1701 971 cognovit,
1728 933 1759 959 et
1781 926 1915 972 pruden-

1168 974 1241 1010 tiam
1258 984 1341 1010 tuam
1365 975 1461 1009 latere
1482 986 1544 1009 non
1563 974 1681 1009 debuit.
1698 973 1790 1009 Nunc
1810 983 1914 1010 autem
1941 986 2001 1013 Quae
2025 988 2102 1013 perp>

1167 1036 1238 1058 cuni
1263 1036 1318 1072 per
1339 1022 1396 1058 Dei
1417 1024 1563 1070 gratiam,
1585 1031 1616 1058 et
1633 1023 1816 1059 eorumdem
1833 1037 1915 1071 prae·
1929 1018 2003 1069 „mm
2025 1016 2098 1038 S³m⁸⁰

1168 1073 1370 1109 decessorum
1394 1082 1573 1107 nostrorum
1601 1072 1739 1108 studium
1773 1073 1812 1108 ad
1842 1087 1915 1120 por·
1930 1051 2016 1100 effla
2038 1047 2116 1099 323:-

1168 1130 1235 1158 tum
1259 1122 1373 1170 quietis
1396 1122 1548 1163 venisset,
1572 1130 1602 1156 tu
1630 1124 1684 1169 qui
1701 1122 1804 1157 eidem
1830 1122 1914 1158 fratri
1930 1108 2117 1167 Σζῖἳωῖζῃῗῗξζ

1169 1179 1223 1206 tuo
1250 1171 1460 1218 congratulari
1489 1171 1655 1215 debueras,
1683 1184 1770 1206 versa
1793 1172 1859 1207 vice
1886 1173 1915 1208 in
1930 1171 2117 1222 ζζζῧωζῑᾞςέζ

1169 1221 1269 1268 ipsius
1308 1220 1453 1255 iniuriam
1489 1229 1520 1256 et
1557 1220 1823 1268 perturbationem
1859 1234 1916 1257 usu
1932 1207 2108 1260 ‹ii-Apo‘s'mnc'ae

1169 1271 1335 1305 temerario
1349 1269 1532 1317 prorupisti,
1553 1279 1582 1304 et
1603 1270 1799 1305 carissimum
1818 1270 1917 1307 [ilium

1148 1329 1150 1333 ’
1171 1328 1313 1354 nostrum
1335 1318 1532 1354 Ludoiicum
1555 1319 1708 1354 illustrem
1724 1319 1919 1355 Francorum

1171 1381 1276 1415 regem
1316 1380 1467 1404 coronare
1501 1369 1531 1403 in
1568 1368 1757 1404 Biturieensi
1798 1369 1920 1405 civitate

1149 1427 1279 1453 'contra
1301 1417 1543 1465 appellationem
1572 1418 1609 1451 ad
1637 1418 1752 1453 Sedem
1783 1419 1921 1466 Aposto—

1148 1468 1263 1514 ,licam
1293 1467 1544 1514 praesumpsisti.
1576 1467 1670 1509 Quod
1699 1479 1756 1502 uec
1790 1476 1835 1513 tu,
1862 1480 1922 1504 nec

1149 1516 1286 1563 *aliquis
1330 1516 1607 1563 praedecessorum
1646 1524 1769 1551 tuorum
1808 1516 1921 1553 secisse

1149 1559 1383 1612 ldignoscitur:
1425 1565 1479 1600 sed
1514 1566 1728 1601 Bituricenses
1764 1566 1922 1614 archiepi—

1150 1609 1280 1661 {scopi,
1314 1614 1526 1661 Leodegarius
1555 1614 1709 1655 videlicet,
1732 1614 1922 1662 Vulgrinus,

1150 1663 1203 1699 iet
1228 1664 1396 1699 Albericus
1423 1665 1524 1699 bonae
1556 1664 1726 1699 memoriae
1754 1677 1852 1712 usque
1883 1665 1923 1701 ad

1149 1702 1154 1743 ⁴:
1172 1713 1250 1748 haec
1266 1722 1405 1760 tempora
1422 1713 1527 1760 quiete
1554 1721 1584 1748 et
1603 1713 1731 1760 pacifice
1747 1713 1924 1750 obtinuisse

1152 1770 1357 1821 'noscuntuiu
1384 1762 1449 1798 Nec
1485 1762 1601 1810 proluit
1627 1763 1728 1798 eidem
1763 1764 1923 1811 archiepi-

1150 1829 1155 1887 ἰ
1174 1823 1271 1858 scopo
1286 1811 1360 1846 illud
1381 1812 1524 1847 ultimum
1543 1813 1730 1847 miserorum
1755 1812 1923 1859 refugium.

1153 1888 1154 1893 ,
1174 1861 1266 1896 Sedis
1292 1860 1492 1908 Apostolieae
1509 1861 1651 1896 videlicet
1672 1861 1852 1909 appellatio,
1866 1873 1925 1898 nec

1153 1899 1158 1946 i
1176 1911 1235 1945 hoc
1257 1911 1350 1946 etiam
1379 1910 1463 1957 quod
1485 1910 1519 1945 S.
1546 1910 1588 1945 R.
1615 1910 1653 1945 E.
1676 1919 1806 1946 matrem
1821 1923 1926 1953 suam.

1152 1955 1205 2008 {et
1229 1967 1364 1995 nostram
1389 1960 1594 2006 praesentiam
1622 1959 1788 1995 devotione
1821 1960 1924 1996 debita

1152 2013 1156 2048 'i
1178 2009 1356 2049 visitaverit,
1390 2017 1420 2043 et
1441 2022 1508 2043 eam
1532 2009 1583 2044 die
1604 2017 1711 2044 nostro
1743 2010 1925 2057 conspectui

1153 2053 1158 2133 ι
1176 2057 1353 2102 assistebat,
1375 2058 1472 2093 immo
1490 2057 1530 2093 ad
1551 2058 1701 2093 maiorem
1725 2057 1806 2093 beati
1828 2058 1925 2100 Petri,

1177 2115 1207 2143 et
1246 2115 1388 2142 nostrum
1426 2114 1653 2154 comtemptum
1692 2107 1924 2143 Bituriceusem

1179 2156 1350 2192 Ecclesiam
1377 2169 1393 2190 a
1428 2156 1543 2191 divinis
1569 2156 1682 2191 officiis
1714 2156 1924 2198 interdictam,

1156 2219 1249 2243 icum
1283 2205 1428 2240 Gosseno
1460 2205 1682 2241 Suessionensi
1709 2207 1870 2252 episcopo,
1896 2215 1927 2241 et

1179 2256 1247 2291 aliis
1268 2254 1430 2290 Ecclesiae
1456 2263 1527 2290 tuae
1554 2254 1776 2301 suffraganeis,
1798 2254 1928 2290 abbati-

1181 2304 1240 2340 bus
1261 2316 1400 2352 quoque,
1424 2311 1455 2339 et
1482 2304 1590 2339 multis
1610 2304 1679 2339 aliis
1707 2311 1777 2340 tuae
1804 2305 1928 2351 provin-

1157 2343 1246 2394 iciae
1272 2366 1350 2389 ausu
1391 2353 1542 2400 sacrilego
1571 2353 1733 2398 invasisti,
1766 2362 1797 2389 et
1823 2353 1928 2388 diviua

1158 2396 1297 2438 ¹ibidem
1336 2401 1436 2438 officia
1476 2402 1652 2442 celebrare,
1687 2411 1717 2437 et
1754 2401 1928 2438 oblationes

1181 2460 1339 2500 asportare
1378 2461 1494 2488 temere
1527 2452 1775 2500 praesumpsisti.
1802 2451 1928 2487 Statuto

1181 2503 1275 2537 etiam
1303 2501 1524 2549 appellationis
1550 2502 1696 2545 termino,
1714 2512 1772 2536 nec
1795 2501 1860 2548 ipse
1880 2512 1929 2535 ie·

1183 2551 1279 2591 nisti,
1307 2563 1365 2585 nec
1402 2550 1594 2586 sufficientes
1627 2549 1846 2597 responsales,
1872 2550 1928 2597 qui

1159 2592 1166 2658 Ι
1183 2612 1238 2648 pro
1260 2608 1289 2635 te
1316 2600 1531 2647 responderet,
1551 2599 1591 2635 ad
1613 2608 1749 2634 nostram
1778 2610 1929 2647 praeseu-

1155 2139 1158 2157 l

2170 981 2172 999 l

2170 1038 2172 1071 'l
