2180 3205
25 294 73 322 An.
95 293 125 321 C.
139 293 205 321 1107

39 1134 122 1156 Poenae
131 1138 208 1155 eonii-a

28 1162 145 1183 violatores
165 1162 210 1186 nri-

29 1188 102 1214 vttegii
117 1189 190 1209 huius.

30 2089 211 2118 resumet-iptio.

879 287 1055 310 pascnams
1081 287 1103 309 n
1134 286 1183 310 pi».

236 338 320 378 suis:
358 339 416 373 hae
448 339 601 384 siqnidem
635 340 788 374 ecelesiae
819 352 986 375 concessae

235 395 309 421 sunt
337 388 426 422 vobis
447 401 461 422 a
488 389 604 423 Pontio
631 389 787 424 Belicensi
815 390 984 436 episcopo.

236 436 318 470 iuxta
342 438 451 471 urbem
471 438 708 473 Tliarentasiam
729 439 857 473 ccclesia
876 438 983 473 Sancti

234 484 358 519 Martini
387 498 401 520 a
425 486 552 521 Bosone
579 488 729 534 episcopo
752 500 920 522 concessa:
954 487 983 521 in

234 539 419 586 episcopatu
439 539 617 576 Genercnsi
641 542 717 576 eccl.
740 541 780 575 de
792 541 985 585 Bonewaita,

234 592 367 628 ecclesia
395 593 434 628 de
461 593 662 638 Draliendes,
688 594 820 629 ecclesia
852 595 891 629 de
912 594 985 629 Asi-

234 646 348 688 neriis,
382 648 516 682 ecclesia
544 647 578 682 S.
605 647 733 682 loannis
765 647 805 682 de
833 646 983 683 Govettis.

232 699 319 735 llaec
358 702 507 736 nimirum
536 701 641 736 omnia
677 709 779 736 vestro
814 701 983 743 coenobio,

233 762 392 801 tamqnam
414 755 553 790 membra
576 755 668 801 capiti
686 755 904 795 adhaerentia,
928 768 985 789 nos

232 808 263 841 in
288 817 472 854 perpetuum
500 808 560 846 sub
586 808 653 842 iure
674 820 709 843 ac
740 809 893 854 regimine
921 817 982 844 tam

233 869 285 895 tuo
298 873 392 908 quain
415 873 633 895 successorum
659 869 783 895 tuorum
805 862 983 908 persistere,

231 915 407 961 praese—ntis
434 915 566 962 paginae
600 915 772 948 assertione
807 915 982 960 sancimus,

232 979 271 1001 ne
294 968 347 1002 ulli
370 969 500 1002 omnino
525 967 689 1001 hominum
719 967 810 1002 liceat
833 969 908 1003 haec
930 981 984 1003 ve-

232 1030 313 1056 strae
343 1021 532 1056 subiectioni
561 1021 758 1065 subtrahere,
795 1029 825 1056 et
852 1021 984 1058 Clunia-

232 1075 337 1109 censis
359 1074 540 1109 monasterii
574 1075 640 1109 iure
673 1075 865 1121 quibuslibet
893 1088 984 1111 occa-

232 1128 375 1162 sionibus
396 1128 542 1164 alienare.
563 1129 672 1176 Siqua
689 1129 783 1174 igitur
798 1129 827 1162 in
845 1129 982 1164 futurum

232 1182 440 1217 ecclesiastica
475 1183 683 1217 saecularisxe
712 1194 866 1228 persona,
902 1182 983 1217 hanc

233 1243 358 1269 nostrae
396 1236 630 1270 constitutionis
674 1236 817 1283 paginam
861 1237 983 1277 sciens,

233 1296 340 1323 contra
363 1301 431 1323 eam
455 1297 571 1324 temere
595 1291 699 1324 venire
727 1291 909 1334 tentaverit,
939 1302 985 1324 se-

236 1341 341 1377 cundo
369 1343 496 1378 tertiove
519 1343 721 1383 commonita,
752 1344 776 1378 si
807 1356 867 1377 non
891 1344 984 1378 satis-

234 1394 369 1430 factione
391 1408 528 1442 congrua
560 1396 792 1441 emendaverit,
823 1398 983 1444 potestatis

232 1448 423 1496 honorisque
445 1451 491 1484 sni
515 1450 668 1496 dignitate
690 1458 809 1493 careat,
834 1463 983 1497 reamque

232 1513 267 1536 se
289 1501 396 1537 divino
418 1503 535 1538 iudicio
557 1503 596 1538 (le
621 1512 796 1551 perpetrata
819 1504 983 1551 iniquitate

232 1565 419 1601 cognoscat,
447 1564 475 1590 ct
509 1569 524 1591 a
557 1557 758 1592 sanctissimo
785 1558 926 1603 Corpore
954 1566 983 1592 et

232 1610 394 1655 Sanguine
434 1610 491 1644 Dei
527 1619 557 1645 et
590 1610 718 1645 Domini
759 1611 985 1657 Redemptoris

234 1663 330 1696 nostri
358 1663 425 1697 lesu
453 1663 569 1698 Christi
597 1664 697 1699 aliena
727 1665 794 1704 liat,
832 1674 925 1712 atque
955 1667 983 1700 in

233 1723 374 1750 extremo
401 1717 546 1751 examine
570 1717 727 1752 districtae
752 1719 860 1753 ultioni
884 1719 986 1753 subia-

234 1777 312 1803 ceat.
352 1768 485 1804 Cunctis
522 1779 626 1805 autem
661 1770 763 1805 eidem
800 1772 870 1806 loco
905 1773 984 1807 iusta

233 1822 429 1856 servantibus
460 1823 500 1857 sit
533 1837 591 1870 pax
627 1823 755 1858 Domini
788 1826 884 1859 nostri
914 1826 983 1861 lesu

233 1875 367 1920 Christi,
389 1884 544 1922 quatenus
571 1885 600 1911 et
629 1877 679 1912 hic
714 1877 848 1912 fructum
885 1879 985 1913 bonae

234 1929 367 1964 actionis
403 1931 596 1977 percipiant,
624 1940 655 1965 et
689 1932 771 1978 apud
809 1932 984 1966 districtum

234 1982 374 2017 Iudicem
394 1985 528 2030 praemia
548 1993 692 2020 aeternae
711 1986 797 2032 pacis
817 1986 985 2020 inveniant.

235 2037 349 2070 Amen.

282 2089 356 2124 Eoo
390 2090 573 2126 Pascnaus
612 2092 784 2127 catholicae

238 2143 408 2190 episcopus
428 2156 470 2178 ss.

826 2093 987 2128 Ecclesiae

253 2210 360 2252 (Locus
373 2211 470 2254 sigilli·
480 2212 615 2255 plumbei
632 2219 781 2257 utsupra,
797 2225 869 2257 paq.
887 2215 970 2255 251)

285 2279 401 2313 Datum
425 2281 507 2326 apud
535 2281 648 2315 Villam
672 2282 705 2315 S.
730 2282 906 2329 Hippolyti,
936 2295 989 2328 per

237 2344 364 2367 manum
392 2333 541 2368 Iohannis
563 2344 688 2369 sanctae
703 2335 866 2369 Romanae
881 2335 990 2369 Eccle-

237 2386 301 2420 siae
327 2387 451 2420 diaconi
480 2388 649 2422 cardinalis
681 2400 717 2423 ac
744 2388 988 2426 bibliothecarii,

238 2451 272 2473 vr
295 2440 366 2474 idus
389 2439 549 2483 februarii,
578 2440 686 2475 indict.
715 2453 771 2480 xv,
788 2442 906 2475 incarn.
931 2442 989 2475 do-

238 2493 371 2527 minicae
399 2505 482 2527 anno
512 2505 622 2533 mcvu,
657 2494 857 2540 pontificatus
883 2503 987 2529 autem

239 2545 346 2580 domni
376 2547 536 2581 Pasvlialis
558 2547 585 2581 lI
607 2560 690 2581 anno
713 2559 784 2582 viu.

278 2604 340 2636 Dat.
359 2607 406 2637 die
425 2608 442 2637 8
467 2608 606 2638 februarii
626 2618 702 2637 anno
729 2608 843 2638 Domini
864 2608 950 2645 1107,

477 2653 579 2691 pontis.
598 2662 673 2683 anno
692 2662 751 2683 vnt.

319 2698 394 2730 Ball.
416 2699 494 2730 Rom.
520 2701 574 2730 t'ol.
598 2700 633 2730 II.

754 2700 831 2730 ‘32

1482 322 1501 339 0
1658 278 1728 312 249

1345 342 1465 377 xxxi.

978 439 983 444 .
1030 411 1231 457 Confirmatio
1264 415 1455 447 ecclesiarum
1494 420 1521 447 et
1556 416 1778 459 possessionum

1074 463 1254 495 niouanerii
1266 463 1489 497 Athanacensis
1504 464 1683 508 Luqdunen.
1696 466 1778 499 dioe-

1075 510 1146 543 cesis
1170 513 1230 553 (l).

1294 584 1506 615 summittunt

1025 639 1192 670 Exordium.
1204 657 1243 663 —
1253 641 1372 671 Monast.
1384 642 1524 672 Athanac.
1536 643 1591 673 sub
1605 643 1690 674 Sedis
1703 645 1778 684 Apo-

1065 680 1184 710 stolicae
1196 681 1368 710 auctoritate
1385 682 1536 720 recipitur.
1550 699 1590 705 —
1604 682 1682 714 Bona
1706 694 1778 713 enu-

1066 725 1216 749 merantur
1232 725 1259 749 et
1275 720 1498 758 confirinantur3
1518 726 1604 761 atque
1627 722 1662 752 ab
1695 725 1775 753 omni

1065 760 1212 789 vexatione
1236 760 1377 789 immunia
1395 761 1603 791 decernuntur.
1618 762 1776 792 —Solitae

1066 799 1226 829 clausulae.
1244 816 1284 822 —
1304 799 1358 828 PP.
1379 799 1569 840 subscriptio.
1659 803 1701 841 (n.
1721 803 1759 840 τ.)

1024 869 1161 897 Paschalis
1181 869 1320 905 episcopus
1338 876 1433 898 servus
1452 877 1592 900 servorum
1607 871 1662 904 Dei.
1680 872 1779 901 dilecto

1068 919 1123 947 filio
1141 919 1313 947 Gauceranno
1337 919 1531 948 Athanaceusis
1553 922 1713 950 monasterii
1731 922 1776 950 ab·

1068 968 1136 1001 bati.
1165 968 1275 1004 eiusque
1295 969 1494 996 successoribus
1523 970 1690 1005 regulariter
1713 970 1775 998 sub·

1069 1017 1226 1050 stituendis,
1244 1017 1272 1045 in
1291 1018 1461 1053 perpetuum.

1073 1088 1122 1122 Ad
1145 1088 1206 1122 hoe
1237 1088 1266 1121 in
1295 1088 1496 1134 Apostolicae
1518 1088 1610 1124 Sedis
1632 1090 1773 1136 regimen

1025 1136 1162 1172 Domino
1184 1136 1372 1184 disponente
1395 1138 1528 1184 promoti
1547 1139 1774 1185 conspicimur,

1027 1196 1058 1220 ut
1086 1187 1154 1232 ipso
1188 1194 1363 1232 praestante
1386 1186 1569 1232 religionem
1593 1199 1719 1234 augere,
1746 1197 1778 1222 et

1025 1236 1091 1268 eius
1119 1236 1216 1268 servis
1245 1235 1409 1269 tuitionem
1446 1236 1620 1271 debeamus
1649 1238 1774 1284 impen-

1025 1284 1110 1317 dere..
1133 1284 1209 1318 Tuis
1237 1284 1351 1329 igitur,
1373 1284 1487 1319 dilecte
1512 1285 1541 1319 in
1569 1285 1708 1320 Domino
1731 1286 1773 1320 fili

1025 1333 1121 1367 abbas
1143 1332 1362 1376 Ganeeranne,
1385 1333 1476 1367 iustis
1499 1334 1700 1380 petitionibus
1716 1347 1776 1369 an-

1027 1390 1175 1421 nuentes,
1202 1382 1290 1416 Beati
1314 1382 1437 1416 Martini
1460 1383 1679 1418 Athanacense
1704 1396 1776 1418 mo-

1027 1432 1217 1474 nasterium,
1252 1431 1302 1465 cui
1336 1430 1403 1465 Deo
1437 1440 1564 1467 auctore
1592 1433 1776 1480 praesides,

1026 1489 1133 1514 contra
1177 1492 1342 1526 pravorum
1392 1480 1555 1515 hominum
1603 1482 1776 1528 nequitiam

1027 1528 1225 1576 Apostclicae
1259 1528 1353 1563 Sedis
1386 1531 1572 1564 auctoritate
1600 1531 1774 1565 munimus.

1025 1578 1202 1613 Statuimus
1224 1578 1320 1620 enim,
1344 1586 1375 1612 ut
1405 1579 1437 1613 S.
1457 1578 1607 1614 lobannis
1633 1580 1777 1624 ecclesia,

1026 1640 1118 1674 quam
1154 1626 1260 1661 Guido
1291 1626 1512 1662 Gebennensis
1544 1628 1714 1675 episcopus
1744 1629 1775 1663 in

1026 1689 1080 1710 sua
1107 1676 1192 1710 robis
1215 1676 1359 1721 parochia
1381 1676 1518 1717 tradidit,
1537 1677 1669 1712 ecclesia
1684 1677 1775 1712 etiam

1026 1725 1060 1759 S.
1088 1725 1223 1759 Romani
1247 1725 1285 1759 de
1307 1725 1429 1771 Agenta
1452 1726 1481 1760 in
1506 1727 1653 1771 parochia
1675 1726 1776 1761 Sedu-

1028 1775 1128 1814 nensi,
1152 1774 1224 1808 item
1247 1774 1378 1808 ecclesia
1401 1774 1440 1809 de
1462 1774 1619 1809 lsiniacho
1639 1775 1669 1809 in
1685 1776 1779 1809 Ania-

1028 1823 1112 1857 censi
1135 1823 1281 1870 parochia
1306 1835 1360 1870 per
1374 1824 1565 1858 Ademarum
1581 1832 1612 1858 et
1626 1824 1776 1858 Pontium

1028 1872 1195 1919 episcopos
1223 1872 1311 1906 vobis
1334 1872 1456 1915 tradita,
1484 1885 1556 1907 cum
1582 1873 1778 1919 pertinentiis

1028 1922 1106 1955 suis:
1130 1929 1251 1955 caetera
1279 1921 1372 1955 etiam
1401 1930 1619 1969 quaecumque
1642 1922 1671 1955 in
1691 1934 1777 1969 prae-

1028 1970 1106 2004 senti
1135 1970 1371 2016 quintadecima
1399 1970 1588 2014 indictione,
1615 1982 1670 2005 seu
1699 1982 1778 2005 con-

1028 2019 1170 2054 cessione
1186 2019 1388 2063 Pontilicum,
1411 2020 1476 2054 sive
1490 2019 1674 2054 liberalitate
1690 2020 1778 2065 prin-

1029 2069 1153 2115 cipum,
1186 2068 1232 2102 rel
1268 2068 1425 2103 oblatione
1451 2068 1609 2112 fidelium,
1636 2068 1777 2114 legitime

1029 2126 1059 2151 et
1085 2117 1190 2163 quiete
1219 2126 1355 2151 vestrum
1379 2117 1601 2151 monasterium
1626 2117 1777 2162 possidet,

1029 2178 1092 2211 qno
1130 2166 1273 2200 videlicet
1308 2173 1449 2212 tempora
1485 2174 1583 2200 restra
1617 2165 1778 2205 Ecclesia,

1030 2215 1218 2261 disponente
1242 2214 1389 2253 Domine,
1413 2214 1492 2249 iuste
1514 2223 1606 2261 atque
1628 2214 1780 2248 canonice

1031 2261 1155 2309 poterit<
1177 2263 1325 2309 adipisci,
1359 2263 1446 2297 lirina
1480 2263 1570 2297 vobis
1606 2263 1780 2309 vestrisque

1030 2312 1268 2346 successoribus
1290 2319 1320 2346 et
1342 2311 1457 2346 illibata
1483 2319 1697 2357 permaneant.
1721 2311 1781 2346 De-

1030 2361 1190 2394 (ernimus
1217 2372 1303 2406 ergo,
1333 2368 1366 2394 ut
1390 2360 1466 2394 nulli
1491 2360 1655 2394 hominum
1687 2360 1780 2394 liceat

1030 2409 1172 2443 eiusdem
1211 2408 1356 2443 coenobii
1396 2410 1614 2455 possessiones
1640 2408 1781 2451 auferre,

1033 2459 1077 2492 iel
1111 2458 1228 2492 ablatas
1267 2458 1419 2498 retinere,
1458 2457 1506 2492 vel
1541 2458 1656 2492 iniuste
1690 2458 1778 2493 datas

1031 2507 1096 2541 suis
1118 2506 1228 2541 usibus
1255 2506 1430 2546 vindicare,
1459 2507 1618 2548 minuere,
1642 2507 1695 2542 'vel
1729 2515 1780 2542 te-

1032 2557 1172 2590 merariis
1194 2555 1412 2590 vexationibus
1435 2555 1581 2602 fatigare3
1603 2555 1658 2591 sed
1674 2556 1782 2591 omnia

1066 2622 1104 2655 (1)
1122 2621 1160 2647 Ex
1177 2620 1359 2655 authographo
1377 2620 1505 2648 Athanac.
1518 2620 1600 2648 edidit.
1616 2620 1778 2649 sammarth.

1031 2662 1099 2689 Gan.
1117 2661 1214 2688 Christ.
1235 2665 1298 2688 tom.
1319 2669 1359 2687 ιιι.

1800 286 1848 312 An.
1869 285 1897 312 C.
1917 286 1981 312 lltssi'l

1816 1082 1942 1104 Exordium.

1816 1287 1908 1308 atanasi.
1926 1290 1987 1308 Attia<

1803 1320 1852 1336 nac.
1866 1316 1908 1337 sub
1928 1315 1991 1338 Sedis

1803 1345 1939 1368 Apustoncae
1949 1351 1989 1364 au-

1802 1370 1903 1390 cton‘tate
1912 1371 1988 1397 recipi-

1804 1399 1846 1416 kur.

1818 1597 1876 1618 Bona
1899 1604 1988 1619 enume-

1804 1628 1882 1645 rantur
1895 1628 1917 1645 et
1935 1631 1989 1646 eon-

1805 1651 1935 1676 fumantum

1804 2316 1874 2341 Atque
1887 2316 1914 2336 ab
1927 2317 1989 2337 omni

1805 2343 1921 2363 vexatione
1947 2344 1990 2363 im-

1805 2371 1882 2389 munia
1913 2369 1989 2391 decer-

1804 2398 1896 2417 nuntur.
