2180 3205
258 1794 364 1819 Bullarii
391 1796 445 1819 Ma-

228 1826 272 1857 gni
299 1826 396 1850 utilitas
421 1832 445 1851 et

229 1858 368 1882 necessitas
394 1867 444 1882 non

228 1889 304 1912 modo
321 1889 445 1914 ecclesia-

228 1919 298 1943 sticis
305 1921 396 1944 studiis
404 1929 447 1945 va—

228 1951 352 1979 cantibus,
364 1953 408 1977 sed
417 1961 445 1977 e-

229 1983 388 2008 tiamtnteris
395 1985 444 2008 hu-

454 165 515 191 xx'l
1160 165 1338 192 PRAFATIO

456 228 489 258 et
515 221 633 269 viginti
661 233 771 258 annos
798 222 981 267 insudavit,
1008 224 1095 260 mira
1122 230 1212 260 certc
1239 224 1450 267 constantia,
1484 224 1646 272 deditque
1681 223 1951 260 continuationis
1977 229 2052 259 octo

455 279 647 323 volumina,
674 280 791 327 viginti
818 292 909 324 vero,
937 293 1025 329 quae
1053 282 1346 318 Cherubinianam
1374 282 1625 324 collectionem,
1652 282 1796 318 mirifice
1817 281 2054 329 ditissimeque

455 344 592 373 auctam
619 339 692 384 (sex
719 349 870 386 namque
897 340 1130 376 voluminibus
1157 341 1231 389 ipsa
1257 341 1353 389 prius
1380 339 1646 387 continebatur),
1674 340 1845 383 referunt3
1867 339 1926 375 sed
1943 339 2053 375 multo

455 395 634 431 molimine
669 402 700 431 et
736 397 929 441 saltuatim3
958 410 1051 434 nunc
1078 410 1197 443 unam,
1217 411 1312 434 nunc
1338 399 1441 434 aliam
1463 398 1576 446 operis
1604 404 1737 445 partem
1764 398 1879 445 praelo
1907 397 2054 433 commi-

455 459 549 497 tens;
577 465 670 489 nunc
698 455 969 491 continuationis
996 468 1122 503 urgens
1150 457 1336 500 volumina,
1363 468 1457 492 nunc
1484 456 1682 499 retardans3
1709 456 1921 491 interficiens
1952 466 2055 503 saepe

455 523 542 547 nora
577 512 761 555 veteribus,
796 514 935 562 saepius
966 521 1079 550 vetera
1113 515 1227 559 novis3
1266 516 1358 563 quod
1385 515 1448 551 etsi
1477 514 1652 550 nescimus
1679 525 1748 561 qua
1774 525 1910 556 caussa,
1938 519 2055 549 tamen

455 582 525 606 non
553 570 626 606 sine
655 571 769 618 aliqua
796 572 925 608 factum
953 573 1057 609 fuisse
1084 574 1240 609 dicemus
1268 575 1308 609 (¹1.
1337 573 1442 609 Cuius
1469 585 1552 609 sane
1580 572 1740 608 editionis
1767 572 1979 618 praestantia
2002 571 2055 607 vel
2077 590 2079 593 ·

455 640 495 664 ex
523 639 562 664 eo
583 636 736 676 apparet.
757 630 848 677 quod
869 631 938 666 duo
960 631 1074 678 priora
1100 631 1276 667 volumina
1295 631 1406 667 bullas
1426 631 1562 667 circiter
1581 631 1675 666 mille
1696 630 1886 673 continent,
1906 641 2054 677 quarum

454 686 685 733 trigintaduae
712 689 955 724 tantummodo
983 689 1018 724 in
1045 689 1302 725 Cherubiniana
1329 689 1531 725 collectione
1559 696 1680 725 nactae
1708 689 1843 724 fuerant
1870 688 1999 724 sedem.

504 744 648 780 Silentio
674 745 731 781 hic
758 746 858 782 nobis
884 747 1138 794 praetereunda
1159 753 1238 783 sunt
1260 747 1424 794 specialia
1445 747 1614 782 Ordinum
1633 747 1872 794 religiosorum
1892 745 2056 790 Bullaria,

455 815 565 850 quum
592 803 634 838 ad
662 803 740 844 alia,
767 804 950 840 adiuvante
977 805 1059 847 Deo,
1087 817 1323 852 properemus.
1353 805 1425 840 Hoc
1453 817 1564 840 unum
1590 805 1685 840 haud
1712 805 1772 840 abs
1799 816 1835 840 re
1862 804 1965 840 fuerit
1993 804 2056 840 ad-

456 867 610 900 notasse,
647 862 694 896 Cl.
723 862 932 909 Margarium
961 875 978 898 e
1004 863 1447 899 Benedictino-Cassinensi
1486 863 1682 907 sodalitate,
1718 863 1845 899 harum
1882 863 2055 899 collectio-

456 930 542 954 num
569 919 810 966 peculiarium,
837 921 996 956 omnium
1024 921 1188 968 primuni,
1217 933 1308 957 anno
1329 932 1414 965 MDL,
1430 921 1574 957 caeteris
1612 920 1811 969 praebuisse
1839 921 2056 968 exemplum3

456 977 548 1024 quod
577 977 692 1024 plures
726 985 845 1025 postea
878 979 1029 1014 illustres
1061 979 1217 1014 doctrina
1250 979 1311 1014 viri
1339 979 1482 1015 feliciter
1508 985 1589 1015 sunt
1621 979 1755 1014 imitati.
1784 979 1895 1014 liuius
1921 977 2057 1025 generis

457 1040 505 1070 est
533 1035 725 1071 Castellana
752 1036 907 1072 collectio
940 1037 1009 1075 (an.
1038 1047 1175 1072 §locvm
1203 1037 1295 1073 edita
1324 1037 1476 1073 Venetiis
1504 1037 1595 1085 apud
1623 1037 1790 1072 Lazarum
1818 1037 1865 1072 De
1892 1036 2056 1083 Soardis),

456 1104 561 1140 quain
588 1093 681 1128 auxit
709 1099 741 1128 et
769 1094 943 1140 castigavit
970 1094 1006 1129 Ρ.
1035 1095 1071 1129 F.
1100 1094 1271 1131 Antonius
1290 1095 1477 1139 Bremontl,
1505 1095 1680 1142 ediditque
1708 1095 1772 1130 hoc
1801 1095 1915 1130 titulo:
1953 1094 2057 1130 Bull-

455 1150 583 1186 larium
617 1150 760 1187 Ordinis
779 1152 854 1187 FF.
879 1151 1180 1196 prosaicam-um,
1201 1152 1450 1200 sub-auspiciis
1476 1153 1544 1188 SS.
1568 1154 1610 1188 D.
1633 1153 1679 1188 N.
1710 1154 1751 1189 D.
1781 1152 1964 1188 Benedicti
1987 1152 2063 1188 XII

455 1209 559 1244 Pont.
600 1209 694 1244 Max.
725 1209 875 1245 eiusdem
904 1209 1046 1246 Ordinis
1073 1211 1229 1254 (Romae,
1256 1211 1344 1258 typis
1372 1211 1573 1259 Hieronymi
1601 1210 1782 1253 Mainardi,
1809 1221 1915 1257 opera
1941 1215 2058 1246 tamen

457 1272 489 1302 et
515 1266 629 1302 studio
661 1267 780 1303 Rev.mi
806 1267 843 1303 P.
884 1268 1038 1304 Thomae
1065 1268 1204 1316 Ripoll,
1242 1269 1329 1316 Mag.
1370 1281 1446 1316 gen.
1487 1268 1643 1304 eiusdem
1681 1268 1843 1311 Ordinis,
1879 1266 2057 1315 (Μυκη).

456 1324 568 1360 Huius
587 1325 721 1371 generis
742 1331 791 1361 est
811 1337 898 1373 opus
919 1326 1095 1373 egregium
1118 1326 1342 1374 inscriptum:
1369 1327 1554 1362 Bullarum
1583 1326 1759 1362 Basilicae
1787 1326 1973 1361 t'acicanae
1990 1325 2060 1360 ool-

455 1382 558 1419 lectio
584 1382 619 1418 in
649 1390 719 1419 tres
758 1390 864 1419 tomos
891 1383 1093 1428 distributa,
1121 1386 1212 1421 notis
1237 1392 1339 1420 atteia
1364 1393 1398 1421 et
1426 1385 1605 1421 illustrata
1632 1397 1653 1420 α
1678 1385 1847 1433 Philippo
1882 1383 2058 1431 Dionysio,

455 1441 609 1477 Antonio
637 1441 836 1478 Martz'nettz'
862 1449 895 1478 et
926 1443 1091 1479 Caietano
1121 1443 1251 1480 Cemzio
1284 1443 1429 1482 (Romae
1456 1443 1672 1490 nnccxm'n).
1715 1443 1869 1484 Quorum
1906 1443 2058 1491 profecto

457 1499 687 1547 aliorumque,
715 1512 800 1547 quos
827 1501 1057 1548 praeterimus
1084 1502 1256 1544 consulto,
1282 1501 1594 1545 lucubrationibus,
1621 1513 1738 1538 rerum
1757 1501 2060 1549 diplomaticarum

455 1557 617 1593 studiosis
644 1558 827 1594 hauriendi
849 1559 960 1606 plenis
981 1559 1162 1596 haustibus
1184 1560 1270 1595 sacta
1292 1560 1435 1596 facultas
1457 1566 1516 1595 est.
1544 1560 1645 1603 Nam,
1665 1567 1703 1595 ut
1722 1566 1814 1596 recte
1840 1560 2059 1596 Bremondus

455 1615 576 1651 habet:
612 1616 797 1652 Avaritiae
831 1629 937 1662 yemis
967 1624 1053 1653 esset
1081 1617 1134 1653 his
1161 1618 1313 1653 oraculis
1346 1618 1508 1666 perfrui,
1537 1617 1718 1665 supinari,
1745 1618 1936 1660 ditescere,
1964 1625 1996 1654 et
2023 1630 2060 1654 ιη

456 1684 632 1709 commune
656 1674 867 1710 commodum
894 1675 959 1711 illa,
985 1688 1052 1711 mm
1079 1676 1239 1723 conferre
1266 1677 1307 1710 ⁴22.

506 1730 560 1766 vl.
596 1731 759 1767 Arbitrati
786 1739 867 1768 sunt
894 1733 1071 1779 nonnulli,
1098 1733 1272 1782 hodieque
1299 1734 1521 1777 arbitrantur,
1548 1734 1576 1770 si
1603 1734 1660 1782 qui
1689 1734 1774 1770 forte
1801 1746 1840 1770 ex
1868 1734 2060 1782 pseudoso-

458 1789 561 1836 phiae
588 1789 705 1825 schola
738 1791 913 1838 prodiere,
941 1791 1143 1841 huiusmodi
1170 1791 1265 1827 libris
1292 1792 1525 1840 operibusque
1553 1792 1791 1828 ecclesiasticis
1817 1798 1954 1828 tantum
1979 1792 2060 1828 viris

460 1858 534 1883 esse
560 1848 730 1883 utendum
747 1877 755 1891 ,
795 1849 1049 1896 aliquantulum
1090 1850 1194 1885 etiam
1229 1850 1313 1885 iuris
1340 1850 1447 1886 civilis
1474 1861 1692 1886 sacrorumve
1719 1861 1894 1886 canonum
1921 1849 2059 1898 peritis;

460 1906 500 1942 iis
526 1918 618 1949 vero,
639 1907 695 1954 qui
724 1907 991 1943 humanioribus
1018 1908 1140 1944 litteris
1168 1914 1200 1943 et
1226 1908 1368 1955 reliquis
1395 1908 1586 1956 disciplinis
1614 1909 1765 1955 operam·
1782 1908 1877 1952 dant,
1896 1919 2059 1956 superva-

460 1975 609 2000 caneum
636 1976 709 2001 csse
737 1965 936 2013 nulliusque
963 1977 1047 2001 usus
1073 1966 1276 2001 Bullarium.
1306 1966 1471 2012 Theologi
1498 1966 1639 2013 quidem
1660 1972 1693 2001 et
1712 1977 1887 2002 canonum
1914 1965 2060 2002 studiosi

495 2135 532 2169 (1)
551 2135 691 2162 Lectorem
722 2134 881 2169 cognovisse
911 2142 963 2161 non
991 2134 1094 2169 pigebit
1120 2133 1233 2161 huiusce
1263 2133 1406 2169 evulgandi
1435 2134 1526 2169 operis
1555 2133 1680 2161 ordinem
1709 2133 1948 2169 chronologicum,
1977 2141 2058 2169 quem

459 2179 574 2214 Corque!
588 2178 650 2205 nius
666 2182 798 2214 sequutus
819 2183 869 2205 est.
891 2179 967 2205 Anna
988 2179 1070 2214 igitur
1091 2179 1169 2211 1732„
1191 2178 1310 2214 primnm
1332 2187 1417 2205 novae
1437 2179 1468 2205 ed
1483 2179 1564 2205 nonis
1583 2178 1727 2209 volumen,
1749 2179 1834 2205 totius
1852 2177 1944 2213 operis
1962 2184 2010 2209 νιι,
2031 2177 2060 2204 in

458 2223 545 2251 lucem
576 2222 693 2259 prodiit:
715 2232 734 2250 s·
746 2223 850 2258 quenti,
872 2223 1022 2250 secundnm
1044 2227 1071 2250 et
1091 2224 1217 2252 tertium.
1239 2224 1328 2259 operis
1348 2230 1397 2250 γιιι
1418 2227 1444 2250 et
1464 2231 1509 2250 lx:
1531 2223 1661 2259 proximis
1680 2223 1787 2250 duobus
1806 2223 1897 2256 annis,
1919 2218 2058 2258 quartum,

458 2268 582 2304 quintum
599 2272 625 2294 rt
644 2273 748 2294 sextum
762 2289 769 2300 ,
790 2268 855 2294 alia*
875 2275 902 2300 x,
919 2275 945 2294 ιιι
966 2271 991 2294 et
1012 2274 1067 2294 xli:
1089 2276 1160 2294 anno
1182 2268 1251 2294 17:³8
1264 2290 1270 2298 ,
1293 2276 1345 2295 non
1366 2267 1445 2294 modo
1465 2268 1611 2303 septimum
1633 2267 1775 2298 vot-lmen,
1796 2267 1886 2302 operis
1907 2273 1971 2299 nn,
1988 2266 2060 2293 diem

458 2313 534 2347 vidit,
551 2313 598 2339 sed
615 2313 695 2339 etiam
710 2319 735 2339 γι
752 2313 895 2339 voluminis
910 2312 1130 2339 Cherubinianae
1149 2312 1230 2339 serii
1249 2321 1315 2346 pars
1329 2322 1445 2347 prima:
1466 2321 1536 2340 anno
1556 2313 1631 2341 1739.
1651 2313 1774 2339 volumen
1791 2318 1799 2338 ι
1814 2315 1842 2338 et
1856 2318 1875 2338 ιι
1890 2311 2058 2346 Cherubinfi,

460 2362 486 2385 et
505 2359 645 2393 Sv-quenti,
668 2357 810 2384 vnluminis
830 2363 857 2384 ιιι
875 2365 945 2391 pars
964 2358 1080 2392 prima,
1097 2364 1123 2383 γι
1140 2366 1202 2384 vri-o
1222 2358 1347 2384 secunda
1368 2363 1391 2384 et
1414 2359 1518 2385 tertia:
1539 2365 1608 2384 anno
1630 2357 1708 2391 1741,
1730 2356 1851 2383 eius-tvm
1873 2357 1924 2382 vol.
1942 2362 1972 2382 nt
1990 2364 2061 2391 pars

458 2403 592 2433 secunda,
613 2407 639 2429 et
659 2411 714 2429 u=·a
734 2410 761 2429 γι
781 2402 929 2438 supradicti
955 2411 1027 2436 pars
1047 2405 1153 2436 quarta
1174 2407 1199 2428 rt
1219 2403 1340 2437 quirini,-
1361 2406 1387 2428 ·t
1407 2404 1516 2429 tandem
1536 2411 1608 2429 anno
1629 2402 1696 2428 1742
1720 2410 1789 2436 pars
1817 2401 1895 2428 huius
1915 2400 2060 2428 voluminis

458 2451 551 2474 seaelct.
573 2448 667 2474 Annus
692 2448 776 2480 1743,
798 2454 825 2474 ιιι
847 2447 990 2474 voluminis
1006 2450 1119 2481 partem
1140 2447 1257 2474 tertiam
1281 2447 1400 2482 protulit,
1422 2451 1447 2473 rt
1467 2455 1584 2482 sequens
1605 2453 1648 2473 xiv
1669 2447 1811 2480 volumen,
1832 2445 2060 2481 c12cquetinianae

459 2500 625 2518 recvnsvonvs
641 2497 800 2519 extremum.
818 2492 917 2518 Tribus
933 2491 1140 2526 insequentibus
1155 2492 1234 2518 anuis
1249 2498 1275 2518 ιγ
1291 2491 1450 2518 Cherubinii
1466 2492 1590 2518 volumen
1606 2491 1633 2517 in
1649 2494 1776 2525 quatuor
1792 2493 1892 2525 partes
1906 2499 1954 2517 seu
1969 2494 2060 2517 tomos

460 2536 535 2563 dedit
549 2536 748 2572 C··cquetin=us,
764 2541 799 2564 et.
812 2542 929 2572 quatuor
945 2537 1094 2563 interivctis
1113 2538 1202 2570 annis,
1215 2545 1281 2572 opus
1296 2545 1375 2564 omne
1396 2537 1551 2572 complevit,
1572 2536 1696 2562 volumen
1713 2542 1730 2561 v
1749 2535 1910 2571 evulgando,
1928 2536 2059 2570 quinque

456 2582 595 2616 partibus
609 2591 656 2608 seu
678 2582 764 2609 comis
783 2581 1022 2616 comprehensum,
1043 2589 1113 2608 anno
1135 2582 1212 2609 1756.
1235 2581 1302 2608 Hinc
1321 2586 1390 2608 rano
1409 2588 1520 2617 apparet
1536 2589 1584 2608 cur
1598 2582 1619 2607 si
1635 2580 1801 2607 voluminum
1818 2580 1916 2608 seriem
1931 2588 2058 2616 quaeras,

461 2626 685 2662 quntnordecim2
705 2635 726 2653 st
748 2634 901 2658 ηιιιῐι-Τιιιιι,
923 2626 1015 2661 viginti
1035 2633 1096 2653 octo
1116 2627 1142 2653 in
1163 2626 1239 2656 folio,
1263 2627 1300 2653 uti
1321 2626 1424 2659 dmum,
1445 2626 1574 2661 reperies.

496 2671 536 2706 (2)
554 2671 583 2698 ln
603 2671 779 2707 praefatione,
800 2679 881 2707 quam
901 2672 1059 2707 praeposuit
1079 2671 1194 2698 bullario
1216 2671 1389 2699 Dominicano
1409 2671 1482 2707 quod
1501 2679 1583 2706 supra
1603 2670 1822 2698 memoravimus.

2169 2840 2180 2852 e
2166 2787 2180 2831 ψη)
2160 2646 2180 2778 ΛΑΜ-υ
2164 2584 2180 2635 .....ι
2163 2419 2180 2578 *mma-uua
2168 2341 2180 2395 ..μή
2168 2284 2180 2322 .=..e
2174 2270 2180 2277 2
