2180 3205
67 246 114 274 Λιι.
129 247 157 273 C.
180 245 244 273 1¹75
875 246 1012 268 Artzxm

260 312 346 335 cessa
365 309 450 340 sunt,
483 300 591 335 usibus
619 299 810 335 omnimodis
834 300 1008 346 profutura:

259 350 340 384 salva
369 350 461 384 Sedis
482 349 681 396 Apostolicae
707 349 899 383 anctoritate.

310 398 357 432 Ad
382 399 532 433 indicium
555 407 658 433 antem
683 398 776 432 liuius
792 410 806 431 a
829 397 913 431 Sede
929 397 1012 443 Apo-

18 451 31 508 {3
63 447 247 500 quss'ffjss‘essjffgff
260 447 368 481 stolica
397 457 561 494 perceptae
585 447 789 487 liberalitatis,
817 447 924 481 decem
942 458 1011 480 ma-

15 518 36 561 }
63 486 246 538 zm'm'ssflitffl.-
261 496 403 531 lat-binos
418 501 461 540 (1)
477 497 567 531 nobis
580 497 757 543 nostrisque
771 494 1010 531 successoribus

0 561 34 638 Ξ

64 541 109 562 ⁶¹¹⁵·
260 546 352 580 annis
374 546 508 592 singulis
532 545 724 593 persolvetis.

310 594 418 641 Siqua
443 595 537 641 igitur
555 596 586 629 in
610 595 749 629 futurum
772 593 942 629 saecularis
955 605 1008 627 ec-

14 641 33 692 ς*
61 636 473 697 i3.”{'0'l‚2''.¹3¹.2?23⁰¹⁰⁵³³⁸¹¹⁰³*'‘³
499 656 653 690 persona,
682 644 763 678 lianc
787 651 910 678 nostrae
932 655 1010 677 con-

18 414 34 447 f.-

14 701 25 750 ᾗ·
62 706 244 734 prix-itegtttunius;
259 693 430 727 stitutionis
457 693 600 740 paginam
638 693 761 732 sciens,
794 692 1010 727 contravenire

12 739 36 791 ι’
259 743 439 780 tentaverit,
465 742 606 776 secundo
636 742 765 776 tertiove
793 741 920 781 monita,
950 741 1008 775 nisi

13 798 33 830 ξ.
258 791 548 838 praesumptionem
576 803 664 826 snam
683 791 776 836 digna
799 790 1009 825 satisfactione

257 841 458 881 revocaverit,
488 840 650 887 potestatis
678 840 869 886 honorisque
891 839 937 873 sni
958 839 1010 872 di-

256 890 374 935 gnitate
395 898 509 930 careat,
534 902 683 936 reamque
701 901 734 924 se
763 889 869 923 divino
893 888 1009 922 iudicio

12 958 22 989 ¹.
256 939 389 973 existere
405 939 442 973 de
459 947 633 986 perpetrata
648 938 812 985 iniquitate
826 946 1007 984 cognoseat,

10 996 26 1030 ξ-
255 997 285 1022 et
311 1000 327 1022 a
361 989 573 1023 sacratissimo
606 988 748 1035 Corpore
780 1000 815 1021 ac
847 987 1008 1032 Sanguine

11 1050 25 1084 ,ᾗ
255 1036 314 1071 Dei
341 1045 371 1071 et
396 1036 526 1072 Domini
552 1037 775 1084 Redemptoris
809 1037 906 1070 nostri
938 1036 1007 1070 Iesu

8 1097 19 1123 f
258 1085 375 1120 Christi
425 1086 525 1121 aliena
561 1087 630 1126 fiat,
666 1095 759 1132 atque
804 1086 833 1119 in
868 1093 1008 1120 extremo

6 1116 26 1170 ’ζῖ
257 1135 402 1169 examine
421 1135 581 1170 districtae
613 1136 721 1170 ultioni
745 1134 914 1169 subiaceat.

9 1178 31 1231 ξ’
305 1182 436 1218 Cunctis
461 1193 566 1219 autem
596 1184 683 1219 vohis
710 1192 810 1218 vestra
845 1183 910 1217 iura
941 1195 1008 1217 ser-

10 1253 21 1283 .‘
58 1231 245 1289 pffff'ffiflff'gflw‘f‘
257 1232 403 1268 vantibus
420 1233 461 1267 sit
483 1246 541 1280 pax
557 1233 686 1268 Domini
710 1233 807 1267 nostri
831 1232 898 1267 lesu
914 1232 1008 1266 Chri-

58 1293 162 1314 vannmn.
256 1290 312 1326 stt,
334 1290 491 1328 quatenus
513 1283 607 1317 ethic
629 1282 764 1317 fructum
793 1281 892 1316 bonae
907 1282 1009 1316 actio-

7 1333 21 1356 ὓ
257 1331 306 1365 nis
327 1331 513 1378 percipiant,
531 1339 561 1366 et
573 1332 656 1378 apud
672 1332 850 1365 districtum
866 1330 1007 1365 Iudicem

16 1420 20 1421 ⁷
257 1380 396 1427 praemia
422 1387 568 1415 aeternae
591 1382 676 1427 pacis
698 1380 869 1414 inveniant.
893 1379 1006 1414 Amen.

7 1449 19 1485 ὦ
57 1428 240 1487 ‘ffssssffifflffl
304 1428 377 1463 Eoo
410 1431 611 1464 ALssxANDEn
646 1429 760 1465 cathol.
795 1429 882 1465 Eccl.
909 1430 1006 1476 episc.

6 1931 11 1953 t
59 1937 78 1954 ei
103 1933 124 1955 s.
140 1933 163 1955 ιι.
182 1933 240 1956 acci.
303 1922 370 1968 Ego
396 1921 579 1958 Gualterius
610 1925 801 1962 Albanensis
827 1928 1005 1975 episcopus.

7 1964 18 1986 ²·
59 1964 204 1985 ‘³'“¹⁶'¹²¹¹¹¹'¹¹’·
302 1971 372 2017 Ego
404 1970 539 2007 loannes
567 1974 730 2022 presbyter
755 1976 922 2012 cardinalis
955 1979 1004 2012 Ss.

255 2019 382 2054 loannis
403 2029 434 2054 et
455 2020 543 2056 Pauli
573 2023 651 2057 tituli
677 2024 882 2060 pammachii.

303 2069 373 2115 Ego
407 2069 540 2105 loannes
573 2073 678 2118 presb.
715 2075 883 2110 cardinalis
926 2075 1006 2109 tituli

255 2117 416 2152 Laurentii
446 2118 476 2153 in
504 2119 636 2156 Lucina.

306 2166 372 2212 Ego
393 2167 478 2202 Boso
502 2170 606 2216 presb.
628 2171 712 2206 card.
736 2172 769 2208 S.
789 2172 1007 2207 Pudentianae

257 2215 303 2249 tit.
327 2216 474 2251 Pastoris.

3 2264 21 2306 {j
306 2264 375 2311 Ego
396 2265 579 2302 Mansretlus
601 2269 761 2317 presbyter
779 2270 946 2305 cardinalis
959 2270 1006 2306 tit.

3 2316 19 2358 g
257 2313 391 2349 Sanctae
417 2315 585 2351 Caeciliae.

0 2367 21 2406 >fi
306 2362 373 2409 Ego
394 2363 507 2399 Petrus
539 2366 700 2415 presbyter
726 2368 894 2403 cardinalis
927 2368 1005 2403 tituli
1027 2383 1030 2390 ·

2 2410 22 2455 {g
257 2411 393 2446 Sanctae
416 2412 561 2449 Sabinae.

4 2462 22 2496 ,“·
306 2460 375 2506 Ego
388 2461 525 2497 lacintns
535 2463 687 2500 diaconus
699 2466 866 2501 cardinalis
874 2465 1008 2501 Sanctae

0 2502 22 2549 J
257 2508 373 2544 Mariae
400 2510 439 2545 de
466 2511 648 2548 Cosmedin.

0 2553 17 2608 ’,ἲ
293 2565 333 2601 (t)
357 2567 522 2594 Mamertinus
536 2589 542 2600 ,
564 2572 746 2604 ηιοΙιισΙιίηιιε,
775 2576 895 2599 monetae
919 2579 1009 2598 aurete
1027 2563 1031 2593 ἓ

0 2602 20 2646 '3
37 2633 48 2648 ·
257 2605 409 2641 hispanicae
424 2608 535 2642 species.
554 2612 592 2644 (n.
609 2611 648 2645 τ.)

4 2677 17 2693 4
376 2651 451 2681 Ball.
471 2652 548 2682 Rom.
573 2653 626 2682 t'ul.
650 2655 684 2683 Il.
851 2656 889 2685 99

1686 235 1755 267 785

1104 299 1170 344 ligo
1195 298 1322 334 Aulicio
1345 299 1495 334 diaconus
1510 298 1679 334 cardinalis
1696 298 1805 334 Sancti

1054 348 1225 382 leodori.

1104 397 1169 442 Ego
1191 397 1316 432 Cintius
1338 397 1490 432 diaconus
1511 397 1679 433 cardinalis
1699 396 1806 432 Sancti

1054 446 1192 479 Adriani.

1102 494 1167 540 ligo
1200 495 1346 530 Vitellius
1380 495 1533 530 diaconus
1560 494 1727 530 cardinalis
1752 494 1804 530 Ss.

1053 543 1155 586 Sergii
1178 552 1208 578 et
1229 544 1358 579 Bacchi.

1101 592 1169 639 Ego
1192 593 1355 628 Laborans
1382 593 1535 629 diaconus
1556 593 1640 629 card.
1670 593 1805 629 Sanctae

1053 641 1166 676 Mariae
1194 643 1222 676 in
1246 642 1384 677 l'orticu.

1101 691 1169 737 Ego
1196 691 1366 726 Rainerius
1400 692 1551 727 diaconus
1578 692 1662 728 card.
1695 691 1804 728 Sancti

1051 739 1195 783 Gregorii
1223 740 1262 774 ad
1294 741 1475 775 Velabrum.

1100 789 1168 834 Ego
1195 789 1344 824 Vivianus
1371 790 1450 825 diac.
1486 791 1570 825 card.
1599 790 1706 825 Sancti
1742 791 1806 825 Ni-

1051 837 1129 872 colai
1157 838 1187 872 in
1216 838 1350 873 Carcere
1375 839 1532 874 Tulliano.

1100 887 1170 921 Dat.
1205 887 1366 922 Ferentini
1406 901 1462 935 per
1497 901 1625 923 manum
1661 887 1804 923 Gratiani

1051 944 1176 971 sanctae
1198 935 1360 971 Romanae
1382 937 1542 972 Ecclesiae
1564 937 1751 972 subdiaconi
1775 946 1805 972 et

1051 986 1174 1025 notarii,
1198 998 1237 1019 111
1262 999 1360 1021 nonas
1382 987 1461 1031 iulii,
1484 987 1592 1021 indict.
1615 999 1689 1027 vm,
1706 987 1804 1021 incar.

1050 1033 1135 1068 dom.
1155 1047 1238 1069 anno
1260 1047 1401 1077 MCLXXV,
1425 1036 1628 1082 pontificatus
1650 1047 1723 1070 vero
1747 1036 1805 1071 (Ιο-

1051 1083 1116 1117 mni
1141 1084 1311 1125 Alexandri
1334 1085 1437 1131 Papae
1457 1084 1500 1119 Ill
1521 1097 1604 1120 anno
1627 1097 1692 1118 xvi.

1124 1139 1186 1170 Dat.
1205 1141 1251 1171 die
1274 1142 1292 1171 5
1316 1141 1380 1171 iulii
1400 1151 1475 1171 anno
1497 1141 1612 1171 Domini
1641 1142 1728 1179 1175,

1304 1189 1384 1224 pont.
1402 1194 1478 1214 anno
1495 1194 1552 1215 ΧΠ.

1367 1249 1481 1258 ..—...

1050 247 1065 268 n
1095 247 1129 268 ιιι
1160 246 1206 268 νιν.
1821 245 2004 272 An.e.tt75

1351 1325 1498 1360 LXXXI.

1050 1398 1251 1442 Prt'oileqt'um
1262 1399 1494 1442 approbationis
1505 1398 1803 1432 archimandritam&

1318 1448 1531 1481 Messanensis.

1319 1520 1535 1551 SUMMARtUM

1050 1581 1240 1612 Prooemium.
1268 1599 1308 1605 —
1328 1583 1480 1613 Guillelmi
1502 1583 1621 1613 Siciliae
1643 1584 1722 1622 regis
1751 1594 1803 1624 po-

1017 246 1044 268 tr,

1090 1626 1209 1655 stulatio
1231 1635 1282 1664 pro
1309 1626 1468 1656 obtinenda
1498 1628 1667 1658 huiusmodi
1690 1629 1801 1658 constr-

1090 1670 1226 1699 matione.
1237 1670 1493 1700 —Monasterium
1506 1672 1727 1702 archimandrit.
1745 1673 1800 1702 sub

1090 1715 1270 1753 protectione
1302 1714 1388 1744 Sectis
1420 1715 1604 1754 Apostolicae
1630 1717 1801 1755 suscipitur.

1088 1775 1128 1780 —
1152 1759 1191 1788 De
1211 1759 1373 1788 monastico
1393 1760 1526 1789 instituto
1549 1760 1621 1790 inibi
1645 1762 1799 1792 servando.

1088 1802 1214 1832 —Bona
1243 1804 1340 1833 omnia
1360 1813 1392 1833 ac
1410 1804 1559 1842 privilegia
1580 1805 1800 1835 confirmantur.

1088 1863 1128 1868 —
1152 1847 1407 1877 Archimandritae
1430 1857 1520 1887 super
1541 1848 1662 1878 abbates
1685 1854 1713 1879 et
1735 1860 1801 1879 mo-

1089 1890 1201 1920 nachos
1229 1891 1477 1921 monasteriorum
1506 1891 1564 1921 sibi
1591 1892 1802 1923 subiectorum.

1088 1951 1128 1956 —
1148 1934 1335 1965 Confirmatio
1364 1935 1510 1965 bonorum
1534 1938 1703 1967 monasterii
1730 1937 1803 1967 liles-

1090 1988 1191 2008 sanen.
1221 1979 1356 2017 civitatis,
1380 1985 1487 2010 statuto
1506 1991 1604 2011 annuo
1626 1991 1718 2011 censu
1751 1992 1801 2011 ar-

1089 2023 1279 2062 chiepiscopo
1300 2025 1506 2063 persolvendo.
1533 2043 1572 2048 -
1590 2026 1763 2056 lmmunitas
1786 2037 1801 2057 a

1089 2067 1236 2097 solutione
1254 2078 1377 2098 onerum
1396 2078 1486 2108 super
1507 2070 1663 2099 novalibus
1686 2075 1736 2100 etc.
1763 2088 1803 2094 —

1088 2111 1243 2150 Privilegia
1282 2118 1369 2152 atque
1409 2115 1607 2153 exemptiones
1642 2116 1802 2145 nonnullae

1089 2157 1300 2186 conceduntur.
1312 2174 1352 2179 ——
1364 2157 1526 2187 Libertates
1540 2159 1718 2188 monasterio
1732 2168 1802 2188 con-

1089 2209 1189 2230 cessas
1208 2205 1286 2230 ratas
1304 2201 1402 2231 habet.
1425 2219 1466 2224 —-
1487 2203 1723 2232 Arc-himandrita
1750 2213 1803 2242 per

1089 2246 1249 2274 monachos
1272 2244 1435 2282 eligendus.
1456 2262 1496 2268 —
1516 2246 1668 2276 Decretum
1689 2247 1801 2277 immu-

1088 2289 1190 2318 nitatis
1210 2298 1225 2318 a
1244 2298 1431 2328 quacumque
1454 2293 1570 2320 externa
1595 2291 1741 2321 molestia.
1762 2308 1803 2314 —-

1026 2360 1030 2377 ἕ
1088 2332 1198 2362 Solitae
1220 2333 1436 2363 conclusiones.

1027 2411 1030 2433 3
1048 2395 1181 2424 Alexander
1199 2394 1318 2433 episcopus
1339 2403 1416 2424 servus
1433 2404 1550 2425 servorum
1574 2395 1630 2434 Dei,
1653 2395 1747 2426 Onulrio
1767 2407 1801 2427 ar-

1088 2439 1254 2468 chimandritae
1276 2439 1298 2467 S.
1322 2439 1443 2469 sntvatons
1461 2440 1622 2479 Messanensis,
1642 2441 1737 2479 eiusque
1758 2441 1802 2472 ira-

1089 2483 1161 2513 tribus
1176 2487 1221 2512 tam
1243 2483 1401 2522 praesentibus
1422 2493 1490 2522 quam
1512 2483 1602 2514 suturis.

1099 2554 1298 2599 Apostolicae
1320 2554 1429 2593 Sedis,
1453 2555 1502 2588 cui
1525 2567 1716 2603 quamquam
1739 2556 1800 2591 im·
1828 2575 1962 2599 mmmmm,

1051 2603 1169 2643 meriti,
1200 2602 1384 2650 providente
1412 2603 1548 2639 Domino
1570 2605 1798 2652 praesidemus,
