2180 3205
876 268 972 293 INDEX
994 267 1107 293 nunmc
1113 269 1196 293 ARUM

362 330 472 370 sterii,
511 340 547 362 ac
585 330 773 374 praesertim
803 329 961 374 privilegii
1000 339 1017 362 a

363 382 501 426 Rogerio
537 383 738 417 Salernitano
771 383 887 416 comite
912 383 1015 416 eidem

363 445 471 468 coram
493 436 578 480 Papa
599 436 828 479 nonnullisque
859 435 1017 480 episcopis

363 489 516 529 concessi,
541 488 614 521 142.

275 541 349 576 XVI.
379 542 615 576 Constitutioad
637 543 830 576 Rainoldum
853 542 1014 586 archiepi-

363 605 496 640 scopum
523 596 713 629 Remensem
735 601 766 629 et
797 595 1035 637 suffraganeos

364 649 433 682 eius
455 655 567 682 contra
592 649 791 693 polygamos,
826 660 931 689 eosve,
962 649 1016 693 qui

363 702 579 735 foeminarum
595 702 654 735 rite
664 703 847 746 promiscua
862 703 1016 735 baberent

362 755 536 794 connubia,
558 754 632 788 1147.

274 807 363 843 XVII.
393 808 592 853 Syracusana
611 809 763 848 Ecclesia,
784 809 950 851 aRogerio
964 819 1016 843 co-

363 862 440 895 mite
451 862 558 896 eiectis
576 863 746 905 Agat-ensis
766 862 922 903 restituta,
954 863 1013 896 bo-

363 915 479 959 nisque
510 921 614 957 aucta,
643 915 873 954 confirmatur,
897 916 1017 949 indicta

363 978 468 1013 poena
520 969 863 1002 excommunicationis
905 975 1017 1002 contra

363 1032 434 1055 eam
443 1022 686 1066 quomodolibet
696 1022 1012 1066 perlui·l)antes,l48.
1033 1032 1034 1040 ¹

275 1074 377 1110 XVIII.
407 1075 577 1109 Restitutio
605 1076 821 1109 Atrebatensis
841 1076 1013 1116 Ecclesiae,

363 1139 414 1163 cui
445 1139 614 1173 proprium
644 1140 793 1173 praeesse
829 1140 1016 1174 episcopum

364 1182 560 1223 decernitur,
583 1182 658 1216 449.

275 1235 352 1270 XIX.
381 1235 534 1280 Sequitur
563 1237 602 1269 ad
640 1237 797 1281 populum
834 1243 863 1270 ct
894 1237 1034 1279 clerunr

364 1288 589 1323 Atrebatenses
616 1295 650 1323 ut
669 1289 858 1334 episcopum
876 1290 936 1323 sibi
962 1290 1018 1323 eli-

363 1348 461 1385 gant;
498 1343 600 1376 electo
631 1353 707 1377 vero
737 1353 819 1376 onus
839 1343 1017 1377 detrectare

364 1396 577 1437 interdicitur,
602 1396 676 1430 151.

275 1448 340 1484 XX.
379 1450 531 1494 Sequitur
562 1449 759 1484 adiudicatio
798 1451 1035 1498 Atrebatensis1

387 1509 418 1537 et
430 1503 694 1538 Ostrevannensis
703 1503 1016 1538 archidiaconiarum

363 1558 422 1592 pro
443 1548 697 1582 substentatione
715 1548 932 1582 Atrebatensis
952 1549 1019 1593 epi-

365 1592 465 1637 scopi,
489 1591 562 1626 151.

276 1644 354 1680 XXI.
394 1645 604 1680 Confirmatio
636 1645 849 1679 restitutionis
880 1646 1000 1680 oblatio

364 1700 443 1724 num
465 1690 662 1724 monasterio
688 1690 717 1724 S.
734 1690 857 1733 Aegidii
871 1690 901 1724 in
916 1688 1002 1735 Se‘pti

364 1734 482 1775 miana,
515 1735 616 1768 sactae
636 1745 693 1779 per
712 1735 938 1779 Raymundum
964 1745 1018 1769 co-

365 1778 477 1812 mitem
497 1779 703 1818 Tolosanum,
727 1779 802 1812 152.

276 1831 368 1867 XXII.
396 1832 624 1866 Monasteriun]
642 1833 869 1873 Hirsaugiense
889 1833 1019 1877 Spiren-

365 1877 407 1911 sis
437 1876 592 1910 dioecesis
619 1877 678 1910 sub
702 1877 904 1921 protectione
929 1878 1020 1911 Sedis

365 1921 568 1966 Apostolicae
588 1921 754 1965 recipitur,
777 1921 927 1966 bonaque
949 1932 1018 1955 om-

363 1966 416 1999 nia
437 1965 542 1999 eidem
564 1966 808 2006 confirmantur,
834 1965 907 1999 152.

276 2018 382 2054 XXIII.
410 2018 610 2053 Narbonensi
630 2018 789 2052 Ecclesiae
804 2018 960 2063 primatus
971 2029 1020 2052 as-

365 2063 484 2097 seritur
509 2063 541 2096 in
566 2064 650 2097 Duas
679 2063 856 2103 Nat-bonas,
880 2074 1017 2108 quarum

364 2108 525 2142 Ecclesiae
559 2108 773 2150 metropolico
806 2108 877 2141 iure
913 2107 1018 2141 eidem

364 2152 592 2192 sufficiuntur,
616 2151 691 2185 1154.

276 2205 380 2240 XXIV.
407 2206 616 2240 Confirmatio
637 2206 879 2239 immunitatum
905 2212 935 2239 et
955 2206 1020 2250 pri-

364 2250 554 2300 vilegiorum
568 2250 938 2284 omniumCluniacensis
952 2261 1020 2283 mo-

364 2300 506 2333 nasterii,
531 2300 561 2327 et
582 2300 786 2328 caeterorum
808 2295 1020 2328 monasterio-

365 2349 438 2372 rum
456 2338 561 2372 eidem
580 2338 814 2379 subiectorum,
838 2338 912 2372 157.

276 2392 367 2428 XXV.
394 2392 576 2433 Decretum,
597 2398 631 2426 ut
651 2399 779 2426 mortuo
799 2392 928 2426 Giraldo
955 2393 1020 2436 epi-

366 2446 464 2481 scopo
494 2437 709 2477 Arausicano,
748 2437 857 2470 nullus
891 2437 923 2470 in
954 2438 1020 2470 eius

365 2481 473 2514 locum
494 2481 641 2523 eligatur3
664 2481 720 2514 scd
742 2481 821 2514 haec
833 2481 974 2515 Ecclesia
989 2481 1021 2514 in

366 2525 534 2569 pristinam
572 2525 683 2559 redeat
709 2525 877 2565 unitatem,
919 2532 951 2559 et
981 2527 1020 2558 ab

367 2569 520 2614 episcopo
539 2569 713 2603 Tricastino
734 2576 874 2612 regatur,
900 2569 972 2603 159.

278 2621 382 2656 XXVI.
398 2621 598 2656 Caturcensis
611 2621 771 2655 Ecclesiae
785 2622 932 2657 canonici
943 2633 1000 2656 con

369 2674 541 2708 firmantur
565 2675 597 2708 in
622 2675 822 2719 professione
860 2676 941 2710 vitae
974 2687 1021 2710 re-

1701 254 1759 290 891

1139 330 1269 370 amaris,
1293 339 1390 374 quarn
1409 339 1521 364 recens
1534 328 1668 373 professi
1687 333 1788 365 erant,

1032 397 1168 483 {XXVII
1197 435 1405 469 Confirmatio
1427 435 1584 477 regutaris
1605 434 1792 478 disciplinae

1034 486 1035 497 ¹
1140 489 1369 522 canonicorum
1397 489 1428 522 S.
1463 487 1693 522 Avenioncnsis
1729 487 1788 520 Ec-

1140 542 1266 580 clesiae,
1291 541 1345 586 qui
1371 552 1444 575 cum
1467 541 1559 575 lionis
1581 541 1731 574 omnibus
1752 540 1792 573 ad

1139 595 1331 628 Canonicam
1364 595 1464 639 ipsam
1495 594 1713 639 spectantibus
1734 593 1793 627 sub

1140 649 1340 692 protectione
1361 649 1451 682 Sedis
1472 648 1673 692 Apostolicae
1694 647 1794 681 susci-

1140 701 1284 745 piuntur,
1312 701 1382 734 ltjvt.

1052 754 1180 788 XXVIII.
1220 754 1427 788 Confirmatio
1461 754 1644 788 monasterii
1681 754 1790 788 Aube-

1140 807 1276 841 chiensis
1307 808 1338 840 in
1379 807 1517 841 dioecesi
1549 807 1789 847 Cameracensi‚

1139 867 1169 894 et
1190 872 1297 894 reruni
1330 861 1474 895 omnium
1496 862 1535 895 ad
1550 861 1628 895 illud
1648 866 1793 905 spectan-

1140 915 1230 955 tium,
1255 914 1328 948 ¹162.

1050 968 1156 1002 XXIX.
1185 969 1353 1002 Decretum
1376 969 1494 1003 Urbani
1508 970 1531 1003 II
1550 976 1581 1002 et
1600 969 1712 1013 synodi
1726 968 1792 1003 Cla-

1140 1029 1351 1056 romontanae
1372 1024 1410 1057 de
1432 1023 1573 1067 primatu
1592 1022 1789 1066 Lugdunen-

1139 1075 1175 1114 si,
1200 1075 1273 1109 ‹16:3.

1051 1129 1142 1162 XXX.
1171 1129 1378 1163 Confirmati0
1390 1130 1631 1174 privilegiorum
1645 1129 1792 1163 omnium

1139 1183 1300 1216 Turonen.
1329 1183 1501 1223 Ecclesiae,
1521 1194 1558 1217 ac
1588 1183 1790 1228 praesertim,

1140 1241 1175 1269 ut
1195 1236 1226 1269 in
1247 1236 1449 1278 gravioribus
1469 1236 1574 1270 causis
1594 1247 1612 1270 a
1631 1236 1700 1270 solo
1724 1237 1789 1271 Ro-

1141 1289 1226 1322 mani
1259 1290 1421 1323 Pontificis
1451 1290 1570 1323 iudicio
1592 1289 1794 1334 dependeant

1140 1342 1299 1382 canonici,
1324 1342 1397 1376 164.

1034 1418 1035 1421 =
1051 1395 1157 1429 XXXI.
1186 1395 1622 1429 Trenorciensismonasterii
1634 1395 1730 1435 bona,
1747 1396 1794 1429 iu·

1141 1451 1242 1484 raque
1262 1440 1371 1474 omnia
1393 1440 1423 1473 in
1446 1441 1577 1473 tutelam
1592 1440 1794 1484 Apostolicae

1140 1485 1230 1518 Sedis
1248 1485 1459 1529 recipiuntur,
1483 1483 1557 1517 166.

1052 1537 1170 1571 XXXII.
1203 1537 1409 1571 Confirmatio
1440 1538 1601 1570 honorum
1635 1537 1791 1578 omnium,

1141 1581 1381 1625 privilegiorum
1408 1593 1443 1614 ac
1465 1581 1648 1615 libertatum
1680 1581 1790 1616 Eccle-

1142 1627 1206 1659 siae
1227 1626 1257 1660 S.
1281 1626 1406 1659 Martini
1427 1627 1602 1664 Turonen.,
1627 1625 1701 1659 166.

1035 1680 1185 1713 XXXIII.
1214 1680 1395 1717 Decretum,
1428 1685 1462 1712 ut.
1494 1679 1592 1712 abbas
1617 1679 1795 1712 Cormeria-

1035 1727 1036 1762 l
1141 1724 1244 1757 censis
1262 1730 1367 1756 sumat
1381 1724 1530 1756 baculum
1552 1724 1745 1767 pastoralem
1759 1734 1794 1757 ex

1035 1773 1037 1778 ‘
1141 1768 1313 1812 sepulchro
1334 1768 1366 1801 B.
1395 1767 1531 1808 Martini,
1555 1766 1629 1800 167.

1035 1819 1184 1861 {XXXIV
1218 1821 1265 1855 Ad
1296 1822 1501 1861 Tolosanum,
1545 1823 1791 1863 Agcnnensem,

1035 1870 1037 1909 Ι
1143 1867 1381 1904 Caturcensem,
1399 1872 1429 1899 et
1448 1866 1706 1899 Lactoratensem
1729 1865 1796 1914 epi-

1035 1912 1037 1919 '
1142 1920 1267 1954 scopos,
1298 1916 1332 1943 ut.
1360 1909 1483 1943 restitui
1513 1915 1624 1943 curent
1646 1910 1796 1943 ccclesias

1143 1960 1171 1988 et
1189 1954 1276 1987 bona
1306 1954 1511 1998 Moysiacensi
1543 1954 1647 1987 ablata
1675 1963 1791 1987 mona-

1035 2014 1037 2037 :
1142 1998 1250 2038 sterio,
1275 2009 1334 2042 pro
1356 1999 1446 2031 cuius
1467 1998 1669 2031 immunitate
1696 2004 1727 2031 et
1747 2008 1795 2032 re-

1036 2052 1037 2072 l
1143 2043 1262 2086 giinine
1283 2044 1439 2076 nonnulla
1464 2043 1691 2082 decernuntur,
1717 2041 1791 2075 168.

1036 2093 1171 2139 }XXXV.
1199 2097 1346 2131 Urbanus
1376 2097 1432 2130 PP.
1472 2097 1496 2130 II
1518 2097 1549 2129 in
1579 2096 1715 2129 concilio
1736 2096 1795 2129 Ne-

1143 2142 1303 2175 mausensi
1331 2141 1581 2174 controversiam
1605 2140 1687 2173 inter
1708 2141 1791 2173 (Ion-

1036 2199 1037 2221 ῑ
1143 2186 1275 2219 chcnses
1316 2185 1492 2218 monachos
1535 2191 1563 2218 et
1595 2184 1795 2227 Figiacenses

1036 2235 1037 2270 ξ
1143 2230 1328 2274 componit,
1372 2235 1402 2262 et
1439 2229 1567 2273 utrique
1600 2228 1795 2262 monasterio

1036 2277 1037 2304 l
1143 2275 1311 2318 propriffln
1333 2274 1481 2306 abbatem
1504 2274 1659 2315 indulget,
1681 2272 1755 2306 1169.

1036 2328 1184 2362 XXXVI.
1208 2327 1414 2361 Confirmatio
1427 2327 1585 2360 bonorum
1611 2326 1795 2360 monasterii

1036 2363 1038 2415 ἶ
1142 2372 1386 2416 Rivipollensis,
1426 2371 1474 2404 cui
1497 2371 1651 2404 nonnulla
1672 2370 1793 2403 immu-

1036 2422 1038 2441 ¹=
1143 2417 1270 2454 nitatis,
1309 2427 1344 2448 ac
1377 2415 1588 2459 exemptionis
1625 2415 1795 2458 privilegia

1037 2477 1038 2498 t
1143 2461 1376 2500 conceduntur,
1400 2460 1413 2492 t
1424 2459 1474 2492 70.

1055 2515 1198 2549 XXXVII.
1227 2514 1313 2547 Idem
1346 2513 1478 2546 omnino
1506 2512 1711 2556 privilegium
1736 2522 1796 2556 pro

1037 2610 1038 2615 1
1144 2567 1340 2601 monasterio
1358 2565 1571 2606 Balneolensi,
1596 2565 1669 2599 17⁹2.

1058 2621 1212 2654 xxxvtn.
1241 2619 1449 2653 Confirmatio
1480 2619 1653 2659 bonorum,
1687 2624 1719 2652 et
1738 2619 1796 2652 do-

1037 2682 1039 2717 l
1144 2674 1312 2708 nationum
1336 2673 1495 2714 omnium,
1523 2673 1680 2707 factarum
1699 2673 1746 2707 vel
1765 2672 1798 2706 In

1035 1931 1037 1940 t

1035 1945 1037 1958 l
