2180 3205
191 311 241 337 Au.
261 299 279 336 C
309 310 374 338 ¹105
457 300 526 331 ‘222
1005 309 1190 331 curantur
1215 310 1376 332 noar-tvm

446 362 516 390 sotis
535 361 665 390 Summis
684 360 876 390 Pontificibus
901 361 968 400 eligi
992 368 1020 391 et
1046 371 1154 392 conse·
1197 376 1306 397 manae
1346 364 1505 399 Ecclesiae
1539 363 1620 399 beati
1654 365 1755 410 Petri⁷
1782 366 1873 402 cuius
1899 376 1946 403 est

440 406 515 434 erari
536 406 625 434 iubet.
644 422 684 427 ——
701 404 863 435 Comitatus
887 406 1050 436 Ferrarien.
1071 408 1154 437 [ines

438 466 478 472 —
495 449 573 485 Quae
594 450 731 487 episcopo
748 450 846 485 (louet,
864 460 999 489 quaeque
1029 451 1156 488 Aposto-

439 493 512 523 licae
531 493 598 523 Sedi
619 498 756 529 reservet,
782 493 892 523 delinit.
913 510 953 516 —·
981 493 1153 530 Violatores,

437 537 703 576 inobedientesque
724 543 865 576 perpetuo
884 538 1004 568 damnat
1033 540 1154 568 anatlie-

438 586 524 611 mute.
542 598 582 603 —
605 581 659 611 PP.
678 582 868 621 subscriptio.

395 645 533 676 Paschaus
553 648 695 684 episcopus
716 655 811 676 servus
834 655 974 677 servorum
992 649 1053 682 Dei,
1074 657 1151 678 veae·

440 697 522 725 rabili
543 697 629 726 fratri
653 697 806 733 Lanautpho
830 698 997 726 Ferrariensi
1017 699 1150 734 episcopo,

440 746 579 775 Guiltelmo
602 747 658 775 filio
681 747 801 782 Balgari⁷
831 747 908 776 Petro
928 748 983 776 filio
1002 748 1150 780 Afimundi,

440 797 537 825 [lberto
555 796 673 829 consuli.
691 798 719 825 et
734 803 782 832 per
793 803 837 824 eos
854 798 912 824 tam
924 797 1056 825 Ecclesiae
1072 804 1150 832 quam

440 846 549 875 civitati
573 847 722 878 Feri-ariae,
747 846 775 874 in
799 847 970 882 perpetuum.

214 902 337 924 exord‘um.
446 908 548 944 Officii
579 908 674 942 nostri
710 920 769 942 nos
804 908 944 942 liortatur
979 908 1148 942 auctoritas

398 972 453 1007 pro
474 958 689 993 Ecclesiarum
723 966 803 991 statu
838 957 979 991 solicitos
1005 969 1091 994 esse,
1119 967 1147 992 ct

209 1014 369 1045 ⁹⁶⁵⁹¹¹⁰¹52Pst
396 1021 477 1055 quae
506 1008 562 1042 rite
597 1015 670 1040 suut
705 1014 835 1046 statuta,
869 1007 1017 1040 stabilire.
1057 1006 1147 1041 Sicut

185 1045 370 1098 fssssffa'llglss'iuffl-
398 1058 494 1104 igitur
520 1064 700 1090 sauctorum
721 1055 997 1101 praedecessorum
1022 1063 1147 1089 nostro-

184 1095 371 1145 rcriZiissfaicss'iiiJiii
395 1119 463 1141 rum
486 1105 636 1140 Hadriani
660 1113 690 1139 et
725 1104 888 1139 Benedicti
916 1104 1147 1138 deliberationi-

184 1149 210 1167 ‘¹‘³
226 1148 369 1168 ⁰⁰'⁰‘¹'''³'‘'
395 1155 455 1190 bus
481 1155 686 1189 constitutum
705 1162 767 1198 est,
792 1166 848 1187 nos
875 1161 1000 1187 sanctae
1027 1153 1145 1188 Ferra-

396 1205 490 1239 riensi
518 1203 695 1243 Ecclesiae,
725 1211 882 1249 tamquam
908 1203 1034 1248 speciali
1058 1204 1145 1249 Apo-

394 1255 522 1289 stolicae
535 1252 628 1287 Sedis
642 1251 734 1291 filiae,
752 1252 864 1286 fundos
881 1251 1022 1286 eiusdem
1039 1253 1145 1286 matris

394 1312 424 1338 et
447 1302 632 1350 patrimonia
654 1300 894 1335 confirmamus:
931 1301 1027 1347 ipsam
1051 1301 1145 1336 vide-

394 1352 467 1386 licet
492 1363 626 1386 massam
652 1350 890 1398 Babylonicum,
916 1362 996 1396 qnae
1019 1359 1145 1385 vocatur

395 1400 551 1442 Ferraria,
578 1412 649 1434 cum
678 1399 844 1434 duodecim
864 1399 971 1433 fundis
995 1400 1071 1443 suis,
1093 1400 1142 1434 cui

395 1450 545 1485 undecim
579 1449 655 1484 alias
691 1461 810 1484 massas
851 1456 971 1483 nostras
1005 1449 1144 1484 minores

379 1512 467 1535 ¹cum
493 1499 579 1534 omni
607 1498 787 1533 obedientia
814 1510 849 1532 ac
871 1499 1019 1532 servitute
1040 1498 1143 1532 subiu-

393 1561 517 1595 gamus,
540 1548 618 1583 idest
648 1560 779 1582 massam
808 1555 838 1581 et
855 1547 952 1594 ripam
972 1547 1143 1582 Palatio'us

394 1611 465 1632 curn
494 1597 663 1632 duodecim
699 1597 804 1631 fundis
830 1596 916 1637 suis,
952 1604 980 1631 et
1008 1609 1141 1631 massam

393 1647 637 1682 Constantiacus
658 1658 729 1681 cum
746 1646 915 1680 duodecim
939 1645 1043 1680 fundis
1065 1646 1142 1690 suis,

394 1697 554 1743 simulque
578 1708 711 1730 massam
728 1695 961 1737 Quartisianam
977 1707 1049 1729 cum
1068 1695 1144 1730 duo-

393 1746 497 1780 decim
526 1745 631 1780 fundis
656 1745 733 1789 suis,
761 1753 792 1779 et
819 1752 912 1779 totam
937 1753 966 1778 et
989 1745 1140 1790 integram

393 1807 528 1830 massam
563 1794 691 1828 Donoro
731 1806 802 1828 cum
840 1793 1007 1828 duodecim
1036 1794 1142 1829 fundis

393 1846 474 1878 suis:
499 1853 528 1878 et
549 1843 695 1878 similiter
716 1856 850 1878 massam
868 1842 1054 1889 Popularem
1070 1856 1139 1877 cum

393 1893 560 1928 duodecim
577 1892 681 1927 fundis
696 1892 774 1936 suis,
796 1901 825 1927 et
840 1892 1050 1926 Castellonem
1069 1905 1140 1927 cum

393 1942 498 1977 fundis
540 1942 604 1976 suis
643 1942 802 1976 similiter:
846 1941 1004 1987 similique
1048 1941 1141 1975 modo

393 2003 541 2031 massam⁷
564 2003 644 2037 quae
672 1998 801 2024 voratur
825 1990 1045 2035 Formiguana.
1068 2002 1139 2023 cuin

393 2041 542 2074 omuibus
565 2039 670 2073 fundis
699 2040 775 2073 suis.
810 2039 873 2072 llas
900 2039 1027 2085 quidem
1051 2044 1141 2084 prae-

393 2089 470 2123 fatas
493 2101 610 2123 massas
628 2101 698 2122 cum
719 2088 867 2122 omnibus
889 2088 925 2121 ad
949 2100 1054 2122 earum
1075 2088 1139 2121 iura

395 2138 638 2186 pertinentibus,
661 2137 700 2172 de
735 2138 875 2171 dominio
903 2145 932 2171 et
954 2137 1020 2171 iure
1047 2145 1140 2184 atque

395 2196 544 2234 potestate
578 2195 704 2221 sanctae
739 2186 899 2220 Romanae
927 2186 1086 2220 Ecclesiae
1110 2187 1138 2220 iu

393 2245 531 2271 sanctam
556 2235 972 2270 Feri-ariensemEcclesiam
991 2248 1044 2281 per
1062 2236 1141 2270 lianc

394 2285 574 2320 donationis
589 2294 618 2320 et
637 2285 811 2319 traditionis
826 2285 969 2331 pagiuam
986 2285 1141 2319 donamus

393 2343 424 2369 et
445 2335 617 2375 tradimus3
641 2343 672 2368 ut
695 2334 733 2367 al)
760 2334 818 2367 liac
843 2335 916 2367 liora
940 2334 968 2367 in
992 2343 1081 2367 antea
1102 2335 1141 2367 li—

393 2392 461 2418 ceat
500 2384 566 2424 ubi,
606 2383 794 2417 charissimo
829 2383 913 2416 fratri
954 2382 1141 2428 Landulplio

393 2433 542 2479 episcopo
569 2441 597 2467 et
621 2431 857 2466 successoribus
880 2432 940 2465 tuis
958 2432 986 2465 iu
1010 2432 1141 2477 singulis

179 2493 301 2519 Episcopus
316 2493 364 2513 rer·
393 2483 506 2516 massis
533 2481 680 2516 ecclesias
701 2494 771 2515 eum
788 2481 921 2521 clericis,
941 2480 1139 2527 presbyteris

180 2522 366 2567 Z'Jlss'llfsjssuii't'ff
395 2530 582 2565 diaconibus
609 2531 754 2565 ordinare
776 2538 806 2564 et
835 2542 1035 2569 consecrare-3
1064 2529 1139 2563 illud

179 2572 365 2621 ffiiZflssrss'riginif
396 2580 588 2613 omnimodis
625 2580 823 2622 sancientesa
865 2588 896 2613 ut
933 2578 1141 2612 Ferrariensis

180 2627 223 2647 ¹³⁸²
393 2628 535 2663 Ecclesia
551 2641 623 2662 cum
648 2637 709 2662 tota
729 2629 873 2675 parochia
893 2640 947 2662 sua
973 2628 1001 2660 in
1026 2627 1092 2661 inre
1112 2635 1140 2661 et

1198 414 1433 459 patrimonium,
1473 423 1676 449 conservetur
1716 425 1881 463 perpetuo:
1913 425 1945 452 ut

1195 463 1233 495 sit
1260 475 1386 509 sempor
1413 463 1472 497 sul)
1492 472 1596 497 nostra
1623 464 1787 502 electione,
1811 465 1943 500 ordina-

1197 512 1280 545 tione
1302 521 1394 558 atque
1416 513 1667 547 consecratione:
1697 522 1730 547 ut
1747 515 1942 562 quicumque

1196 574 1249 605 per
1276 573 1333 595 nos
1356 561 1416 595 illic
1444 562 1586 603 electus,
1615 562 1776 597 ordinatus
1802 572 1832 598 et
1863 576 1943 598 con-

1194 618 1333 645 secratus
1360 610 1462 649 suerit,
1491 611 1541 645 ille
1564 611 1692 646 lionoris
1715 612 1806 646 liuius
1827 626 1862 648 ac
1891 626 1941 660 po-

1193 660 1311 693 tcstatis
1349 660 1525 706 integritate
1565 660 1723 706 fungatur.
1764 661 1941 697 Comitatus

1192 716 1296 742 autem
1319 708 1479 743 Ferrariac
1502 710 1579 744 fines
1595 719 1625 744 et
1641 710 1763 744 termini
1783 720 1873 746 sunt:
1900 712 1940 747 ab

1191 759 1310 792 oriente
1341 758 1380 792 al)
1404 771 1463 793 uua
1492 768 1576 804 parte
1610 760 1750 794 fluminis
1776 759 1865 804 Padi,
1892 761 1940 796 al-

1192 814 1253 841 tera
1284 816 1387 842 nostra
1411 820 1510 842 massa
1540 809 1654 843 fiscalia
1681 817 1711 843 et
1741 819 1896 852 veterana,
1923 823 1940 846 a

1190 865 1334 891 veterana
1366 866 1528 892 transeunt
1562 858 1678 892 flumen
1716 858 1843 893 Sanrlali
1881 873 1938 894 us-

1189 917 1250 951 que
1265 908 1300 940 acl
1321 906 1518 947 Bucilletum,
1543 920 1596 953 per
1618 907 1823 947 Bucilletum,
1844 917 1939 944 trans-

1189 963 1263 988 eunt
1294 955 1411 990 flumen
1448 954 1590 991 Gabiaua
1619 969 1673 1003 per
1694 956 1882 1000 Ludurhun,
1907 967 1937 993 et

1188 1004 1372 1038 circundant
1400 1005 1502 1039 villam
1525 1005 1670 1049 Magnam
1695 1014 1725 1040 et
1747 1006 1935 1043 Madrariam

1189 1055 1407 1097 pervenientes
1436 1067 1534 1101 usque
1573 1055 1740 1096 Maletum,
1772 1068 1789 1090 a
1823 1056 1936 1091 Maleto

1189 1111 1323 1147 pergunt
1365 1104 1447 1137 iuxta
1485 1104 1624 1150 Argilem
1664 1105 1844 1140 Anxianum
1880 1118 1937 1153 per

1189 1151 1319 1196 paludes
1342 1161 1370 1186 et
1395 1153 1442 1198 pis
1455 1153 1543 1187 ¹arias
1576 1166 1674 1200 usquc
1700 1153 1871 1194 Viti-icam,
1905 1163 1935 1190 et

1188 1208 1386 1236 transeuntes
1408 1201 1556 1236 Vitricarn
1584 1202 1714 1237 veniunt
1742 1215 1842 1250 usque
1872 1203 1936 1239 fos-

1185 1261 1250 1284 sam
1280 1250 1454 1292 Baranam,
1487 1260 1517 1285 et
1545 1264 1600 1298 per
1628 1252 1741 1286 fossam
1774 1252 1934 1288 Baranam

1185 1308 1300 1333 exeunt
1327 1301 1356 1335 in
1380 1300 1513 1340 Padum,
1541 1309 1572 1335 et
1597 1301 1793 1336 descendunt
1820 1302 1858 1336 ad
1879 1314 1934 1337 oc-

1185 1348 1341 1383 cidentem
1367 1362 1466 1397 usque
1482 1349 1611 1384 Ulmum
1634 1350 1833 1396 Formosam,
1854 1364 1934 1399 quae

1184 1406 1266 1431 certa
1293 1398 1364 1433 finis
1391 1408 1437 1433 est
1464 1399 1542 1434 intra
1577 1399 1761 1434 Romaniam
1785 1408 1815 1434 et
1841 1400 1934 1436 Lon-

1185 1447 1391 1492 gobardiam:
1432 1449 1471 1483 ab
1513 1448 1606 1483 altera
1647 1457 1750 1484 autem
1792 1449 1934 1485 fluminis

1186 1505 1272 1542 parte
1287 1497 1365 1532 sines
1386 1506 1458 1532 sunt
1471 1498 1625 1539 similiter,
1648 1499 1687 1532 ab
1701 1498 1820 1533 oriente
1836 1498 1933 1534 Callis

1184 1545 1223 1579 de
1246 1546 1318 1587 fine,
1345 1560 1425 1594 quae
1448 1548 1518 1581 linis
1539 1555 1585 1581 est
1609 1548 1689 1582 inter
1710 1556 1850 1582 nostrum
1878 1561 1934 1583 eo-

1186 1595 1327 1630 mitatum
1355 1595 1612 1640 Comaclensem,
1646 1605 1675 1631 et
1702 1597 1878 1632 extendant
1898 1611 1932 1632 se

1185 1656 1239 1691 per
1267 1644 1397 1691 paludes
1419 1654 1447 1680 et
1476 1646 1623 1692 piscarias
1645 1658 1745 1693 nsque
1772 1646 1809 1680 ad
1833 1646 1933 1681 fossa-

1185 1702 1248 1728 tum
1285 1694 1324 1729 de
1354 1694 1472 1735 Filule,
1506 1703 1537 1729 et
1569 1696 1766 1730 circumdant
1799 1708 1930 1731 massam

1183 1742 1326 1788 Corneti,
1348 1752 1379 1778 et
1392 1744 1652 1790 Languavanum,
1675 1756 1755 1792 quae
1771 1744 1809 1779 de
1824 1753 1931 1780 nostro

1183 1793 1331 1827 comitatu
1354 1802 1427 1827 sunt
1447 1793 1620 1828 Ferrariae:
1644 1794 1841 1828 descendunt
1859 1795 1932 1829 inde

1183 1842 1219 1876 ad
1249 1842 1443 1877 occidentem
1473 1855 1527 1890 per
1562 1843 1692 1888 paludes
1718 1851 1747 1878 et
1777 1844 1928 1890 piscarias

1184 1904 1283 1938 usque
1314 1892 1350 1925 ad
1376 1892 1491 1926 flumen
1517 1892 1654 1931 Tartari,
1687 1900 1717 1926 et
1739 1905 1795 1940 per
1826 1893 1928 1939 ipsum

1183 1941 1298 1975 flumen
1326 1941 1444 1975 Tartari
1481 1949 1597 1975 exeunt
1631 1954 1729 1988 usque
1752 1943 1789 1976 ad
1813 1942 1930 1977 flumen

1183 1989 1270 2023 Padi.
1308 1989 1392 2024 Sane
1428 1990 1657 2025 habitatoribus
1692 1991 1769 2037 ipsis
1803 1992 1930 2025 maioris

1183 2051 1302 2072 massae
1323 2038 1483 2073 Feri-ariae
1505 2040 1601 2073 malas
1623 2048 1652 2073 et
1673 2052 1781 2086 pravas
1796 2052 1930 2075 consue-

1183 2087 1308 2122 tudines
1344 2101 1562 2127 removemus,
1598 2089 1657 2123 nisi
1693 2097 1812 2123 tantum
1849 2089 1930 2124 sicut

1182 2146 1253 2171 suut
1281 2137 1318 2171 ad
1347 2138 1530 2183 suffragium
1553 2146 1677 2172 sauctae
1692 2138 1854 2172 Romanae
1871 2138 1930 2173 Ec-

1182 2187 1304 2224 clesiae,
1338 2187 1515 2221 annualiter
1541 2199 1596 2234 per
1623 2187 1748 2221 illorum
1777 2187 1927 2222 nuncium

1184 2248 1389 2282 unaquaeque
1425 2236 1518 2270 libera
1562 2248 1694 2283 persona
1729 2236 1768 2270 de
1804 2244 1929 2271 moneta

1181 2284 1383 2319 Venetiarum
1406 2284 1552 2319 denarios
1574 2286 1718 2330 singulos
1736 2285 1838 2319 dabit:
1862 2298 1929 2320 cen-

1182 2345 1234 2367 sus
1257 2346 1329 2367 vero
1356 2342 1385 2368 et
1408 2334 1515 2368 tributi
1542 2342 1636 2379 atque
1658 2334 1772 2369 telonei
1803 2334 1842 2368 de
1865 2335 1930 2381 ripa

1182 2390 1210 2416 et
1233 2382 1363 2417 flumine
1390 2395 1485 2417 uuam
1519 2383 1719 2417 medietatem
1755 2396 1809 2430 pro
1838 2383 1931 2417 hene-

1182 2431 1318 2466 dictione
1341 2432 1377 2466 ad
1402 2444 1600 2466 communem
1618 2433 1801 2476 utilitatem,
1824 2433 1932 2467 melio-

1184 2481 1333 2515 rationem
1368 2490 1397 2515 et
1435 2482 1693 2515 restaurationem
1734 2482 1792 2515 iarn
1826 2481 1928 2516 dictae

1184 2531 1309 2564 maioris
1331 2542 1450 2564 massae
1474 2531 1695 2564 concedimus:
1719 2531 1845 2564 alteram
1869 2543 1932 2564 me-

1182 2579 1328 2613 dietatem
1352 2579 1390 2613 ad
1424 2587 1544 2613 nostras
1570 2592 1680 2612 manus
1715 2591 1928 2621 reservamus;

1182 2628 1323 2661 similiter
1356 2628 1467 2661 telonei
1506 2628 1544 2661 de
1573 2636 1708 2661 mercato
1730 2641 1825 2662 unam
1855 2640 1928 2662 me-

394 2677 535 2712 dominio
557 2690 592 2713 ac
619 2678 783 2725 privilegio
812 2687 918 2712 nostro
940 2685 1065 2711 sauctae
1082 2676 1142 2711 Ro·
1181 2677 1329 2711 dietatem
1354 2677 1445 2711 uobis
1471 2689 1707 2712 conservamus:
1739 2685 1770 2712 et
1801 2677 1929 2712 alteram

1966 310 2016 337 An.
2038 310 2064 338 C.
2079 311 2148 340 1¹06

1965 665 2088 686 cornu-wius
2102 665 2150 687 Fer-

1967 693 2069 712 rariensis
2086 691 2148 714 fines.

1959 1999 2020 2025 Quae
2041 1999 2144 2025 episcopo

1959 2028 2034 2050 donet,
2043 2031 2144 2052 quaeque

1960 2055 2096 2078 Apostolicae
2107 2054 2144 2073 se-

1958 2079 1979 2126 gt
1993 2083 2099 2110 reservet,
2108 2079 2144 2101 de-

1976 2110 2016 2127 nn.
