2180 3205
154 283 202 309 An.
223 281 251 308 C.
271 282 337 308 ltt7.'›

179 1278 229 1302 Qut·
252 1279 279 1299 sit

152 1307 203 1329 stor,
227 1306 274 1331 quis

154 1338 200 1358 quis
215 1333 277 1352 tan-0.

294 1283 337 1325 ,μ’

302 1311 337 1330 ω’,

419 260 463 293 76

367 325 557 360 discretione
591 334 625 356 ac
663 319 804 357 iudicio,
833 317 897 352 lieri
927 315 1116 362 permaxime

367 374 525 420 cupimus,
548 371 572 405 si
598 371 642 404 vel
673 369 756 402 illius
777 366 938 401 Ecclesiae
960 376 1045 403 cura,
1071 363 1116 396 vel

369 430 532 469 respectus
553 418 742 465 apostolicae
765 414 968 451 reverentiae,
995 420 1047 446 aut
1064 424 1118 445 no-

367 481 430 506 stra
458 469 592 504 charitas
614 479 668 500 vos
695 465 730 499 ad
759 465 819 500 hoc
851 463 1011 509 negotium
1040 472 1117 495 con-

367 531 475 554 vocare
503 517 626 565 poterit.
649 515 760 549 Videte
782 514 889 560 igitur,
906 524 945 546 ne
967 511 1037 558 quis
1063 522 1117 564 re-

364 577 476 611 strum,
497 572 678 612 contempto
700 564 760 598 hoc
779 562 961 601 interdictu,
979 560 1015 594 ad
1034 559 1117 593 illius

364 618 480 664 pariter
505 624 535 650 et
561 615 610 649 sui
638 613 832 660 periculum,
855 622 983 646 manum
1007 616 1117 643 exten-

363 667 432 706 dat;
460 664 611 713 quoniam
639 663 664 697 si
697 663 768 710 quis
795 661 892 708 (quod
919 671 981 694 non
1010 658 1116 693 credi-

365 719 453 758 mus)
482 715 512 748 in
549 725 585 748 ea
617 711 875 760 praesumptione
901 721 935 744 se
961 719 1116 763 occupare

363 763 552 811 proruperit,
567 761 717 797 continuo
733 773 766 795 se
781 773 798 795 a
811 759 909 806 gratia
924 758 1005 792 beati
1016 757 1115 812 Petri,

362 821 393 848 et
408 821 511 848 nostra
527 811 706 855 dilectione,
723 821 845 845 necnon
861 821 877 843 a
892 819 1115 843 commuuione

362 863 442 897 sacri
460 861 602 909 corporis
620 867 651 895 et
671 859 836 905 sanguinis
849 857 976 892 Domini
999 868 1117 904 seque-

363 920 495 947 stratum
517 922 586 945 esse
615 916 795 955 cognoscat.
822 907 940 942 Verum
963 906 995 940 id
1021 906 1114 952 agite,

362 969 396 995 ut
430 961 523 995 frater
558 959 622 1003 ille,
654 959 731 993 dum
759 964 872 1004 potest,
900 956 975 990 dum
1009 955 1113 990 locum

361 1010 472 1050 habet,
505 1008 566 1044 sibi
602 1015 632 1042 et
665 1007 824 1042 Ecclesiae
855 1005 1012 1045 consulat;
1046 1006 1114 1051 paci

362 1067 494 1103 vestrae,
521 1065 551 1092 et
572 1057 663 1092 saluti
691 1064 795 1090 tantae
826 1054 1037 1089 multitudinis
1064 1054 1115 1088 ho-

360 1109 481 1142 minum
501 1119 581 1154 pene
597 1105 840 1153 periclitantium
859 1103 1035 1151 provideat:
1056 1115 1114 1138 nec

361 1165 485 1192 suamet
507 1155 762 1203 praecipitatione
777 1166 883 1189 casum
897 1161 1007 1200 petens
1025 1153 1116 1188 mul—

363 1214 411 1241 tos
425 1218 532 1240 secum
555 1204 593 1239 ad
616 1216 787 1239 commune
803 1203 978 1250 periculum
1001 1202 1113 1237 trahat.

362 1254 396 1289 In
413 1268 475 1302 quo
498 1266 581 1289 nunc
603 1252 775 1301 apparebit,
798 1253 868 1299 quis
888 1253 926 1287 sit
950 1260 1056 1299 pastor
1082 1252 1113 1286 in

362 1304 450 1339 vobis
477 1303 631 1350 iniquitati
659 1311 764 1349 aperte
799 1302 961 1342 resistens,
984 1302 1055 1348 quis
1077 1302 1115 1336 sit

362 1353 413 1388 sur
434 1352 670 1388 simulationem
692 1351 822 1395 faciens,
849 1352 921 1398 quis
948 1352 1026 1385 latro
1048 1363 1115 1385 ma-

363 1402 476 1437 nifeste
494 1401 630 1436 iustitiae
652 1400 883 1434 contradicens.
908 1399 1115 1434 Considerate

362 1464 451 1497 ergo,
475 1450 635 1498 quomodo
657 1457 746 1483 caute
772 1449 956 1489 ambuletis,
979 1449 1050 1495 quia
1069 1449 1114 1483 si-

363 1510 415 1535 cut
444 1501 560 1535 durum
595 1506 642 1533 est
676 1505 784 1532 contra
819 1499 981 1533 stimulum
1015 1498 1114 1532 calci—

363 1559 456 1592 trare,
484 1550 529 1583 sic
554 1560 701 1594 asperum
729 1556 775 1581 est
801 1555 928 1582 sanctae
946 1547 1115 1582 'Romanae

363 1598 529 1633 Ecclesiae
544 1597 710 1639 contraire,
725 1597 776 1630 cui
787 1609 842 1631 vos
853 1604 1010 1643 tamquam
1025 1597 1115 1630 matri

362 1659 490 1693 semper
515 1653 639 1693 oportet
666 1645 804 1679 obedire.
829 1645 899 1680 Dat.
927 1646 1059 1689 Romae,
1082 1658 1115 1680 vr

364 1696 408 1730 id.
428 1695 576 1734 octobris,
605 1694 775 1729 indictione
798 1707 864 1728 xlv.

404 1752 466 1781 Dat.
484 1752 531 1782 die
551 1752 588 1782 10
605 1751 733 1781 octobris
752 1760 828 1780 anno
847 1750 962 1780 Domini
989 1752 1075 1788 1075,

609 1791 712 1830 pontif.
731 1800 807 1820 anno
826 1800 869 1820 111.

687 1910 790 1944 xth.

362 1984 528 2028 Expost'tio
549 1983 712 2016 sententiae
741 1984 822 2015 latae
845 1983 875 2015 ιή
902 1994 1018 2020 musa,-
1040 1993 1117 2026 quae

412 2033 591 2065 versabatur
612 2032 692 2064 inter
713 2032 881 2065 Ecclesiam
906 2032 1116 2065 Hossellanam

392 2088 437 2114 ‘et
465 2081 719 2125 Populont'ensem
745 2091 836 2125 snper
867 2081 1020 2113 nonnullis
1042 2092 1117 2124 pos-

415 2131 597 2163 sessionibus
613 2131 674 2172 (vl).

633 2197 850 2228 smntARtt'M

365 2260 467 2290 Modus
490 2261 674 2290 concordiae.
702 2277 742 2282 —
758 2259 916 2290 Concessio
940 2260 1058 2290 termini
1081 2261 1116 2290 ad

403 2300 549 2330 contraria
570 2304 759 2329 monumenta
782 2300 985 2338 producenda:
1001 2300 1116 2335 —Quo

403 2340 543 2378 expirato,
566 2340 590 2369 si
614 2339 687 2369 nihil
711 2339 799 2369 fuerit
818 2340 974 2378 prolatum,
996 2344 1116 2369 contro-

405 2388 487 2447 {ersla
511 2379 591 2424 *bona
625 2379 774 2418 possideat
802 2380 923 2418 pacifice
944 2379 1116 2410 Rossellana

429 2427 461 2447 cc
476 2427 546 2448 esra.

368 2484 510 2519 Gregorius
529 2484 668 2520 episcopus
687 2491 782 2513 servus
799 2491 937 2513 servorum
965 2484 1025 2518 Dei,
1046 2485 1118 2514 clero

412 2530 440 2557 et
458 2528 556 2564 populo
588 2529 761 2557 Rossellanae
790 2529 932 2562 Ecclesiae,
953 2530 1072 2558 salutem
1091 2531 1118 2559 et

412 2573 588 2608 apostoticam
607 2573 829 2602 benedictionem.

404 2633 444 2670 (¹)
460 2633 500 2661 Ex
515 2633 579 2661 edit.
600 2634 678 2661 Card.
700 2634 817 2662 Careiae.

955 262 1053 284 ttL'LtA
1060 261 1140 282 IUPM
1169 260 1280 282 ROMAN
1288 259 1331 280 ml

1212 312 1293 354 Quia
1316 311 1409 346 oflicii
1426 312 1521 346 nostri
1535 320 1580 346 est
1604 312 1763 347 discordes
1784 312 1821 347 ad
1837 325 1910 348 con-

1159 361 1296 396 cordiam
1322 373 1478 403 revocarc,
1506 361 1694 396 discordiam
1721 362 1801 397 inter
1826 362 1910 398 Ros-

1159 411 1307 445 sellanam
1324 418 1353 444 et
1366 410 1632 456 populoniensem
1646 411 1820 446 Ecclesiam
1836 424 1909 458 gra-

1159 460 1236 494 viter
1262 467 1400 493 exortam
1432 459 1575 506 diligenti
1602 460 1831 496 examinatione
1853 462 1910 496 di-

1158 509 1344 543 scussimus.
1365 508 1505 543 Tandem
1529 517 1599 555 post
1631 509 1729 544 varias
1749 511 1909 558 utrimque

1159 559 1294 605 prolatas
1316 559 1465 598 rationes,
1492 558 1614 597 claruit,
1642 570 1705 593 non
1727 559 1830 594 solum
1854 573 1910 607 per

1158 608 1317 654 privilegia
1337 607 1539 655 Apostolicae
1561 607 1664 648 Sedis,
1687 619 1795 643 verum
1814 610 1909 645 etiarn

1158 669 1212 703 per
1238 657 1397 704 quoddam
1425 656 1623 691 diffinitionis
1643 657 1796 704 scriptum
1818 671 1911 706 prae-

1157 706 1256 741 sentia
1283 706 1434 754 Sylvestri
1457 706 1572 753 Papae,
1594 714 1625 741 et
1646 706 1832 742 clericorum
1856 721 1908 744 ro-

1158 767 1322 790 manorum
1352 755 1469 792 iudicio
1497 756 1729 798 confirmatum,
1756 758 1909 805 quidquid

1157 805 1186 838 in
1202 805 1387 852 quaestione
1403 805 1512 848 suerat,
1525 804 1730 841 Rossellanae
1748 806 1912 843 Ecclesiae

1158 855 1323 901 pertinere.
1340 854 1432 889 Unde
1446 854 1677 890 collaudatione
1700 863 1760 889 tam
1783 856 1910 902 episco-

1158 915 1287 950 porum,
1315 916 1407 951 quam
1439 904 1532 938 etiam
1561 903 1722 939 Romanae
1746 905 1910 940 Ecclesiae

1156 952 1340 1000 clericorum
1366 953 1533 1000 praefatam
1558 952 1644 988 litem
1668 966 1705 988 eo
1728 962 1835 989 tenore
1853 955 1911 989 de·

1157 1002 1348 1046 cidimus,ut
1363 1003 1546 1037 investitura
1559 1002 1746 1038 Rossellano
1759 1003 1911 1052 episcopo

1157 1051 1309 1099 deinceps
1351 1064 1524 1092 concessa;
1561 1053 1585 1086 si
1620 1060 1691 1087 ante
1733 1053 1909 1099 proximum

1156 1100 1334 1135 dominicae
1370 1101 1575 1135 Ascensionis
1616 1101 1730 1136 festum
1770 1103 1909 1149 aliquam

1156 1150 1359 1197 scriptionem
1368 1150 1616 1197 populoniensis
1629 1151 1798 1198 episcopus
1808 1160 1912 1186 osten-

1156 1199 1248 1240 derit,
1271 1208 1352 1246 quae
1374 1207 1499 1234 ostensa
1517 1199 1619 1241 nobis,
1642 1199 1745 1246 Papae
1760 1200 1912 1247 Sylvestri

1157 1249 1236 1283 iuste
1266 1249 1444 1296 improbare
1477 1248 1634 1289 rideatur3
1662 1249 1911 1297 populoniensis

1156 1299 1327 1345 episcopus
1342 1298 1378 1332 ad
1397 1298 1631 1332 reclamandum
1655 1307 1686 1333 et
1708 1299 1909 1334 retinendum

1156 1347 1288 1382 licenter
1310 1347 1501 1381 admittatur.
1521 1347 1577 1381 Sin
1601 1355 1718 1388 autem,
1741 1347 1780 1382 ab
1797 1348 1907 1383 eadem

1157 1396 1321 1430 festivitate
1350 1396 1531 1430 huiusmodi
1558 1397 1770 1431 controversia
1795 1409 1910 1443 perpe-

1157 1453 1244 1479 tuum
1267 1446 1426 1479 silentium
1442 1445 1565 1485 lrabeat,
1587 1453 1617 1479 et
1639 1445 1824 1480 Rossellana
1845 1446 1911 1481 Ec-

1157 1494 1262 1538 clesia,
1274 1494 1475 1541 Apostolicae
1490 1494 1582 1528 Sedis
1601 1495 1709 1529 iterata
1724 1494 1912 1530 definitione

1157 1543 1244 1587 suita,
1276 1544 1305 1577 in
1343 1551 1530 1590 perpetuum
1565 1543 1604 1578 ab
1634 1543 1693 1578 hac
1724 1544 1912 1590 quaestione

1157 1593 1308 1639 quiescat,
1328 1600 1357 1627 et
1375 1593 1504 1639 insuper
1525 1592 1677 1639 deinceps
1699 1593 1911 1640 privilegium,

1156 1642 1372 1676 definitionem
1408 1650 1547 1676 nostram
1588 1642 1683 1676 latius
1722 1643 1910 1686 continens,

1158 1692 1313 1725 munitum
1338 1690 1475 1737 praedia,
1493 1703 1627 1737 quorum
1651 1691 1690 1725 lis
1712 1691 1804 1726 tantis
1831 1700 1912 1726 tem-

1159 1740 1287 1787 poribus
1319 1740 1466 1774 ventilata
1501 1748 1559 1780 est,
1587 1741 1656 1776 sine
1682 1740 1785 1788 aliqua
1808 1741 1913 1776 mole-

1157 1790 1290 1824 statione
1313 1788 1472 1836 possideat
1497 1792 1551 1833 (t).

1477 1880 1594 1915 xxttt.

1160 1944 1359 1989 Confirmatio
1390 1945 1593 1978 donationum
1628 1945 1821 1978 Florentt’nae
1846 1947 1911 1979 Ec-

1207 1994 1314 2026 clesiae
1340 2006 1358 2026 α
1388 1994 1529 2028 Gerardo
1552 1995 1701 2038 episcope,
1720 2002 1827 2039 postea
1847 1996 1909 2028 Na·-

1207 2043 1291 2075 coloo
1313 2043 1380 2076 PP.
1406 2043 1451 2086 II,
1473 2044 1655 2087 caeterisque
1672 2044 1827 2087 factarum
1850 2045 1905 2087 (2).

1426 2111 1641 2142 Stulni-imm

1159 2167 1327 2198 Exordium.
1348 2185 1389 2190 —
1417 2168 1555 2207 Raynerii
1587 2169 1750 2199 Florentini
1781 2170 1915 2209 episcopi

1199 2212 1347 2241 instantia.
1366 2229 1404 2234 —
1419 2213 1441 2241 A
1456 2212 1575 2242 Nicolao
1595 2212 1648 2242 PP.
1671 2213 1695 2242 ll
1711 2213 1804 2244 factae
1823 2215 1913 2244 dona-

1198 2255 1302 2291 tiones,
1325 2265 1527 2294 concessaque
1554 2256 1705 2295 privilegia
1735 2259 1912 2288 confirman-

1198 2303 1253 2328 tur.
1271 2299 1513 2338 —Praepositus
1532 2305 1559 2329 et
1577 2302 1714 2331 canonici
1733 2302 1787 2331 sub
1807 2303 1909 2341 Apost.

1200 2342 1285 2372 Sedis
1305 2343 1468 2373 munimine
1488 2345 1703 2384 suscipiuntur3
1720 2363 1759 2368 —
1772 2345 1912 2386 Bonaque

1198 2386 1295 2415 omnia
1331 2387 1366 2416 ad
1397 2396 1447 2416 eos
1482 2388 1656 2426 pertinentia
1687 2390 1910 2420 confirmantur.

1197 2447 1237 2452 —
1257 2430 1410 2469 Dignitatis
1429 2432 1562 2470 privatio,
1580 2450 1620 2455 --
1636 2433 1730 2472 Atque
1754 2434 1908 2464 anathema

1198 2479 1298 2504 contra
1322 2475 1475 2505 violatores
1495 2476 1638 2514 privilegii
1663 2476 1762 2506 liuius.

1193 2532 1232 2566 (l)
1249 2532 1347 2558 Forsan
1364 2532 1517 2566 legendum:
1533 2536 1556 2558 et
1574 2535 1682 2565 insuper
1697 2536 1817 2567 deinceps
1826 2539 1911 2568 privi-

1159 2568 1233 2599 qui'o,
1253 2569 1427 2600 definitionem
1448 2572 1566 2593 nostram
1583 2570 1664 2594 [alins
1680 2572 1840 2603 continente,
1853 2580 1914 2597 mu-

1160 2604 1226 2633 nim,
1242 2605 1362 2633 praedia.
1402 2603 1440 2637 (2)
1458 2603 1495 2629 Ex
1512 2603 1656 2638 Capitulari
1672 2604 1813 2633 Tabulario
1829 2606 1914 2635 edidit

1160 2636 1260 2672 [ghell.
1288 2638 1344 2664 [tal.
1366 2638 1424 2665 Suc.
1444 2641 1507 2665 tom.
1525 2646 1566 2665 ιιι.

1932 272 1980 298 An.
2001 273 2028 300 C.
2046 273 2115 300 1075

1962 325 2038 346 Modus
2065 331 2114 347 con-

1930 352 2024 373 cordiae.

1955 1056 2067 1077 Concessio
2078 1057 2119 1077 ter·

1933 1084 1983 1103 mint
1994 1083 2021 1103 aad
2037 1087 2119 1103 couta-

1933 1109 1964 1129 ria
1985 1111 2119 1129 monn-nenia

1932 1135 2084 1162 producenda:

1961 1351 2006 1375 Quo
2017 1351 2119 1378 expirato,

1934 1378 1952 1398 si
1977 1378 2028 1398 nihil
2056 1378 2119 1398 suerit

1934 1405 2052 1430 prolatum,
2070 1409 2120 1424 con-

1935 1434 2029 1451 troici-sa
2062 1431 2118 1451 bona

1935 1457 2045 1483 possideat
2062 1457 2120 1483 paci-

1934 1484 1973 1504 sice
1995 1484 2118 1504 Rossellana

1935 1510 2038 1531 Ecclesia.
