2180 3205
162 257 258 285 An.G.
282 257 349 285 1¹¹3

167 1015 208 1037 PP.
218 1015 352 1042 subscriptio.

428 229 498 263 270

955 233 1056 257 ΒΗΜΛ
1063 234 1079 256 R
1085 234 1092 255 1
1098 233 1144 256 ΓΜ
1170 233 1260 255 BONA
1266 232 1332 256 Nm!

376 303 490 338 capeat,
518 303 671 339 reumque
699 302 733 326 se
767 289 875 324 divino
907 289 1023 324 iudicio
1056 289 1122 323 exi-
1163 287 1279 317 Paschalis
1308 287 1526 325 episcopusservus
1551 295 1667 316 servorum
1696 286 1747 325 net,
1770 286 1854 316 dilecto
1889 287 1912 316 in

375 353 456 378 stere
478 343 516 377 de
544 350 719 389 perpetrata
747 340 907 387 iniquitate
933 346 1122 385 cognoscat,

375 402 405 427 et
431 405 447 427 a
478 391 688 425 sacratissimo
720 389 862 436 Corpore
895 401 931 423 ac
959 388 1123 433 Sanguine

375 442 431 476 Dei
455 448 485 475 et
519 440 644 474 Domini
671 438 894 485 Redemptoris
920 438 1017 473 nostri
1052 437 1122 471 Iesu

375 490 493 525 Christi
532 489 633 524 aliena
674 489 745 528 fiat,
787 497 880 535 atque
912 487 944 521 in
985 494 1124 522 extremo

375 539 520 575 examine
543 539 702 573 districtae
728 537 840 571 ultioni
864 537 1034 576 subiaceat,
1064 535 1123 570 nisi

376 589 517 624 secundo
538 588 667 622 tertiove
682 589 883 626 commonita,
895 585 1125 633 praesumptio-

377 651 448 672 nem
476 650 565 672 suam
604 649 744 682 congrua
770 635 978 670 satisfactione
1019 646 1125 669 corre-

376 688 465 722 xerit.
489 687 619 721 Cunctis
640 695 744 720 autem
761 685 862 720 eidem
878 684 1030 719 coenobio
1046 684 1124 718 iusta

376 737 574 772 servantibus
604 736 645 770 sit
672 748 729 782 pax
767 734 894 769 Domini
929 733 1026 769 nostri
1053 732 1125 767 Iesu

377 786 506 826 Christi,
533 794 688 833 quatenus
710 793 740 819 et
767 784 818 818 hic
851 783 987 817 fructum
1025 782 1126 817 bonae

377 836 509 870 actionis
549 835 734 882 percipiant,
776 841 805 867 et
831 833 914 879 apud
950 832 1126 866 districtum

378 884 517 919 Iudicem
535 884 670 930 praemia
686 891 830 918 aeternae
853 883 939 930 pacis
956 881 1126 916 inveniant.

380 934 494 973 Amen,
520 945 624 968 amen.

429 983 499 1018 Eco
535 982 717 1016 piscatus
755 979 927 1015 catholicae
967 978 1129 1014 Ecclesiae

379 1033 548 1080 episcopus
570 1044 615 1064 ss.

426 1081 543 1116 Datum
566 1078 712 1114 Laterani
737 1090 792 1124 per
823 1090 951 1113 manum
981 1077 1130 1112 Iohannis

378 1141 503 1166 sauctae
529 1129 692 1164 Romanae
714 1128 875 1163 Ecclesiae
898 1127 1021 1162 diaconi
1054 1139 1131 1161 car-

379 1180 494 1215 dinalis
521 1191 555 1213 ac
583 1177 828 1218 bibliothecarii,
854 1189 879 1212 ιι
914 1177 985 1211 idus
1011 1176 1130 1222 aprilis,

379 1229 553 1264 indictione
590 1240 644 1267 vt,
690 1226 914 1262 incarnationis
955 1226 1132 1260 dominicae

381 1291 464 1314 anno
491 1289 591 1312 mcxlv
618 1279 675 1321 (l),
704 1276 904 1323 pontificatus
930 1287 1057 1322 quoque
1079 1275 1133 1310 do-

381 1329 446 1363 mni
468 1327 631 1362 paschalis
657 1326 761 1372 Papae
791 1325 935 1365 secundi,
963 1336 1031 1358 xiv.

499 1388 561 1419 Dat.
584 1389 631 1419 die
655 1388 691 1418 12
714 1388 816 1427 aprilis
835 1396 911 1416 anno
929 1386 1015 1423 1113,

619 1431 722 1472 pontif.
745 1440 821 1461 anno
839 1439 894 1460 xlv.

698 1592 800 1628 XLIX
807 1619 814 1626 .

385 1671 588 1705 Enumeratio
610 1676 636 1703 ec
668 1669 861 1715 confirmatio
891 1669 1038 1702 bonorum
1066 1680 1136 1702 mo-

432 1725 559 1758 nasterii
583 1724 618 1757 S.
652 1723 781 1756 Victoris
813 1723 984 1756 Massilien.
1020 1724 1136 1756 dioece-

431 1781 472 1814 sis
495 1780 551 1822 (2).

655 1855 870 1887 SUMMARIUM

384 1926 836 1957 Exordium—Confirmant&
861 1924 1012 1966 privilegia
1039 1927 1136 1957 omnia

424 1972 589 2012 pontificia,
621 1976 649 2001 et
679 1971 755 2000 bona
778 1971 813 2000 ad
837 1972 1047 2000 monasterium
1084 1972 1136 2001 hoc

426 2016 611 2056 pertinentia,
623 2025 697 2055 quae
717 2016 764 2045 hic
779 2021 1000 2044 enumerantur.
1015 2014 1139 2045 —Con-

426 2062 561 2091 firmatur
573 2061 760 2100 privilegium
776 2059 885 2090 Urbani
902 2059 954 2089 PP.
972 2077 1012 2082 —
1028 2059 1137 2089 Decre-

427 2111 487 2136 tum
512 2115 563 2146 pro
586 2106 778 2135 indemnitate
797 2105 968 2134 monasterii
987 2104 1085 2134 huius.
1100 2121 1139 2127 --

427 2150 543 2180 Poenae
562 2154 661 2179 contra
683 2149 916 2180 inobservantes.

423 2222 462 2257 (t)
482 2221 632 2256 Legendum
643 2221 750 2249 omnino
761 2229 849 2248 Mcxnt
865 2221 1041 2248 utconveniat
1054 2229 1138 2248 annus

390 2269 437 2288 xiv
459 2266 484 2288 et
504 2262 612 2288 indictio
635 2270 662 2288 vr
687 2269 748 2289 cum
774 2261 955 2288 numeratione
976 2269 1067 2293 aerae;
1090 2262 1139 2288 nisi

388 2302 455 2329 sorte
462 2303 521 2337 quis
533 2302 678 2337 putaverit,
691 2301 870 2328 immutandas
881 2301 969 2335 potius
979 2300 1053 2327 binas
1064 2300 1141 2327 hasce

1203 331 1292 361 Christo
1316 331 1365 360 lilio
1391 331 1469 359 Ottoni
1491 330 1568 360 abbati
1595 331 1744 361 Massiliensis
1769 332 1911 368 monasterii,

1204 380 1225 405 et
1244 376 1346 404 eiusdem
1362 373 1530 404 successoribus
1545 375 1683 414 regulariter
1699 375 1873 413 substituendis,
1891 376 1913 405 in

1203 423 1350 458 perpetuant.

1213 494 1413 542 Apostolicae
1449 494 1542 529 Sedis
1576 495 1760 529 auctoritate
1788 495 1914 530 debito-

1165 557 1226 592 que
1261 543 1498 590 compellimur,
1526 556 1582 591 pro
1609 544 1824 579 universarum
1851 544 1915 579 Ec-

1165 594 1329 628 clesiarum
1358 601 1440 627 statu
1463 602 1615 639 satagere,
1636 601 1667 628 et
1687 605 1795 628 earum
1814 594 1912 640 quieti

1166 643 1333 678 auxiliante
1356 642 1494 677 Domino
1522 642 1694 689 providere.
1722 642 1765 677 Ea
1789 650 1915 689 propter

1169 692 1372 740 petitionibus
1395 692 1467 732 tuis,
1501 691 1542 726 lili
1566 692 1596 726 in
1618 691 1744 727 Chr'ksto
1765 692 1914 726 charissi-

1167 754 1217 776 me
1238 742 1325 785 Otto,
1353 754 1415 776 non
1438 741 1594 776 immerito
1615 740 1820 775 annuendum
1843 753 1916 776 cen-

1167 792 1300 834 suimus,
1324 799 1356 825 ut
1376 790 1573 825 Massiliense
1600 791 1838 831 monasterium,
1866 790 1917 825 cui

1167 840 1235 875 Deo
1249 841 1379 875 authore
1395 840 1563 887 praesides,
1580 840 1618 874 ad
1636 839 1912 887 praedecessorum

1169 898 1346 924 nostrorum
1396 888 1541 935 Gregorii
1580 888 1635 923 Vll
1671 898 1701 924 et
1735 888 1853 924 Urbani
1889 888 1919 924 II

1173 939 1332 985 exemplar
1377 938 1577 985 Apostolicae
1623 938 1717 973 Sedis
1757 938 1918 985 privilegio

1172 989 1378 1022 munii-emus.
1394 988 1455 1022 Per
1469 988 1641 1035 praesentis
1656 988 1750 1034 igitur
1764 987 1917 1035 privilegii

1172 1037 1313 1083 paginam
1338 1038 1390 1071 tibi
1414 1037 1540 1083 tuisque
1562 1037 1810 1077 successorihus,
1837 1049 1919 1084 quac

1171 1099 1187 1120 a
1216 1085 1383 1133 praedictis
1405 1086 1610 1120 Pontificibus
1625 1095 1698 1120 sunt
1717 1079 1847 1130 firmata,
1870 1086 1920 1120 tir-

1173 1148 1310 1170 mamus:
1340 1135 1485 1170 videlicet
1508 1136 1538 1170 in
1574 1135 1745 1170 Arelatensi
1769 1135 1916 1182 parochia

1172 1186 1396 1219 monasterium
1426 1184 1613 1219 Sanctorum
1636 1183 1765 1219 Genesii
1800 1192 1831 1218 ct
1851 1184 1921 1219 Ho-

1175 1235 1255 1277 ratii,
1282 1234 1444 1268 ecclesiam
1468 1233 1573 1268 Sancti
1604 1233 1688 1268 Petri
1723 1243 1753 1268 ct
1785 1232 1920 1268 Sanctae

1173 1283 1335 1317 Trinitatis
1366 1282 1405 1317 de
1439 1282 1652 1326 Fanibriculo,
1686 1282 1736 1317 Ss.
1759 1282 1862 1329 Sergii
1888 1290 1920 1318 et

1173 1332 1290 1367 Bacchi
1314 1333 1342 1366 in
1362 1332 1535 1378 Camargis,
1552 1331 1716 1367 ecclesiam
1731 1331 1764 1367 S.
1784 1331 1920 1367 Caesarii

1175 1382 1214 1416 de
1239 1381 1411 1421 Villanova,
1438 1381 1471 1416 S.
1500 1381 1637 1416 Caesarii
1666 1381 1704 1416 de
1737 1381 1920 1426 Bodenenc,

1176 1431 1285 1465 cellam
1312 1431 1345 1466 S.
1370 1431 1533 1465 Michaelis
1560 1430 1599 1465 de
1620 1430 1815 1476 Barzaneges
1848 1443 1921 1465 cuni

1176 1481 1304 1527 capellis
1330 1480 1410 1519 suis,
1448 1480 1481 1514 S.
1516 1479 1652 1514 Victoris
1685 1479 1725 1514 de
1749 1479 1922 1523 Marmana,

1175 1529 1209 1564 S.
1238 1529 1414 1577 Heymetis:
1444 1530 1473 1563 in
1497 1529 1680 1576 episcopatu
1707 1529 1921 1564 Avenionensi

1176 1578 1285 1613 cellam
1311 1578 1418 1613 Sancti
1441 1578 1620 1619 Saturnini,
1646 1577 1779 1613 Sanctae
1806 1578 1924 1613 Mariae

1177 1627 1216 1662 de
1242 1627 1474 1672 Rocamartina,
1508 1627 1640 1662 Sanctae
1666 1627 1780 1662 Mariae
1802 1626 1842 1662 de
1863 1627 1924 1662 Mi-

1178 1689 1269 1711 rano:
1306 1677 1336 1711 in
1366 1678 1548 1724 episcopatu
1576 1676 1791 1711 Cabillonensi
1813 1689 1924 1711 mona-

1177 1726 1306 1761 sterium
1322 1726 1455 1761 Sanctae
1477 1726 1604 1765 Mariae,
1626 1726 1734 1761 Sancti
1755 1725 1870 1760 Verani
1885 1725 1925 1760 de

1177 1775 1366 1819 valleclusa,
1392 1776 1555 1810 ecclesiam
1578 1774 1684 1810 Sancti
1706 1775 1832 1816 Iuliani,
1854 1776 1926 1810 cel-

1178 1825 1237 1859 lam
1273 1825 1380 1860 Sancti
1418 1825 1581 1859 Mirhaelis
1614 1825 1653 1859 de
1674 1824 1797 1863 Balina,
1833 1836 1925 1870 paro-

1178 1874 1281 1908 chiam
1312 1874 1417 1909 Sancti
1440 1874 1565 1920 Agotdi,
1599 1873 1764 1908 ecclesiam
1791 1873 1926 1908 Sanctae

1180 1922 1279 1957 Fidis:
1308 1924 1339 1958 in
1367 1923 1548 1970 episcopatu
1571 1922 1846 1969 Carpentoratensi
1866 1934 1926 1958 ec-

1179 1972 1305 2007 clesiam
1343 1973 1552 2020 parochialem
1587 1971 1625 2006 de
1653 1970 1775 2016 Rocca,
1813 1971 1925 2006 cellam

1179 2021 1287 2056 Sancti
1314 2021 1468 2061 Romani,
1495 2021 1628 2056 Sanctae
1645 2020 1760 2055 Mariae
1774 2020 1812 2055 de
1826 2020 1928 2055 Vella-

1180 2071 1258 2111 love,
1283 2072 1505 2106 monasterium
1521 2070 1627 2105 Sancti
1651 2069 1765 2104 Felicis
1787 2069 1826 2104 de
1839 2069 1927 2104 Ven-

1181 2128 1284 2155 nesta:
1304 2121 1334 2154 in
1352 2121 1535 2167 episcopatu
1552 2119 1677 2154 Valens.
1702 2119 1927 2153 monasterinm

1180 2168 1313 2205 Sanctae
1334 2170 1460 2210 Mariae,
1488 2169 1593 2204 Sancti
1626 2168 1782 2207 Victoris,
1820 2167 1928 2202 Sancti

1181 2225 1266 2259 Petri
1289 2224 1328 2258 de
1351 2223 1530 2260 Grausello,
1566 2222 1729 2257 ecclesiam
1765 2221 1929 2268 parochia-

1183 2279 1243 2313 lem
1266 2278 1305 2313 de
1319 2277 1429 2312 Castro
1443 2277 1637 2317 Malaricena,
1658 2275 1764 2311 Sancti
1786 2275 1928 2309 Michae-

390 2346 465 2369 notas
484 2343 692 2377 chronologicas,
711 2346 739 2368 ut
755 2342 824 2368 idem
837 2345 1003 2375 assequatur.
1018 2341 1140 2367 Mabillo-
1182 2332 1238 2376 lis,
1269 2331 1375 2367 Sancti
1400 2331 1481 2365 Petri
1510 2343 1582 2366 cum
1621 2329 1747 2375 capellis
1777 2329 1854 2372 suls,
1892 2327 1926 2363 S.

390 2383 458 2413 nius,
476 2384 520 2418 qui
538 2383 562 2409 in
581 2387 640 2409 nota
658 2382 791 2416 marginali
815 2381 985 2407 indictionem
1006 2388 1033 2406 vt
1056 2389 1080 2406 m
1102 2389 1140 2408 vn

389 2417 551 2449 emendavit,
568 2417 680 2444 fortasse
700 2426 750 2443 noa
767 2417 884 2443 advertit
903 2423 1043 2450 superesse
1053 2415 1141 2443 adhuc

389 2464 508 2483 errorem
531 2465 556 2483 m
576 2465 645 2484 anno
661 2456 753 2492 pontis.
772 2456 902 2483 Paschalis
918 2463 981 2487 xiv,
997 2456 1042 2489 qui
1059 2456 1084 2482 in
1103 2464 1140 2482 xv
1159 2462 1163 2508 Ι
1327 2494 1333 2527 Ι
1374 2493 1380 2499 ⁸
1461 2492 1484 2527 S
1620 2491 1651 2525 Μ
1689 2490 1696 2496 0
1757 2489 1776 2523 d
1817 2488 1844 2523 V
1866 2489 1895 2523 Η.

1160 2509 1163 2552 Ι
1182 2506 1247 2533 SCO,
1270 2505 1433 2528 eccesiam
1487 2500 1594 2526 anctae
1654 2501 1735 2525 ariae
1779 2501 1796 2524 6
1846 2502 1863 2524 e
1888 2501 1926 2527 ts,

1160 2547 1220 2595 jde
1242 2546 1383 2590 Mirabel,
1409 2545 1516 2581 Sancti
1551 2544 1665 2583 Bladii,
1693 2542 1826 2578 Sanctae
1863 2542 1932 2576 Ma-

390 2495 458 2522 soret
475 2497 664 2523 restituendus.
682 2496 1016 2530 Quamlibueritsequatnr
1027 2495 1141 2529 quisque

390 2539 558 2568 sententiam,
579 2546 626 2572 per
645 2545 694 2564 nos
711 2537 779 2563 licet.
817 2537 857 2571 (i)
874 2537 912 2562 Ex
928 2536 1063 2562 chartario
1076 2536 1142 2561 Pan-

390 2575 497 2602 chartae
517 2577 646 2602 Massilen.
667 2576 751 2603 edidit
771 2576 931 2602 Sammarth.
949 2575 1015 2602 Gall.
1041 2575 1139 2601 Christ.

1182 2385 1351 2428 Desiderii,
1369 2384 1475 2420 Sancti
1499 2383 1636 2427 Martini,
1651 2383 1784 2418 Sanctae
1802 2381 1929 2421 Mariae,

1182 2449 1210 2474 et
1229 2439 1336 2474 Sancti
1359 2438 1536 2485 Sepulchri,
1563 2437 1698 2484 capellas
1731 2435 1771 2470 de
1792 2435 1932 2470 Albaru-

392 2618 456 2643 tom.
474 2623 482 2643 ι
499 2616 564 2643 inter
586 2616 712 2643 lustrum.
731 2616 802 2643 Eccl.
824 2616 963 2643 Massilien.
990 2623 1016 2641 n.
1038 2622 1139 2642 xxviii.
1159 2611 1164 2658 j
1184 2601 1248 2635 ¹⁵¹3ss
1263 2601 1301 2635 de
1323 2599 1496 2644 Villaflolffl,
1517 2605 1556 2634 ets
1569 2597 1767 2632 medietatem
1787 2597 1930 2631 omnium

1936 247 1986 275 Au.
2005 247 2034 276 C.
2050 248 2117 277 1113

1964 513 2085 535 Exordium.

1977 1008 2128 1031 confirmantur

1943 1036 2054 1063 privitogia
2060 1036 2129 1057 omnia

1945 1063 2087 1089 pontificia‚et
2093 1062 2130 1083 bo-

1944 1096 1972 1110 na
1986 1090 2013 1110 ad
2024 1091 2128 1110 monasta-

1945 1117 1998 1137 riurn
2013 1116 2054 1137 hoc
2064 1115 2128 1142 perti-

1945 1143 2023 1166 nentia.
2031 1147 2086 1168 quae
2094 1142 2129 1163 hie

1946 1171 2102 1190 enumerantur.

2170 2903 2172 2910 a
2166 2727 2173 2854 --..-.-.„
2169 2675 2173 2691 ..-
