2180 3205
112 229 162 256 Αιι.
183 227 211 255 C.
229 226 297 254 1090

147 417 229 438 solitae
241 417 299 437 clau-

115 445 182 466 rulao.

384 196 450 228 152

329 259 442 294 lineam
500 264 529 292 et
572 255 682 289 stolam
722 253 923 287 Laterancnsi
970 252 1082 298 palatio

331 306 526 356 persolvetis.
555 305 639 339 Sanc
671 303 695 336 si
734 303 804 348 quis
839 302 868 335 in
909 302 1080 335 crastinum

329 356 599 403 archiepiscopus,
622 352 804 398 episcopus,
836 352 1004 396 imperator
1031 358 1082 383 ant

331 407 478 454 princeps
513 411 566 437 aut
593 401 669 442 dux,
691 413 799 435 comes
820 408 873 434 aut
895 400 1081 436 vicecomes,

329 455 434 498 iudex,
458 464 590 501 persona
613 450 785 498 quaelibet,
809 457 921 496 potens
943 457 993 483 aut
1017 449 1083 482 im·-

328 513 465 552 potens,
494 502 590 537 huius
624 500 722 534 nostri
750 499 907 547 privilegii
936 498 1081 545 paginam

328 554 444 592 sciens,
467 559 575 587 contra
597 562 666 585 earn
689 556 807 584 temere
832 548 952 588 venire,
975 554 1004 582 et
1026 559 1084 581 co-

330 615 411 645 rum,
426 613 507 649 quae
528 611 678 635 concessa
694 598 741 633 vel
754 605 868 633 statuta
889 605 975 641 suut,
991 596 1082 644 quie-

327 664 422 699 quam
447 651 568 685 irritum
598 649 710 689 facere,
738 647 914 687 tentaverit,
941 645 1083 681 secundo

328 701 460 736 tertiove
481 698 707 740 commonitus,
728 697 754 732 si
782 709 844 731 non
867 695 1083 731 satisfactione

328 762 469 797 congrua
503 747 737 786 emendaverit,
773 758 845 781 eum
879 745 1010 780 honoris
1053 753 1083 778 et

329 799 424 834 officii
447 798 496 834 sui
520 797 661 846 periculo
683 796 846 831 subiacere
869 794 1082 835 decernimus,

328 857 360 884 et
381 862 397 884 a
413 859 545 895 corpore
567 846 687 882 Christi
723 853 754 880 et
775 844 949 887 Ecclesiae,
971 850 1083 878 aucto-

330 898 418 933 ritate
450 896 640 945 apostolicae
675 894 837 943 potestatis
867 905 1081 939 segregamus.

329 946 598 983 Conservantibus
613 953 717 980 autem
741 956 800 991 pax
820 951 849 976 et
868 941 1083 977 misericordia

329 1010 345 1031 a
377 997 444 1032 Deo
483 994 701 1043 praesentibus
735 1001 764 1028 et
800 992 914 1027 futuris
948 991 1083 1026 saeculis

329 1054 546 1082 conservetur.
570 1044 686 1078 Amen.

379 1096 493 1130 Datum
523 1093 683 1139 Anagniae
707 1091 767 1126 kat.
791 1091 852 1125 feb.
876 1103 959 1125 anno
983 1089 1084 1124 domi-

330 1145 419 1180 nicae
448 1142 674 1178 incarnationis
704 1152 785 1183 alxc,
801 1140 909 1175 indict.
925 1152 983 1179 ΧΥ,
1002 1152 1085 1186 pon-

330 1195 466 1229 tificatus
492 1192 611 1228 domini
639 1191 757 1226 Urbani
774 1190 801 1224 ll
816 1190 921 1237 Papae
935 1202 970 1223 ιι.
989 1189 1084 1224 Scri-

332 1252 420 1292 ptum
444 1256 499 1290 per
522 1254 650 1276 manum
665 1240 834 1275 Lanfranci
858 1239 1084 1285 vicesgerentis

331 1293 507 1328 cancellarii
521 1292 600 1327 sacri
615 1290 720 1338 palatii
735 1302 805 1324 cum
819 1289 910 1335 signo
929 1288 1083 1322 eiusdem.

367 1350 428 1381 Dat.
451 1351 498 1380 die
520 1350 530 1379 1
557 1348 699 1378 februarii
722 1356 797 1378 anno
819 1346 936 1376 Domini
960 1346 1046 1383 1090,

580 1389 684 1429 pontif.
706 1396 783 1418 anno
805 1395 834 1416 ιι.

675 1466 741 1501 Vll.

335 1528 565 1571 Priut'leqi'um,
603 1538 654 1559 seit
688 1528 806 1559 decreta
839 1525 991 1558 nonnulla
1027 1534 1086 1568 pro

386 1578 524 1611 Ecclesia
546 1576 854 1619 Gratt'anopolitana,
881 1575 1024 1618 bonisque
1045 1574 1087 1606 ad

385 1638 452 1660 cam
475 1626 695 1671 pertinentibus
712 1626 774 1667 (il).

603 1679 818 1711 SUttttAtttUM
849 1695 851 1698 -

335 1731 502 1761 Exordium.
524 1746 564 1752 —
585 1729 717 1759 Ecclesia
740 1728 1008 1766 Gratianopolitana
1027 1727 1087 1756 Hu-

375 1772 442 1809 goni
475 1770 614 1809 episcopo
644 1779 709 1798 cum
737 1769 921 1808 pertinentiis
948 1769 1086 1797 omnihus

374 1811 574 1845 confirmatur,
597 1809 676 1839 salvo
709 1811 772 1838 iure
803 1807 832 1837 S.
855 1808 887 1837 R.
910 1807 939 1836 E.
967 1825 1008 1830 -—
1027 1807 1085 1837 De-

374 1854 487 1880 cretum
522 1858 574 1888 pro
605 1849 739 1878 eiusdem
770 1848 930 1883 Ecclesiae,
963 1848 1087 1886 eiusque

375 1890 518 1920 bonorum
543 1890 739 1918 immunitate.
761 1905 800 1910 —
822 1887 952 1917 Ecclesia
978 1888 1006 1917 S.
1028 1886 1086 1916 Do-

376 1931 437 1959 nati
469 1930 564 1958 eidem
587 1929 774 1958 adiudicatur
796 1930 825 1957 in
849 1932 1089 1966 perpetuum„—

377 1969 415 1999 lta
436 1974 541 2003 tamen,
561 1973 591 1998 ut
609 1978 663 1997 nec
682 1968 776 2003 vendi,
795 1976 847 1997 nec
867 1968 1044 2003 donari‚nec
1059 1969 1087 1996 in

906 199 1005 221 mmm
1013 199 1030 220 R
1037 200 1042 218 Ι
1050 198 1092 220 [Μ
1119 197 1250 219 ΠΟΜᾹΧΓ
1257 197 1278 218 ss

1128 250 1288 286 traditam,
1319 250 1377 282 illis
1410 247 1551 282 Ecclesia
1588 246 1690 280 verbis
1723 245 1878 292 agnoseit,

1125 299 1240 345 quibus
1277 298 1404 332 l’etrum
1433 304 1479 330 est
1514 294 1670 330 Dominus
1705 294 1875 330 allocutus:

1123 349 1351 394 Quaecumque
1368 344 1511 391 ligaveris
1524 356 1620 392 super
1639 352 1765 384 terram,
1785 351 1878 379 erunt

1125 397 1216 444 ligata
1233 397 1305 431 etin
1325 395 1438 434 caelis3
1454 401 1483 428 et
1504 405 1732 441 quaecumque,
1746 393 1878 429 solveris

1124 459 1220 494 super
1258 454 1371 480 terram
1390 473 1397 485 ,
1432 452 1525 478 erunt
1557 443 1658 478 soluta
1692 450 1723 478 et
1749 443 1781 477 in
1803 455 1879 478 cae-

1124 497 1162 530 lis
1194 499 1246 539 ια).
1275 494 1336 541 Ipsi
1360 505 1485 541 qnoque
1507 499 1538 527 et
1567 492 1711 540 propriae
1734 492 1878 538 firmitas,

1124 554 1154 580 et
1168 545 1288 580 alienae
1305 544 1375 578 fidei
1393 541 1590 577 confirmatio
1603 541 1716 577 eodem
1738 541 1877 577 Domino

1124 603 1252 629 auctore
1281 601 1465 642 praestatur,
1488 604 1560 626 cum
1580 590 1617 626 ad
1646 603 1719 626 eum
1742 590 1874 626 dicitur:

1124 644 1241 690 Rogat-i
1272 655 1328 690 pro
1356 651 1396 686 te,
1420 650 1532 676 utnon
1560 640 1684 676 deficiat
1708 639 1785 675 fides
1811 648 1876 682 tua,

1125 693 1230 727 Petro:
1261 701 1292 727 et
1325 700 1357 726 tu
1385 690 1555 738 aliquando
1587 702 1758 725 conversus
1792 701 1878 725 con-

1125 742 1212 776 firma
1247 742 1355 776 fratres
1382 750 1452 776 tuos
1475 743 1524 784 (b).
1547 739 1681 787 Oportet
1707 751 1782 785 ergo
1805 751 1876 785 nos,

1124 793 1190 838 qui,
1213 792 1283 826 licet
1300 791 1431 837 indigni,
1454 789 1538 824 Petri
1558 789 1732 824 residemus
1747 789 1777 823 in
1795 788 1877 833 loco,

1126 853 1216 886 prava
1235 841 1404 885 corrigere,
1428 848 1509 874 recta
1529 838 1665 879 firmare,
1688 846 1718 872 et
1740 838 1770 872 in
1788 838 1876 873 omni

1125 890 1264 925 Ecclesia
1292 889 1330 924 ad
1353 889 1469 924 aeterni
1493 888 1656 923 arbitrium
1685 887 1802 922 Iudicis
1829 888 1877 923 sic

1125 939 1323 986 disponenda
1350 939 1530 986 disponere,
1566 946 1599 972 ut
1633 937 1671 972 tle
1694 937 1779 971 vultu
1807 937 1877 971 eius

1126 989 1279 1023 iudicium
1303 998 1443 1022 nostrum
1468 986 1609 1034 prodeat,
1632 995 1662 1021 et
1678 986 1760 1021 oculi
1777 986 1875 1021 nostri

1125 1037 1250 1072 videant
1275 1038 1464 1084 aequitatem
1486 1040 1531 1080 (c).
1561 1036 1638 1071 Tuis
1663 1037 1771 1083 igitur,
1793 1035 1877 1070 dile-

1125 1088 1264 1121 ctissime
1287 1087 1315 1121 in
1339 1086 1466 1121 Christo
1493 1087 1587 1120 frater
1607 1085 1678 1132 Ugo
1705 1085 1876 1120 Gratiano-

1127 1137 1263 1184 politane
1289 1136 1451 1183 episcope,
1476 1135 1566 1170 iustis
1589 1135 1795 1182 petitionibus
1815 1147 1876 1170 an-

1126 1195 1284 1225 nuentes,
1312 1185 1367 1219 t·bi
1396 1186 1520 1232 tuisque
1558 1184 1707 1230 legitimis
1745 1196 1877 1220 succes-

1125 1235 1250 1270 soribus
1288 1235 1616 1282 Gratianopolitanum
1658 1234 1874 1281 episcopatum

1128 1285 1312 1331 regendum,
1327 1284 1573 1332 disponendum,
1595 1291 1625 1318 et
1642 1284 1708 1318 iure
1723 1291 1876 1330 perpetuo

1128 1335 1353 1381 possidendum
1391 1334 1564 1380 praesentis
1605 1332 1723 1368 decreti
1764 1333 1876 1379 pagina

1127 1384 1364 1420 confirmamus,
1379 1384 1464 1418 salva
1487 1385 1516 1417 in
1540 1383 1690 1418 omnibus
1713 1381 1875 1417 Romanae

1127 1433 1286 1468 Ecclesiae
1312 1435 1505 1467 auctoritate.
1533 1431 1765 1467 Censtituimus
1786 1443 1875 1478 ergo,

1128 1495 1166 1517 ne
1190 1482 1243 1517 ulli
1267 1485 1397 1517 omnino
1419 1483 1582 1517 hominum
1606 1480 1748 1528 qualibet
1769 1481 1877 1515 subre-

1128 1534 1244 1578 ptionis
1277 1533 1389 1566 astutia
1424 1532 1513 1566 liceat
1551 1532 1642 1565 vestri
1676 1531 1876 1576 episcopatus

1130 1584 1344 1626 possessiones
1372 1580 1529 1621 invadere,
1558 1582 1715 1618 minuere,
1743 1580 1789 1615 vel
1818 1592 1876 1615 au-

1128 1630 1218 1673 ferre,
1242 1640 1292 1665 aut
1315 1632 1516 1677 episcsepatus
1539 1631 1629 1664 vestri
1651 1629 1791 1664 decimas
1809 1631 1877 1665 sine

1129 1689 1227 1715 vestra
1241 1681 1446 1715 concessione
1459 1679 1635 1726 subripere,
1646 1687 1698 1713 aut
1711 1680 1877 1726 subreptas

1128 1738 1244 1769 tenere,
1276 1742 1377 1776 neque
1412 1730 1504 1764 vestri
1536 1730 1612 1763 iuris
1640 1728 1798 1763 Ecclesias
1821 1741 1877 1776 per

1129 1792 1256 1814 manum
1280 1779 1389 1814 laicam
1413 1781 1571 1818 obtinere3
1587 1778 1641 1813 sed
1664 1780 1780 1817 omnia,
1795 1790 1877 1825 quae

1129 1830 1209 1864 iuste
1232 1829 1383 1863 hactenus
1412 1836 1510 1863 vestra
1538 1827 1677 1874 possedit
1709 1827 1876 1871 Ecclesia,

1129 1880 1197 1913 sive
1219 1880 1249 1912 in
1274 1878 1413 1912 futurum
1440 1878 1577 1912 Domino
1598 1877 1766 1911 adiuvante
1795 1877 1876 1911 iuste

1130 1937 1222 1974 atque
1255 1929 1407 1962 canonice
1443 1928 1554 1974 poterit
1581 1927 1723 1973 adipisci,
1759 1928 1788 1960 in
1825 1935 1877 1960 tua

1131 1986 1322 2024 tuorumque
1356 1988 1576 2011 suceessorum
1619 1988 1712 2010 manu
1758 1976 1878 2022 integra

1894 202 1944 230 An.
1963 202 1991 231 C.
2008 202 2077 231 1090

1925 1001 2023 1023 Ecclesia
2037 1001 2088 1022 Gra·
2099 1018 2105 1023 .
2128 1003 2131 1005 ’

1919 1029 2074 1054 tianopolitauz

1902 1055 1933 1076 Eu
1936 1056 1983 1081 goni
1990 1055 2090 1085 epi-copo

1902 1082 2089 1129 sstffifflzss‘fi'ss!

1902 1138 1978 1159 matur.
1992 1135 2050 1156 salvo
2059 1135 2089 1156 iu-
2130 1141 2138 1149 ·

1904 1168 1926 1183 re
1942 1162 1964 1183 S.
1974 1161 1999 1182 R.
2012 1161 2035 1182 E.

1929 1445 2042 1465 naci-otum
2053 1449 2092 1470 pro

1908 1471 2002 1493 eiusdem
2019 1471 2092 1492 Eccle-

1907 1499 1968 1521 siae,
2003 1498 2093 1524 eiusque

1907 1525 2010 1546 honorum
2019 1525 2092 1546 immu-

1906 1551 1929 1573 ni
1946 1554 1981 1572 ne.

378 2011 498 2039 seudum
522 2010 585 2038 dari
604 2013 701 2046 queat.
718 2025 758 2030 —
775 2006 814 2036 De
831 2016 888 2036 non
911 2007 1087 2046 diripiendis
1107 1991 1111 2041 l
1334 2026 1351 2037 ..
1369 2029 1374 2044 ἶ

377 2049 463 2078 bonis
496 2049 702 2086 episcoporum
739 2046 957 2077 defunctorum.
985 2063 1024 2068 —-
1049 2046 1088 2075 De
1130 2039 1256 2081 sempe?
1281 2035 1310 2061 3¹
1334 2026 1446 2081 ¹³l¹b³¹f³
1471 2035 1684 2080 Desmssfflssffln·
1712 2024 1877 2080 P'faefffl'ffl
1919 2038 2096 2072 neptqsiaSbu-

379 2098 437 2118 non
459 2088 639 2127 recipiendis
655 2090 702 2123 iis,
720 2088 769 2126 qui
789 2087 824 2116 ab
840 2088 937 2126 aliquo
950 2087 1089 2125 episcopo
1131 2077 1296 2110 ecclssSfflffi
1323 2075 1428 2111 SdssClt
1458 2075 1583 2113 DOMU,
1612 2087 1640 2108 [Π
1664 2073 1878 2120 διὛῙῊθῑῊΞΟΟ-
1910 2066 2097 2119 ἕῗοῑὲῗᾶῗεῗὲδρᾱὲῗ-

378 2128 488 2157 suerint
509 2128 767 2158 excommunicati.
786 2143 826 2149 --
847 2126 961 2156 Poenae
988 2131 1088 2155 contra
1133 2135 1203 2172 pam
1228 2125 1397 2160 Υῇρῃῃρῃςῂ
1421 2127 1524 2163 gnam,
1551 2135 1645 2171 quam
1673 2136 1688 2157 ς]
1717 2124 1879 2170 tyrannica
1911 2124 2004 2148 potuum.

379 2168 535 2198 V¹⁰¹³¹⁰s05
559 2168 706 2207 privilegii
726 2168 824 2196 *mms-
1134 2183 1286 2221 potestate
1312 2175 1494 2209 auctoritate
1521 2174 1690 2220 episcopali
1713 2172 1880 2207 adiuvante

339 2225 461 2253 Urbanus
477 2226 617 2261 episcopus
636 2231 731 2253 servus
751 2231 890 2252 servorum
904 2224 960 2257 Dei,
980 2224 1091 2252 carissi·
1110 2248 1115 2268 :
1134 2224 1269 2259 Domjgm
1292 2225 1459 2264 95101-555457
1484 2223 1538 2257 [ibi
1566 2224 1693 2268 tuisque
1715 2234 1881 2256 successo-

384 2277 426 2298 mo
441 2270 527 2298 frati-t
546 2270 647 2305 nugoni
670 2270 921 2304 θΐᾶῒὶἃῡθρθῖῑῖᾶῦῠ
956 2272 1091 2305 episcopo,
1110 2270 1115 2294 ¹
1135 2274 1219 2308 vibes
1253 2273 1435 2316 regendam,
1469 2271 1717 2319 disponendam,
1751 2283 1788 2305 ac
1815 2273 1882 2306 iure

385 2316 495 2350 eiusque
507 2315 640 2350 legitimis
651 2316 861 2347 successoribus,
878 2315 907 2342 in
922 2316 1091 2350 perpetuum.
1111 2302 1115 2352 l
1136 2311 1300 2369 fimeta&
1316 2323 1550 2370 possidendam⁸
1586 2322 1679 2355 huius
1699 2321 1883 2355 auctoritate

390 2368 582 2403 potestatem
611 2368 730 2415 ligandi
757 2376 852 2416 atque
882 2369 1025 2403 solvendi
1059 2369 1091 2402 in
1112 2370 1116 2394 ⁵·
1135 2365 1288 2418 nvicilegii
1311 2372 1552 2411 confirmam1153
1575 2371 1813 2408 constituentes,
1841 2381 1881 2403 ne

342 2417 438 2452 caelis
470 2428 502 2452 et
535 2420 564 2452 in
591 2426 685 2458 terra,
712 2417 804 2453 beato
838 2417 934 2452 Petro
961 2420 1093 2463 eiusque
1112 2438 1117 2453 ;
1136 2414 1188 2455 :iili
1220 2433 1439 2456 successorum
1473 2429 1600 2455 tuorum
1626 2419 1717 2454 liceat
1739 2417 1883 2453 eamdem

343 2466 579 2502 successoribus
614 2475 743 2502 auctore
779 2467 846 2502 Deo
879 2468 1094 2514 principaiiter
1112 2458 1117 2508 Ξ
1135 2471 1307 2505 Ecclesiam
1331 2472 1422 2505 aheni
1446 2481 1614 2517 personae.
1642 2468 1687 2501 vel
1712 2467 1884 2512 Ecclesiae,

379 2532 418 2567 (t)
435 2532 473 2558 Ex
489 2532 654 2559 chartulario
671 2532 803 2560 Ecclesiae
818 2533 899 2560 huius
914 2532 997 2560 edidit
1016 2531 1095 2558 Balu-
1113 2513 1118 2568 l
1171 2532 1209 2565 (τε)
1227 2531 1320 2560 nauh.
1338 2539 1395 2559 xvi.
1434 2530 1473 2567 (b)
1488 2531 1552 2558 Luc.
1565 2536 1635 2555 xxti.
1652 2528 1697 2555 52.
1735 2527 1771 2564 (c)
1788 2527 1884 2554 Psalm-

344 2571 401 2601 zius
416 2572 523 2598 miscell.
542 2576 606 2599 tom.
624 2580 654 2607 u,
675 2572 720 2598 lib.
739 2581 769 2599 ιι.
1113 2573 1120 2622 Ι
1136 2579 1194 2599 xvr.
1212 2573 1238 2600 5.

164 2380 283 2403 Exordium.
1939 2378 1969 2397 lta
1985 2379 2061 2401 tamen,
2075 2378 2098 2397 nt
2143 2396 2147 2400 ,

1913 2410 1951 2424 nec
1968 2404 2036 2425 vendi.
2057 2409 2097 2424 net:

1913 2431 1994 2452 donari.
2015 2435 2054 2450 nec
2076 2431 2098 2450 iu

1927 2457 2010 2477 tentum
2038 2457 2086 2478 dari

1914 2486 1986 2510 queat.
