2180 3205
439 195 509 227 650

429 262 518 292 nibus
533 271 583 300 per
605 261 784 289 lltlesonsum
804 270 901 297 regem
927 262 1086 296 vindicata
1100 278 1139 283 -

430 307 680 348 Areliicpiscopali
708 308 811 336 honori
836 308 870 336 ab
898 307 1015 337 Urbano
1034 307 1057 337 ll
1084 307 1137 336 1³1³.

427 356 560 386 restituta
585 354 647 382 suit.
665 371 704 375 —
724 352 890 381 Hadrianus
909 362 976 382 vero
999 351 1139 389 Complu-

429 406 540 430 tensem
563 398 725 428 Ecclesiam
745 398 771 426 ei
791 396 974 429 subiiciens2
993 414 1031 419 —-
1049 396 1137 426 Tole-

429 450 525 475 tanum
556 442 811 480 archiepiscopum
839 441 1046 478 Hispaniarum
1073 442 1137 480 pri-

199 214 241 239 ἱη.
257 210 284 236 C.
308 208 372 235 tissa

428 494 534 518 matem
551 487 691 517 declarat:
708 485 847 524 —Eique
860 486 981 522 pallium
996 485 1137 515 concedit.
1158 503 1160 511 ι

427 551 466 556 -
486 532 632 562 Ecclesias
655 539 757 559 omnes
780 530 806 559 ei
825 530 963 564 restituit,
987 547 1025 552 —
1046 530 1138 568 Eique

427 587 501 616 quas
520 575 760 612 metropolitanos
775 574 912 603 amisisse
926 580 1048 609 constat,
1062 574 1137 603 sub-

427 623 506 653 iicit.
532 639 572 644 —
605 620 765 658 Quousque
800 628 935 658 quaeque
968 619 1138 658 metropolis

427 667 456 697 in
476 666 633 705 pristinum
663 667 770 692 statum
805 662 891 692 suerit
923 664 1066 693 restituta.
1101 680 1140 685 ——

425 711 564 741 loannem
594 709 722 746 archiep.
745 708 779 737 ad
814 709 946 737 muneris
975 709 1038 737 suis
1068 708 1137 737 fuu-

379 760 381 763 '
427 755 554 794 gendum
588 752 721 792 partibus
758 753 936 782 exhortatur.
967 769 1007 775 ·—
1031 752 1139 782 Solitae

427 800 634 830 conclusiones
647 802 732 838 prout
744 798 771 826 in
789 797 913 827 caeteris
926 806 1014 836 supra
1033 797 1138 826 allatis.

386 872 517 901 Adrianus
537 870 678 906 episcopus
702 875 796 898 servus
827 874 967 896 servorum
986 867 1041 900 Dei,
1061 874 1138 896 vene-

431 919 513 948 rabili
542 918 628 947 t'ratri
657 917 749 946 Ioanni
773 917 900 946 Toletano
928 915 1138 952 archiepiscopo,
1159 936 1160 943 ,

431 968 540 1004 eiusque
559 967 758 995 successoribus
782 966 908 994 canonice
931 965 1138 999 substituendis.

431 1019 460 1047 in
478 1018 647 1054 perpetuum.

201 1090 312 1112 Exordium
323 1097 333 1110 a
342 1091 371 1111 di-

188 1124 267 1147 gnitate
287 1121 372 1143 Toletu-

189 1157 227 1173 nae
263 1152 372 1175 Ecclesiae

189 1184 327 1209 denumpmm.

435 1084 580 1126 Quantae
604 1082 765 1129 dignitatis
792 1090 821 1117 et
852 1082 968 1128 gloriae
987 1082 1138 1116 Toletana

387 1134 530 1170 Ecclesia
553 1132 611 1167 fuit
632 1145 669 1166 ex
697 1132 838 1178 antiquo,
863 1139 892 1166 et
916 1139 976 1165 tam
1001 1132 1030 1165 in
1058 1131 1140 1166 His-

388 1183 489 1230 paniis
514 1194 607 1230 quam
639 1182 670 1215 in
692 1180 822 1215 Gallicis
844 1181 1026 1224 regionibus
1044 1193 1137 1227 quam

387 1233 503 1268 famosa
526 1231 661 1266 extiterit
678 1242 772 1276 quam
789 1230 928 1270 illustriS,
949 1238 1025 1277 quot
1044 1230 1138 1264 etiam

387 1295 443 1332 pet·
469 1294 538 1316 eam
568 1280 791 1315 ecclesiasticis
826 1280 960 1325 negotiis
988 1279 1138 1313 utilitates

365 1336 415 1367 'et
436 1332 629 1366 incrementa
657 1329 874 1375 pervenerint,
902 1328 1063 1367 omnibus,
1085 1329 1138 1375 qui

386 1380 582 1416 svnodatium
611 1378 817 1413 decretorum·
832 1378 971 1412 instituta
995 1386 1139 1412 scrutan-

387 1422 454 1470 tiir,
478 1429 552 1464 satis
574 1440 643 1463 esse
660 1427 820 1461 credimus
838 1427 1051 1461 manifestum.
1075 1426 1137 1460 Sed

387 1492 425 1514 ex
448 1491 522 1526 quo,
548 1476 686 1524 peccatis
710 1476 814 1522 populi
837 1476 1045 1522 exigentibus
1080 1477 1140 1510 To-

189 1531 277 1583 qfflflg
298 1529 488 1581 {fssffiglelssnss
516 1527 642 1566 civitas,
669 1538 749 1572 quae
772 1525 886 1571 insigni
910 1525 1082 1572 quondam,
1110 1534 1139 1559 et

190 1568 322 1619 ptssiingriini
339 1578 468 1612 oe-inter
494 1577 719 1622 Hispaniarum
744 1574 836 1609 urbes
862 1575 966 1620 magni
1003 1574 1140 1609 nominis

189 1627 275 1651 ‘'⁰¹³⁵‘³³
388 1626 577 1661 habebatur.
610 1624 837 1658 Saracenorum
873 1624 1018 1658 violentia
1050 1632 1138 1669 capta

388 1685 451 1716 est;
480 1676 519 1709 ita
547 1674 588 1708 ibi
612 1673 800 1707 christianae
827 1673 987 1719 religionis
1013 1673 1140 1706 libertas

388 1725 424 1759 ad
454 1723 589 1759 nihilum
617 1730 662 1757 est
689 1722 825 1762 redacta,
860 1722 943 1768 quod
968 1734 1021 1767 per
1044 1722 1139 1755 inulta

388 1773 546 1809 curricula
569 1781 746 1818 temporum
774 1770 860 1806 nulla
883 1771 945 1805 illic
975 1771 1140 1816 perhibea-
1160 1780 1161 1785 ¹

389 1831 439 1858 tnr
463 1821 625 1870 pastoralis
644 1821 736 1855 officii
753 1820 889 1866 dignitas
908 1821 1052 1866 viguisse.
1081 1820 1141 1854 Po-

204 1877 234 1897 ·*b
246 1882 318 1897 ⁶⁰¹¹¹¹¹¹
334 1881 453 1907 mv¹-stea
482 1884 565 1908 vero,
597 1871 676 1904 sicut
705 1870 827 1904 divinae
851 1869 948 1904 voluit
982 1869 1161 1904 miseratio:

190 1908 252 1928 nibus
267 1913 305 1934 per
318 1906 376 1927 llde-
443 1922 448 1927 .
535 1921 540 1926 .
670 1920 675 1925 .
712 1919 717 1925 .
816 1919 822 1924 .
1007 1919 1012 1924 .
1060 1919 1065 1925 .
1103 1918 1109 1924 .
1133 1919 1138 1924 .

190 1938 273 1958 tonsum
302 1943 373 1964 regem
391 1929 571 1958 maiestatis,
594 1919 697 1953 studio
712 1918 842 1953 illustris
860 1926 890 1952 et
908 1919 1066 1965 magnifici
1083 1931 1139 1952 viri

191 1970 310 1994 *mmm*
390 1971 472 2016 regis
495 1969 656 2009 ildefonsi,
679 1976 709 2002 et
727 1968 833 2002 labore
845 1967 1004 2002 christiani
1019 1967 1139 2014 populi,

390 2019 554 2055 Saracenis
589 2017 747 2065 explosis,
796 2016 1040 2051 christianornm
1082 2017 1140 2051 iuri

391 2068 526 2116 praelata
554 2075 600 2102 cst
633 2067 740 2101 civitas
768 2066 918 2100 restituta.
954 2066 1035 2107 Quia
1071 2077 1141 2100 vero

390 2117 521 2164 dignum
562 2124 643 2156 erat,
683 2124 712 2150 et
751 2123 998 2150 consentaneum
1038 2115 1141 2150 modis

391 2167 540 2201 omnibus
567 2165 696 2205 rationi,
720 2172 753 2199 ut
775 2171 941 2211 postquam
964 2164 1074 2199 eadem
1095 2164 1142 2199 ci-

392 2216 467 2250 vitas
484 2215 662 2250 inamissam
676 2213 847 2260 respirabat
859 2213 1047 2254 libertatem,
1064 2213 1140 2259 ipsa,

392 2273 422 2299 et
445 2265 584 2299 Ecclesia
609 2265 638 2298 iu
663 2271 777 2297 statum
808 2263 1010 2298 reduceretur
1033 2263 1141 2309 pristi-

393 2326 450 2348 nae
473 2313 645 2360 dignitatis,
682 2311 904 2360 praedecessor
927 2320 1032 2347 noster
1055 2312 1142 2346 divae

196 2362 378 2419 wsssfff'lfltsopjf‘ffg
395 2364 563 2397 memoriae
590 2362 737 2396 Urbanus
763 2361 860 2407 Papa,
883 2363 974 2396 cuius
996 2361 1144 2407 tempori-

196 2422 376 2474 ΓτὺιφιηῖᾒίῐῐῚΡΡ-
394 2415 454 2450 hus
488 2428 503 2449 a
533 2416 761 2450 Saracenorum
795 2415 940 2449 manibus
967 2415 1075 2463 civitas
1098 2422 1144 2449 est

195 2460 269 2476 ‘⁶⁵¹¹'
315 2461 352 2474 ω’
395 2476 517 2514 erepta,
553 2477 584 2503 ut
620 2468 661 2502 ibi
691 2468 790 2502 Sedes
821 2476 903 2502 esset
934 2467 1143 2511 Pontificalis‚

396 2521 540 2559 instituit,
574 2530 603 2556 et
627 2522 656 2555 in
681 2521 836 2569 praedicta
870 2520 1011 2555 Ecclesia
1028 2548 1035 2560 ,
1063 2520 1145 2554 sicut

396 2573 568 2621 antiquitus
603 2575 723 2613 suerat,
767 2574 942 2621 praesulem
976 2573 1142 2609 ordinavit.

972 208 1156 231 summm}
1181 204 1344 227 nonnum!

1943 205 1989 231 An.
2009 204 2035 232 C.
2058 204 2124 232 {¹56
2159 243 2166 246 .

1158 259 1244 302 fiNos
1265 271 1351 305 ergo,
1379 259 1430 305 qui
1466 259 1492 292 ei
1522 259 1593 293 licet
1615 260 1736 306 indigni
1771 260 1929 296 successi·

1158 307 1159 343 Ῐ
1181 321 1261 351 mus,
1290 308 1338 342 ius
1354 308 1450 354 ipsius
1477 307 1638 342 Ecclesiae
1661 309 1691 343 in
1715 310 1801 344 nullo
1829 310 1929 344 mino-

1181 370 1263 397 rare,
1300 356 1354 391 sed
1396 357 1499 400 potius
1536 366 1739 403 augmentare
1775 359 1927 400 volentes,

1180 407 1323 442 eiusdem
1351 406 1436 440 urbis
1463 414 1595 447 statum,
1623 414 1774 453 quantum
1804 408 1842 442 ad
1870 420 1928 443 no-

1159 465 1258 492 ,stras
1280 464 1326 490 est
1359 455 1537 494 facultates,
1565 456 1597 490 in
1620 456 1847 491 ecclesiasticae
1879 457 1929 492 di-

1158 516 1160 521 ’
1179 507 1305 553 gnitatis
1320 506 1418 551 gloria
1437 505 1586 544 stabilire,
1605 505 1770 540 adini-aute
1790 506 1928 541 Domino

1181 563 1411 602 praeoptamus.
1449 554 1685 589 Consu-mamus
1723 554 1827 602 itaque
1866 564 1926 590 tam

1180 606 1234 640 tibi
1257 618 1350 651 quam
1375 605 1437 639 tuis
1460 603 1698 638 successoribus
1725 605 1756 638 in
1779 612 1928 650 perpetu-

1181 669 1248 690 um.
1272 663 1301 689 et
1317 667 1372 702 per
1386 666 1440 688 vos
1452 653 1614 688 Ecclesiae
1631 652 1813 693 Toletanae,
1836 653 1929 688 Com-

1182 705 1357 752 pluteusem
1371 704 1548 751 parochiam
1561 706 1683 746 (l)cum
1696 703 1761 737 suis
1776 703 1929 747 terminis,

1180 763 1209 788 ct
1231 762 1364 794 caetera,
1391 765 1471 800 quae
1497 753 1591 787 hodie
1616 752 1766 787 Toletana
1787 751 1929 787 Ecclesia

1180 804 1259 838 iuste
1294 812 1323 838 et
1359 803 1510 838 canonice
1543 801 1693 849 possidet.
1733 801 1831 847 Igitur
1863 809 1928 836 tum

1182 865 1236 900 pro
1260 853 1351 899 «ligna
1375 853 1544 887 Toletauae
1567 851 1726 886 Ecclesiae
1744 851 1929 891 reverentia,

1158 901 1161 931 l
1181 910 1244 937 tum
1262 912 1290 936 ct
1311 914 1366 949 pro
1384 901 1637 936 reverendissimi
1656 901 1709 934 filii
1734 900 1830 934 nostri
1848 913 1930 944 prae-

1975 560 2092 583 Hadrianus

1942 597 1992 612 vero
2026 591 2126 618 Complu-

1942 625 2024 642 tensem
2049 621 2127 643 Eccle-

1942 653 1993 672 siam
2016 653 2035 672 oi
2059 652 2126 673 suhit-

1943 683 2018 706 cienu

1158 956 1161 971 ²
1180 952 1362 986 stantissimi
1378 952 1460 997 regis
1483 950 1630 985 ildefonsi
1654 949 1929 996 postulationibus,

1158 1002 1271 1058 ‘cuius
1298 1001 1446 1035 nimirum
1476 1001 1588 1034 virtute
1610 1012 1645 1034 ac
1668 998 1833 1045 prudentia
1863 999 1930 1033 sul'-

1159 1050 1334 1096 tfraganeae
1366 1051 1456 1085 sedes
1490 1050 1521 1084 in
1555 1049 1730 1083 libertatem
1765 1048 1929 1094 pristinam

1180 1099 1323 1134 redactae
1337 1108 1424 1134 sunt:
1445 1108 1485 1139 te,
1508 1098 1696 1133 venerabilis
1717 1097 1820 1141 frater,
1847 1098 1929 1132 iuxta

1182 1149 1458 1196 praedecessorum
1489 1156 1667 1183 nostrorum
1700 1154 1826 1181 sanctae
1863 1159 1930 1181 me-

1159 1213 1160 1216 *
1180 1199 1298 1233 moriae
1320 1198 1439 1232 I'rbaui
1462 1197 1501 1236 lt,
1523 1196 1697 1234 Pasclialis,
1719 1195 1846 1237 Calixti,
1863 1195 1930 1230 Eu-

1180 1248 1276 1291 genii,
1297 1248 1514 1282 Romanorum
1538 1246 1742 1289 Pontificum,
1770 1245 1928 1284 instituta,
1957 1258 2128 1279 roteianumu-

1182 1297 1210 1331 in
1223 1297 1298 1331 totis
1312 1296 1534 1344 Hispaniarum
1550 1296 1656 1341 regnis
1672 1295 1835 1341 primatem
1853 1293 1929 1334 fore,
1957 1289 2114 1346 θέξξξζζῗξξξζ

1159 1366 1160 1401 i
1182 1347 1353 1392 praesentis
1377 1345 1530 1392 privilegii
1552 1345 1736 1380 auctoritate
1759 1343 2052 1391 sancimusmrtmatem
2088 1349 2128 1370 1¹0-

1158 1402 1161 1411 *
1180 1395 1263 1430 sicut
1284 1395 1424 1430 eiusdem
1446 1394 1532 1429 urbis
1553 1394 1727 1440 antiquitus
1740 1400 1861 1427 constat
1874 1404 1930 1427 ex·
1944 1380 2022 1402 ‘¹²¹⁸'

1182 1444 1279 1479 titisse
1297 1444 1480 1479 Pontifices.
1503 1443 1602 1478 Pallio
1617 1455 1691 1477 sane
1713 1442 1744 1476 in
1764 1442 1928 1476 missarum
1956 1445 2127 1497 ΕἰηυῑῚιξῠῑϋῡω

1181 1493 1381 1529 solummodo
1415 1492 1679 1528 celebrationibus
1713 1492 1755 1526 uti
1789 1490 1931 1535 debebis,
1945 1482 2054 1501 cmm*

1183 1543 1361 1590 praecipue,
1389 1555 1468 1590 quae
1492 1542 1688 1588 subscriptae
1710 1549 1784 1575 sunt
1811 1540 1931 1574 festivi-

1182 1600 1277 1625 tatum
1302 1592 1511 1636 temporibus:
1537 1591 1637 1625 tribus
1655 1590 1768 1625 diebus
1788 1589 1931 1624 videlicet

1182 1642 1211 1675 iu
1234 1640 1342 1675 Natale
1374 1640 1512 1679 Domini,
1541 1641 1570 1674 in
1598 1639 1795 1686 Epiphania,
1818 1638 1932 1685 Hypo-

1159 1707 1161 1710 ⁴
1183 1699 1298 1736 panton
1342 1689 1448 1724 Coena
1486 1690 1610 1724 Domini
1628 1717 1635 1729 ,
1673 1688 1810 1723 Sabbato
1851 1687 1933 1723 San-

1181 1747 1248 1779 cto,
1271 1739 1372 1774 tribus
1393 1739 1505 1774 diebus
1532 1739 1561 1773 in
1586 1738 1723 1781 Pascha,
1759 1737 1789 1772 iu
1810 1738 1932 1772 Ascen-

1160 1789 1281 1827 ,sione,
1319 1789 1518 1827 Pentecoste,
1554 1787 1652 1822 tribus
1678 1787 1931 1823 solemnitatibus

1160 1837 1315 1877 ¹>Sanctae
1347 1837 1484 1882 Mariae,
1511 1837 1618 1872 Sancti
1645 1836 1809 1872 Michaelis
1841 1844 1872 1872 et
1897 1838 1930 1873 S.

1160 1886 1308 1920 loannis
1339 1887 1515 1933 Baptistae,
1552 1887 1581 1920 in
1609 1885 1758 1921 omnibus
1785 1886 1933 1921 natalitiis

1182 1935 1396 1979 apostolorum
1419 1944 1449 1970 et
1471 1948 1580 1970 eorum
1604 1943 1775 1981 martyrum
1794 1948 1932 1983 quoque.

1160 2003 1162 2011 ·
1182 1984 1306 2019 Martini
1329 1994 1359 2019 et
1380 1984 1529 2019 lldel'onsi
1553 1984 1782 2025 confessorum,
1816 1993 1846 2019 et
1868 1997 1934 2020 om—

1160 2045 1163 2074 ι
1183 2034 1270 2068 nium
1312 2035 1612 2069 commemoratione
1650 2033 1861 2074 Sanctorum,
1900 2035 1931 2070 in

1182 2083 1472 2118 consecrationibus
1505 2084 1731 2123 ecclesiarum,
1766 2083 1933 2130 episcopo-

1161 2145 1271 2175 „rum,
1294 2140 1323 2166 et
1345 2133 1542 2172 clericorum,
1577 2133 1606 2167 in
1630 2144 1736 2167 annuo
1763 2145 1932 2168 consecra-

1162 2190 1163 2217 l
1182 2182 1277 2216 tionis
1291 2189 1359 2216 tuae
1377 2182 1439 2225 die,
1459 2181 1553 2216 natali
1575 2182 1668 2216 etiam
1697 2181 1803 2216 Sancti
1820 2181 1931 2217 Isidori

1183 2239 1211 2265 ct
1234 2231 1381 2265 Leandri.
1410 2231 1579 2265 Primatein
1602 2241 1631 2265 te
1655 2231 1788 2266 universi
1816 2231 1933 2278 Hispa-

1162 2307 1163 2310 ,
1185 2292 1305 2314 marum
1328 2280 1488 2327 praesules
1510 2280 1696 2327 respicient;
1720 2289 1748 2314 et
1767 2281 1804 2315 ad
1831 2290 1878 2320 te,
1906 2281 1932 2316 si

1162 2328 1260 2375 {quid
1284 2330 1365 2364 inter
1386 2341 1441 2364 eos
1467 2329 1649 2376 quaestione
1677 2329 1807 2376 dignum
1837 2343 1934 2366 exor-

1185 2386 1248 2412 tum
1272 2378 1374 2417 fuerit,
1403 2378 1551 2413 reserent:
1580 2379 1663 2414 salva
1683 2387 1785 2413 tamen
1812 2380 1933 2415 Roma-

1187 2440 1242 2461 nae
1260 2427 1421 2462 Ecclesiae
1437 2428 1632 2462 auctoritate.
1659 2428 1841 2464 Toletanam
1858 2442 1932 2475 ergo

1184 2476 1356 2511 Ecclesiam
1385 2478 1452 2511 iure
1479 2489 1630 2524 perpetuo
1653 2478 1706 2512 tibi
1732 2480 1873 2525 tuisque,
1905 2479 1930 2514 si

1159 2525 1287 2560 'divina
1319 2527 1416 2572 gratia
1447 2527 1648 2573 praestiterit,
1676 2528 1932 2573 successoribus,

1220 2587 1258 2621 (t)
1281 2587 1343 2614 Vide
1359 2588 1491 2622 superius,
1510 2596 1565 2623 pag.
1585 2588 1645 2614 1155,
1663 2588 1700 2621 (a.
1717 2588 1756 2622 τ.)
