2180 3205
210 270 259 296 An.
278 270 307 297 C.
326 272 389 297 11711

238 934 356 957 Exordium.

221 1132 370 1153 nonasterium

207 1164 278 1183 fiant-ti
295 1162 389 1184 Michae-

209 1195 233 1214 lis
261 1195 285 1214 dc
318 1193 388 1214 Monte

207 1226 308 1249 (Lai-0050,
331 1227 390 1246 eius-

208 1263 247 1282 que
264 1257 324 1281 bona,
336 1262 388 1284 quae

208 1291 325 1311 enumerat,
351 1288 388 1308 sub

208 1319 227 1337 S.
241 1317 261 1337 ll.
279 1317 333 1338 Ecct.
343 1324 391 1344 pro-

209 1350 301 1369 tei-tinne
315 1349 388 1376 recipit

208 1382 229 1400 ct
243 1381 361 1401 confirmat.

221 1930 312 1956 Quorum
349 1935 391 1949 non

209 1968 275 1987 paura
301 1962 392 1987 propriis

210 1991 328 2011 nstntintbus
358 1992 392 2012 bic

210 2023 315 2049 exprimit.

457 263 525 293 772

445 324 594 364 privilegia
615 327 639 351 et
664 322 737 351 bona
758 322 921 352 confirmat.
947 339 987 344 —
1004 320 1151 351 lutet'dicti

445 374 573 407 tempore
586 367 681 396 dii-ina
694 368 785 396 officia
801 367 934 405 privatim
948 367 1070 396 recitare
1085 375 1153 395 con-

443 414 528 443 rodit.
545 429 584 434 -
604 412 714 441 Poenas
733 411 973 441 inobedientibus
989 411 1099 440 statuit.
1114 428 1154 432 —

444 456 680 487 benedictionem
700 455 937 485 benefactoribus
954 455 1102 493 elargitur.
1114 472 1153 477 —-

443 501 599 531 Alexandri
624 500 677 530 l’t’.
700 505 727 530 et
747 500 775 530 S.
798 499 830 529 lt.
856 499 886 528 E.
915 499 993 529 card.
1017 499 1151 529 subscri--

442 547 567 586 ptioneS.

401 613 551 642 Alexander
570 612 711 648 episcopus
732 617 826 639 servus
843 617 981 639 servorum
1005 610 1060 643 Dei,
1085 609 1150 638 dite·

447 663 500 692 ctis
517 662 582 690 filiis
605 661 706 690 Alfario
731 660 825 689 abbati
849 660 939 689 sancti
961 660 1098 688 michaelis
1121 660 1153 688 de

446 713 535 741 Monte
554 712 679 744 cavense,
699 711 809 747 eiusque
838 709 974 738 fratribus
992 711 1050 739 tam
1073 716 1150 745 prae·

446 762 567 791 sentibus
586 768 666 798 quam
679 761 793 794 suturis,
817 760 972 796 regularem
990 760 1077 789 vitam
1090 766 1151 795 pro·

446 813 539 846 fessis.
558 812 587 840 in
602 812 774 849 perpetuum.

452 881 486 916 Si
522 879 649 927 quando
683 893 699 914 a
735 879 856 914 devotis
893 878 1054 913 Ecclesiae
1080 877 1151 912 filiis

405 930 591 979 postulatur,
613 930 697 977 quod
723 929 879 965 honestati
910 927 1094 971 conveniat,
1121 935 1151 962 et

403 995 419 1016 a
448 981 570 1016 tramite
592 980 722 1014 rationis
749 991 810 1014 nou
836 977 1006 1018 discordet,
1039 985 1148 1024 peten-

403 1031 479 1065 tium
502 1043 559 1065 uos
585 1029 675 1064 decet
696 1028 862 1064 desideriis
884 1026 1150 1071 condescendere,

402 1089 433 1115 et
462 1092 570 1114 earum
607 1079 657 1125 pia
691 1087 759 1113 vota
797 1079 908 1114 effectu
945 1084 1150 1123 prosequente

402 1129 571 1178 complere.
600 1129 784 1175 Eapropter‚
818 1127 923 1162 dilecti
957 1127 987 1160 in
1014 1126 1151 1160 Domino

404 1180 474 1220 lilii,
504 1179 677 1213 ministerio
719 1185 884 1225 susceptae
915 1176 1073 1211 servitutis
1102 1176 1152 1209 iu-

404 1229 500 1269 ducti,
526 1236 556 1263 et
581 1228 726 1276 precibus
751 1227 857 1262 dilecti
885 1226 939 1260 filii
965 1226 1061 1260 nostri
1090 1225 1152 1259 Za—

404 1280 529 1314 chariae
555 1278 631 1324 regii
654 1277 766 1312 notarii
785 1277 972 1325 propensius
995 1275 1150 1319 inclinati,

405 1328 629 1363 monasterium
651 1336 800 1368 vestrum,
828 1327 858 1361 in
886 1338 950 1372 quo
971 1325 1077 1358 divino
1100 1324 1153 1358 ob-

403 1379 513 1426 sequio
547 1378 623 1412 estis
648 1377 829 1424 mancipati,
856 1375 915 1410 sub
949 1374 1029 1409 beati
1067 1374 1150 1408 Petri

403 1437 434 1463 et
456 1435 560 1463 nostra
583 1427 776 1474 protectione
798 1425 998 1472 suscipimus,
1020 1432 1050 1458 ct
1069 1436 1152 1470 prae-

403 1478 500 1513 sentis
537 1477 643 1524 scripti
688 1476 850 1523 privilegio
895 1474 1150 1512 eommunimus2

404 1535 587 1567 statuentes,
622 1534 655 1560 ut
680 1536 898 1573 quascumque
923 1535 1150 1570 possessiones,

404 1588 624 1625 quaecumque
645 1576 726 1610 bona
742 1575 824 1609 idem
848 1574 1074 1608 monasterium
1098 1573 1152 1606 im-

405 1627 650 1673 praesentiarum
677 1625 817 1672 legitime
854 1623 1004 1670 possidet,
1039 1630 1092 1656 aut
1122 1623 1151 1656 in

406 1677 544 1711 futurum
555 1675 758 1710 concessione
770 1673 972 1716 Pontificum,
988 1672 1151 1717 largitione

407 1739 516 1773 regum
538 1725 586 1760 vel
608 1725 800 1772 principum,
823 1723 979 1758 oblatione
999 1721 1150 1761 lidelium,

408 1789 463 1811 seu
485 1775 656 1810 aliisiustis
670 1774 782 1815 modis,
806 1779 980 1821 praestante
1002 1771 1151 1811 Domino,

406 1825 519 1872 poterit
545 1824 695 1872 adipisci,
731 1824 820 1858 firma
853 1822 941 1857 vobis
979 1822 1151 1868 vestrisque

405 1875 639 1910 successoribus
673 1882 703 1908 et
729 1873 844 1908 illibata
870 1878 1092 1920 permaneant,
1120 1872 1150 1905 in

406 1925 521 1973 quibus
542 1924 619 1959 baec
635 1923 769 1971 propriis
785 1922 934 1957 duximus
949 1921 1151 1968 exprimenda

406 1975 587 2010 vocabulis:
631 1973 796 2008 ecclesiam
839 1972 973 2006 Sanctae
1012 1971 1151 2012 Mariae,

406 2037 486 2071 quae
512 2033 559 2059 est
582 2024 612 2058 in
635 2023 758 2057 civitate
784 2022 913 2064 Veteri,
945 2032 1017 2055 cum
1051 2021 1153 2067 perti-

406 2074 522 2108 nentiis
543 2073 619 2112 suis,
641 2072 804 2107 ecclesiam
833 2071 867 2106 S.
895 2070 1066 2111 Simeonis,
1093 2083 1153 2105 ec-

406 2123 532 2158 clesiam
558 2123 592 2158 S.
617 2122 741 2162 Luciae‚
768 2121 930 2157 eeclesiam
958 2119 992 2155 S.
1014 2120 1153 2164 Martini,

407 2173 572 2208 ecclesiam
600 2172 633 2207 S.
660 2172 801 2216 Nicolai,
830 2170 994 2206 ecclesiam
1030 2169 1063 2204 S.
1085 2169 1154 2204 Ma—

407 2223 470 2258 riae
502 2222 619 2263 Novae,
646 2221 809 2256 ecclesiam
841 2220 948 2256 Sancti
981 2219 1153 2259 Laurentii,

408 2276 572 2312 ecclesiam
596 2276 703 2311 Sancti
725 2275 848 2320 Iuliani,
870 2275 1032 2310 ecclesiam
1046 2275 1152 2310 Sancti

408 2330 569 2365 Laurentii
608 2330 647 2365 (le
680 2330 811 2375 Murro,
848 2329 1013 2364 ecclesiam
1047 2330 1153 2364 Sancti

409 2384 536 2419 loannis
558 2385 596 2419 de
622 2384 776 2424 Avinella,
800 2383 964 2418 ecclesiam
986 2383 1019 2418 S.
1036 2383 1153 2418 Nicolai

411 2438 450 2473 de
484 2438 686 2483 Pantanello,
712 2438 875 2473 ecclesiam
902 2437 1008 2472 Sancti
1044 2438 1155 2474 Salva-

411 2493 499 2533 toris,
525 2493 688 2527 ecclesiam
716 2492 823 2528 Sancti
845 2492 963 2526 Nicolai
987 2492 1026 2527 cic
1048 2493 1155 2533 Accio,

414 2547 576 2581 ecclesiam
603 2547 737 2582 Sanctae
755 2547 870 2582 Mariae
897 2546 936 2581 de
957 2547 1077 2592 Cornu,
1103 2560 1156 2582 ec-

414 2600 538 2635 clesiam
566 2601 671 2636 Sancti
699 2601 861 2636 Benedicti
896 2601 935 2635 de
961 2601 1077 2641 Acina,
1104 2614 1157 2637 ec-

984 267 1173 290 BULLARIUM
1199 268 1362 291 ROMANUM

1955 267 2003 294 An.
2022 265 2049 293 C.
2071 265 2136 293 {¹7¹⁴

1193 322 1355 357 ecclesiam
1378 322 1514 357 Sanctae
1539 322 1654 356 Mariae
1676 322 1715 357 de
1736 322 1815 366 Rio,
1837 321 1939 357 eccle-

1193 372 1269 406 siam
1297 371 1431 407 Sanctae
1464 371 1580 406 Mariae
1614 371 1653 406 de
1681 371 1801 405 Abbate
1827 370 1938 418 Lupo,

1193 421 1355 455 ecclesiam
1373 421 1479 456 Sancti
1503 421 1622 456 Nicolai
1645 421 1684 455 de
1708 419 1851 455 Obviano
1868 433 1938 455 cum

1193 471 1340 506 domibus
1374 471 1411 505 ad
1438 471 1564 506 easdem
1598 470 1748 505 ccclesias
1776 470 1941 516 pertinen—

1194 521 1289 563 tibus,
1315 529 1345 556 et
1371 533 1451 567 quae
1487 520 1659 561 Unsiridus,
1681 519 1940 566 Gossiridnsquc,

1193 578 1223 604 et
1244 569 1397 604 Radultus
1420 570 1475 604 lilii
1502 570 1569 604 eius
1598 569 1752 616 praelatae
1780 568 1940 603 Ecclesiae
2139 612 2142 618 Ι

1193 620 1417 654 rationabiliter
1439 620 1602 654 dederunt.
1627 619 1789 653 Praeterea
1806 618 1853 664 pia
1868 631 1941 666 sup-
2135 616 2140 637 '¹

1195 669 1358 716 plicatione
1399 669 1546 716 praedicti
1587 669 1754 703 Zachariae
1783 668 1856 714 regii
1882 680 1940 702 no-
2027 708 2031 712 .
2077 708 2081 712 ,

1193 720 1261 753 tarii
1289 719 1459 755 clementer
1481 719 1618 759 inducti,
1642 717 1715 759 tibi,
1751 718 1791 752 tili
1829 717 1938 760 abbas,
1953 707 2139 762 32:22¹„32Jfflb22'

1192 777 1222 803 et
1261 769 1498 804 successoribus
1537 769 1600 803 tuis
1632 780 1723 802 usum
1759 767 1868 801 mitrae
1908 775 1939 801 et
1953 771 1999 808 {¹1³⁵
2014 771 2138 813 δοῑῡξηήῑὴ-

1191 819 1294 862 anuli,
1331 820 1362 853 in
1392 819 1505 854 diebus
1536 817 1715 857 dominicis,
1749 824 1778 851 et
1813 817 1843 850 in
1871 817 1938 851 aliis
1952 803 2149 861 ζξιᾷἓῗὸαςωρῖιξζῖ,

1192 868 1455 913 solemnitatibus,
1482 876 1512 903 et
1535 868 1563 902 in
1592 866 1845 914 processionibus
1864 878 1937 900 mo-
1952 863 2139 917 {fflgnfbg’gssgj

1192 918 1318 953 nasterii
1346 919 1449 959 vestri,
1475 926 1506 952 et
1531 917 1659 965 synod3s
1686 916 2112 963 archiepiscopo-buconfirmat.

1193 981 1259 1002 rum
1283 976 1313 1002 et
1338 968 1577 1015 episcoporum,
1599 967 1637 1001 de
1658 966 1825 1002 clementia
1847 964 1939 1000 Sedis

1192 1018 1390 1064 Apostolicae
1421 1017 1640 1063 indulgemus;
1669 1016 1826 1052 libertates
1858 1027 1939 1062 quo-

1192 1080 1254 1114 quc
1275 1067 1313 1102 ab
1337 1067 1584 1113 archiepiscopis
1615 1074 1645 1101 et
1671 1065 1838 1112 episeopis,
1870 1073 1901 1099 et
1921 1077 1938 1098 a

1192 1117 1376 1152 recolendae
1432 1117 1601 1151 memoriae
1646 1115 1782 1162 Roget-io
1825 1113 1937 1148 illustri

1192 1167 1316 1202 Siciliae
1340 1179 1422 1212 rego,
1449 1174 1479 1201 et
1501 1178 1516 1200 a
1540 1166 1640 1200 bonae
1662 1164 1831 1200 memoriae
1852 1164 1939 1198 AEm-

1193 1229 1254 1259 ma,
1275 1216 1434 1264 ‹pioridam
1449 1216 1606 1250 comitissa
1621 1215 1753 1249 civitatis
1769 1214 1939 1249 Severiano

1192 1266 1371 1301 authentico
1405 1266 1541 1312 scripto,
1573 1273 1603 1299 et
1629 1265 1668 1299 ab
1701 1264 1770 1300 aliis
1797 1264 1940 1311 personis

1192 1316 1425 1356 saecularibus,
1460 1315 1649 1350 monasterio
1677 1323 1780 1350 vestro
1806 1326 1939 1349 conces-

1192 1378 1257 1400 sas:
1295 1375 1325 1400 et
1351 1366 1495 1412 antiquas
1516 1373 1547 1399 et
1576 1364 1776 1400 rationabiles
1803 1376 1940 1399 consue-
1965 1380 2138 1408 Eiusprivilegin

1193 1416 1318 1450 tudincs
1340 1416 1440 1461 ipsius
1461 1414 1654 1459 monasterii,
1678 1414 1837 1462 perpetuis
1858 1421 1940 1448 tem·
1953 1412 2058 1465 ffimgfffl
2083 1411 2154 1446 0⁰¹¹·‡

1195 1465 1322 1512 poribus
1349 1464 1473 1499 illaesas
1499 1472 1529 1498 et
1551 1465 1688 1510 integras
1720 1475 1845 1499 manere
1867 1475 1941 1498 san·
2024 1459 2028 1464 “

1192 1516 1303 1549 cimus.
1327 1515 1372 1550 Ea
1389 1526 1471 1555 vero,
1493 1526 1573 1560 quae
1587 1526 1604 1548 a
1618 1513 1835 1561 quadragintis
1850 1513 1941 1547 annis

1193 1573 1274 1599 retro
1297 1565 1377 1599 idem
1401 1564 1626 1598 monasterium
1649 1564 1789 1598 noscitur
1811 1562 1940 1611 pacifice

1194 1614 1370 1661 possidere,
1397 1613 1487 1648 vobis
1515 1621 1544 1647 et
1571 1614 1806 1648 successoribus
1828 1613 1940 1647 vestris

1193 1665 1222 1698 in
1248 1671 1432 1710 perpetuum
1458 1663 1700 1704 confirmamus,
1735 1665 1775 1697 ita
1798 1662 1939 1711 quidem,

1192 1714 1275 1760 quod
1313 1713 1398 1748 nullo
1437 1725 1532 1760 super
1567 1712 1615 1746 bis
1654 1721 1796 1760 tempore
1830 1713 1940 1759 impeti

1192 1763 1353 1807 debeatis,
1398 1762 1445 1797 rel
1486 1761 1724 1809 quomodolibet
1769 1762 1937 1798 molestari.

1192 1813 1272 1847 Cum
1301 1821 1403 1847 antem
1436 1812 1580 1858 generate
1615 1811 1814 1846 interdictum
1835 1821 1939 1848 terrae
1966 1823 2138 1846 Interdictum-

1193 1863 1295 1906 fuerit,
1311 1862 1402 1896 liceat
1417 1861 1515 1906 vobis,
1532 1861 1645 1896 clausis
1673 1863 1788 1906 ianuis,
1803 1863 1939 1898 exclusis
1952 1860 2004 1908 ξξξξ
2019 1855 2138 1914 ἀ“ζ;“,’,ζζξ’,;

1193 1911 1470 1947 excommunicatis
1492 1919 1522 1946 et
1544 1911 1717 1946 interdictis
1732 1939 1740 1953 ,
1775 1925 1837 1946 non
1869 1913 1938 1960 pul·
1952 1919 2045 1953 wiffare
2081 1922 2138 1939 ⁰0¹¹·

1192 1962 1267 1997 satis
1285 1961 1456 2007 campanis,
1483 1973 1650 2008 suppressa
1673 1974 1747 1996 voce
1765 1961 1863 1997 officia
1886 1949 2017 1998 ce-⁰⁰‘¹¹²'

1194 2012 1323 2046 lebrare.
1358 2011 1565 2045 Deeernimus
1586 2022 1679 2057 ergo,
1716 2020 1748 2045 ut
1770 2012 1845 2046 nulli
1868 2025 1938 2047 om-

1193 2062 1268 2096 niuo
1290 2060 1453 2095 bominum
1488 2060 1580 2095 liceat
1616 2059 1787 2107 praefatum
1820 2074 1938 2097 mona-
1965 2064 2147 2101 3³⁰⁶e²sifl⁰h⁹⁶=

1193 2111 1321 2145 sterium
1345 2118 1460 2145 temere
1484 2109 1675 2156 perturbare,
1702 2119 1754 2144 aut
1775 2111 1843 2146 eius
1865 2124 1936 2158 pos·
1952 2095 2059 2149 illidimus
2089 2097 2136 2116 ὼ-

1194 2161 1350 2195 sessiones
1383 2159 1522 2199 auferre,
1557 2159 1603 2193 vel
1626 2159 1743 2194 ablatas
1781 2161 1936 2208 retinere,

1194 2210 1347 2254 minuere,
1373 2222 1427 2244 seu
1450 2208 1642 2256 quibuslibet
1664 2210 1877 2245 vexationibus
1899 2211 1939 2246 fa-

1195 2260 1307 2305 tigare3
1335 2259 1389 2293 sed
1412 2259 1527 2293 illibata
1549 2258 1653 2293 omnia
1675 2266 1705 2293 et
1727 2259 1845 2306 integra
1867 2273 1938 2296 con·

1195 2317 1367 2349 serventur,
1389 2320 1509 2352 eorum,
1538 2320 1592 2354 pro
1623 2320 1757 2355 quorum
1779 2309 1939 2355 guberna-

1197 2361 1278 2394 tione
1311 2366 1341 2393 ct
1374 2358 1621 2392 substentatione
1656 2369 1804 2393 concessa
1842 2369 1938 2405 sunt,

1197 2408 1304 2443 usibus
1327 2408 1516 2442 omnimodis
1545 2406 1719 2454 profutura:
1742 2408 1824 2443 salva
1846 2408 1939 2445 Sedis

1196 2458 1394 2504 Apostolicae
1416 2457 1607 2496 auctoritate,
1631 2465 1661 2491 et
1682 2457 1857 2493 dioecesani
1876 2459 1940 2506 epi-

1196 2508 1282 2554 scopi
1305 2507 1407 2542 debita
1439 2507 1623 2541 reverentia.
1652 2506 1686 2541 Si
1708 2520 1768 2554 qua
1790 2508 1886 2554 igitur
1905 2508 1938 2543 in

1197 2558 1334 2591 futurum
1352 2556 1561 2591 ecclesiastica
1574 2557 1778 2592 saecularisve
1793 2569 1938 2604 persona,

1197 2606 1276 2641 banc
1291 2614 1414 2641 nostrae
1423 2606 1655 2641 constitutionis
1666 2607 1809 2652 paginam
1823 2606 1938 2649 sciens,

1966 674 2040 697 §lurae
2050 679 2070 697 et
2079 658 2139 699 muti

413 2653 537 2689 clesiam
567 2653 600 2688 S.
634 2654 710 2695 Viti,
748 2654 912 2689 ecclesiam
946 2656 979 2690 S.
1013 2655 1158 2698 Nicolai,
1197 2663 1304 2691 contra
1344 2668 1412 2690 eam
1453 2663 1569 2691 temere
1613 2655 1718 2691 venire
1751 2656 1939 2699 tentaverit,
