2180 3205
38 268 86 297 An.
104 269 133 295 C.
150 270 212 296 ituri

820 268 882 290 AM
889 269 902 289 5
911 267 974 289 t'ASt
981 267 1015 290 [S
1037 268 1068 290 lv
1093 268 1139 290 ΙΨ.

1643 257 1706 288 (ill

230 323 345 370 itaque,
369 322 481 358 dilecte
504 323 533 358 in
556 323 684 358 Christo
702 322 795 357 frater
815 322 976 370 episcope,
1018 322 1105 356 vobis
1128 322 1300 369 vestrisque
1327 321 1565 357 successoribus
1591 329 1620 355 et
1647 321 1761 355 illibata

230 372 376 420 precibus
403 381 589 413 annuentes,
624 373 662 408 ad
690 379 872 420 perpetuam
903 383 977 406 san-

228 430 296 456 ctac
318 423 490 468 Aprutiuae
513 422 674 458 Ecclesiae
698 434 805 469 pacem
827 431 857 457 et
879 420 976 456 nobi-

6 469 21 538 ξ
229 471 358 512 litatem,
382 472 554 519 praesentis
577 471 694 507 decreti
716 471 881 506 stabilitate
903 483 977 506 san-

228 521 341 561 cimus,
364 530 397 555 ut
415 521 576 556 universae
601 521 766 567 parochiae
789 520 878 564 fines,
897 521 976 555 sicut

227 582 244 604 a
267 571 328 605 tuis
355 570 650 618 praedecessoribus
671 582 769 617 usquc
792 570 884 604 bodie
905 582 977 616 pos-

227 620 305 654 sessi
333 628 423 660 sunt,
459 620 498 654 ita
532 620 664 655 omnino
691 627 751 654 tam
791 619 846 653 tibi
881 631 975 666 quam

229 670 290 704 tuis
312 669 551 704 successoribus
573 669 601 703 in
626 676 814 716 perpetuum
847 680 977 703 conser-

21 756 25 761 ,
47 721 170 773 (ΜΤ-’ψ
189 723 214 743 fi-
230 727 357 753 ventur:
387 719 440 765 qui
466 718 609 753 videlicet
633 719 711 752 lines
737 729 752 752 a
780 718 879 764 capite
907 718 976 752 Vo-

32 756 213 806 itiai‘i'enli'ium
229 769 330 803 manis
374 781 428 816 pcr
466 768 564 815 ipsam
607 767 817 802 summitatem
860 768 977 802 montis

228 830 328 865 nsque
357 818 387 852 in
411 817 524 861 rivum,
545 817 597 864 qui
614 816 751 851 decurrit
775 817 855 851 inter
874 817 977 851 Ascu-

228 866 333 902 lanum
361 867 545 902 comitatum
581 875 611 900 et
633 866 836 912 Aprntinuin,
865 875 894 900 ct
922 879 977 913 per

226 916 396 952 Carrusum
422 928 521 963 usque
549 924 632 950 trans
654 916 781 949 fluvium
805 915 912 949 Tronti
937 915 975 950 ad

226 966 399 1006 con‘linnm,
421 965 505 1013 quod
529 964 569 999 ibi
601 965 791 1008 decernitur,
821 977 921 1012 nsque
946 966 974 1000 in

227 1027 324 1057 mare,
351 1024 381 1050 et
404 1028 458 1063 per
481 1027 565 1049 mare
587 1027 687 1062 usquc
706 1015 736 1048 in
760 1015 888 1049 fluvium
910 1014 975 1049 Vo-

45 1066 102 1089 '¹¹¹0‘
114 1068 214 1119 ,ΊὛΜ-
227 1065 310 1100 mani
338 1078 407 1101 csse
437 1072 629 1104 cernuntur;
663 1064 744 1099 inter
779 1064 856 1099 lines
877 1076 976 1110 quae-

32 1104 215 1157 :iiffn'iiissiass
226 1126 364 1163 cumque
385 1114 513 1161 oppida,
531 1125 748 1161 quaecumque
761 1114 863 1157 villae,
878 1126 975 1160 quae-

32 1162 364 1215 ssjsslssffmfficumque
400 1163 530 1211 plebes,
567 1175 787 1210 quaecumque
823 1163 974 1198 ecclesiae

141 1208 146 1212 ”
225 1213 305 1249 sitae,
333 1223 418 1254 sunt,
445 1221 499 1248 aut
530 1213 735 1260 imposterum
764 1212 891 1253 suerint,
914 1212 974 1247 sub

227 1271 279 1298 tua
301 1271 331 1298 et
354 1272 479 1298 tuorum
507 1262 734 1297 catholicorum
755 1274 973 1297 successorum

225 1313 399 1360 episcopali
423 1312 616 1359 providentia
639 1320 668 1346 ct
683 1311 889 1359 dispositione
908 1324 975 1358 per-

225 1370 392 1404 maneant;
419 1370 450 1396 et
482 1374 519 1396 cx
546 1361 592 1396 cis
613 1361 761 1396 omnibus
782 1361 974 1408 episcopalia

226 1411 315 1447 vobis
341 1412 407 1447 iura
442 1411 604 1446 solvantur
637 1419 699 1445 tam
729 1411 759 1444 in
787 1410 972 1446 clericorum

225 1460 488 1501 ordinationibus,
521 1469 550 1495 et
581 1460 784 1495 ecclesiarum
807 1472 974 1495 consecra-

226 1510 378 1556 tionibus,
400 1523 493 1558 quam
518 1510 548 1544 in
577 1509 699 1545 redditu
723 1509 916 1544 decimarum
944 1518 975 1544 et

225 1559 434 1600 oblationum,
455 1560 520 1594 sive
548 1559 577 1594 in
606 1559 855 1594 correctionibus
877 1559 975 1594 delin-

30 1611 154 1664 .¹'⁸⁰'⁶':}'¹⁷¹·
185 1617 212 1633 ¹¹0
226 1609 404 1657 quentium.
427 1609 511 1644 Sane
539 1609 620 1643 illam
650 1609 877 1643 monachorum
902 1621 976 1655 pra—

44 1649 214 1695 §minagii
228 1671 296 1694 vam
318 1659 617 1707 praesumptionem,
651 1671 731 1706 quae
760 1659 881 1705 (partim
907 1659 975 1706 epi-

29 1705 214 1763 ζῗξξξζῖηῂζζ
227 1721 394 1755 scoporum
417 1708 570 1748 absentia,
598 1709 709 1755 partim
739 1720 846 1742 eorum
871 1709 976 1755 pervi-

25 1767 112 1792 α-ῑίις
227 1758 327 1803 cacia)
362 1759 392 1793 in
420 1758 648 1805 Aprutinornm
677 1757 792 1792 finibus
827 1757 974 1797 inolevit,

225 1807 321 1843 modo
346 1807 537 1848 inhibemus,
566 1816 599 1841 nt
627 1819 684 1841 nec
712 1807 901 1854 baptismum
925 1807 976 1841 ul-

226 1857 324 1892 terius
345 1857 377 1892 in
400 1857 599 1892 monasteriis
621 1856 746 1897 faciant,
781 1869 838 1891 nee
861 1857 899 1891 ad
922 1857 974 1891 in-

227 1907 388 1942 tirmorum
417 1907 581 1942 unctiones
596 1906 634 1941 dc
652 1906 799 1940 claustris
821 1907 886 1940 suis
902 1919 976 1953 pro-

226 1956 313 2002 gredi
328 1956 474 1995 audeant,
499 1968 556 1990 nec
574 1955 613 1990 ad
631 1955 852 2003 poenitentiam
872 1956 978 1990 iniun-

227 2005 362 2052 gendam
403 2005 567 2053 populares
603 2017 753 2053 personas
790 2005 976 2046 admittant,

229 2067 287 2090 nec
301 2055 340 2090 ab
357 2056 507 2103 episcopo
523 2055 814 2090 excommunicatos
835 2055 870 2088 ad
887 2067 976 2089 com-

230 2105 424 2144 munionem,
451 2117 509 2139 nec
536 2104 721 2139 interdictos
743 2104 779 2138 ad
803 2104 900 2138 officia
926 2116 977 2138 sa-

31 2157 99 2196 lte!-
129 2164 153 2182 ¹¹²
179 2166 218 2195 τε·
230 2166 282 2190 cra
303 2155 486 2202 suscipiant.
508 2154 608 2188 Porro
629 2153 793 2188 ecclesiam
808 2153 844 2188 B.
862 2153 977 2188 Mariae

31 2190 99 2212 desi·
106 2190 126 2211 B.
138 2190 216 2212 lanae

36 2251 217 2305 ‘⁰⁸m,n‡?³⁸⁰⁰¹¹⁵
233 2253 336 2288 habita
362 2261 420 2298 est,
447 2262 477 2288 et
503 2253 565 2287 illic
592 2252 802 2299 episcopalem
832 2253 978 2287 decerni-

103 2302 107 2305 ’
132 2299 139 2310 '
232 2315 304 2338 mus
335 2302 442 2338 sedem
473 2314 673 2349 permanere,
701 2309 731 2335 et
765 2301 820 2336 tibi
854 2303 978 2348 tuisque

231 2351 468 2387 successoribus
493 2352 728 2386 confirmamus.
755 2350 978 2397 Quascumque

232 2401 468 2446 possessiones,
502 2412 720 2448 quaecumque
747 2400 829 2434 bona
867 2400 976 2435 eadem

231 2450 374 2486 Ecclesia
408 2450 700 2497 impraesentiarum
728 2449 809 2484 iuste
831 2457 862 2483 et
882 2461 979 2484 cano-

232 2500 302 2535 nice
329 2500 478 2547 possidet,
494 2508 547 2533 aut
568 2500 598 2533 in
619 2499 757 2534 futurum
775 2501 978 2533 concessione

232 2548 435 2593 Pontificum,
463 2549 624 2595 largitione
650 2560 759 2595 regum
783 2549 827 2582 vel
853 2549 978 2595 princi—

235 2611 321 2647 pum.
347 2599 504 2633 oblatione
527 2598 677 2638 lidclium,
704 2611 759 2632 seu
792 2598 861 2632 aliis
888 2597 979 2632 iustis

234 2647 350 2687 modis,
370 2648 437 2684 Deo
448 2648 594 2696 propitio,
609 2648 722 2695 poterit
735 2647 877 2695 adipisci,
892 2648 977 2682 firma

1017 380 1236 418 pcrmancant;
1265 372 1294 406 in
1322 371 1438 419 quibus
1454 372 1529 406 ltaec
1551 371 1686 418 propriis
1702 370 1763 403 dn-

1019 421 1121 454 ximus
1142 421 1345 468 exprimcnda
1388 421 1562 455 vocabulis:
1605 420 1761 454 abbatiam

1016 470 1122 504 Sancti
1161 471 1322 505 Benedicti
1357 470 1386 504 in
1423 470 1572 511 Catrula,
1605 469 1761 504 abbatiam

1016 520 1150 554 Sanctae
1189 520 1304 554 Mariae
1338 520 1367 554 in
1398 519 1574 560 Catancto,
1607 519 1761 554 abbatiam

1017 568 1123 602 Sancti
1162 568 1286 603 loannis
1322 569 1351 603 in
1387 568 1517 613 l‘esula,
1544 568 1699 603 abbatiam
1728 568 1761 601 S.

1017 617 1142 652 Ioannis
1170 619 1198 652 in
1233 619 1426 662 Scorcione,
1461 618 1624 653 ecclesiam
1656 617 1762 652 Sancti

1019 667 1155 702 Flaviani
1189 680 1260 701 cum
1294 677 1394 702 castro
1418 676 1537 715 portus,
1565 676 1593 701 et
1617 667 1764 701 omnibus

1019 716 1216 763 pertinentiis
1247 717 1324 755 suis,
1359 718 1541 751 canonicam
1563 716 1597 751 S.
1620 716 1760 751 Silvi-stri

1018 767 1047 800 in
1071 766 1191 810 Salino,
1215 766 1321 813 plebes
1338 765 1472 801 Sanctae
1488 767 1602 801 Mariae
1625 767 1652 799 in
1675 765 1762 810 Vico,

1017 815 1049 850 S.
1066 815 1181 850 Mariae
1209 816 1237 849 in
1267 815 1397 860 Velletc,
1414 816 1520 850 Sancti
1546 815 1628 850 Petri
1649 816 1678 849 in
1703 815 1765 849 Ro-

1017 877 1120 909 mano,
1136 864 1169 899 S.
1187 864 1268 899 Petri
1287 865 1315 899 in
1340 865 1476 903 Abrclio,
1490 865 1595 899 Sancti
1612 864 1761 898 Victorini

1017 914 1047 948 in
1063 914 1184 958 Canali,
1203 914 1236 948 S.
1261 915 1375 949 Mariae
1395 915 1423 948 in
1446 915 1613 953 Brazzano,
1636 914 1669 948 S.
1692 914 1763 948 Sal-

1018 965 1130 998 vatoris
1153 964 1182 998 in
1210 964 1397 1009 Pagliar010‚
1416 964 1522 998 Sancti
1544 964 1704 998 Laurentii
1733 964 1761 998 in

1017 1011 1210 1051 Festiniano,
1245 1013 1351 1048 Sancti
1386 1013 1508 1048 Martini
1542 1014 1570 1047 in
1598 1013 1762 1051 Innibero,

1016 1061 1150 1097 Sanctae
1179 1063 1293 1097 Mariae
1328 1063 1440 1107 Prodi,
1473 1063 1578 1097 Sancti
1614 1062 1703 1097 Pauli
1733 1063 1762 1096 in

1017 1112 1140 1153 Ablata,
1168 1112 1202 1147 S.
1231 1112 1392 1147 Laurentii
1416 1113 1445 1146 in
1470 1112 1625 1151 Civitella,
1654 1124 1764 1146 mona-

1015 1162 1143 1196 sterium
1167 1162 1274 1196 Sancti
1297 1162 1472 1197 Sebastiani
1491 1162 1520 1195 in
1537 1161 1698 1205 Gomano,
1717 1162 1764 1195 ci-

1017 1212 1139 1246 vitatem
1161 1211 1371 1246 lutet-amnem
1387 1224 1456 1245 cum
1471 1211 1571 1245 Vitica
1586 1210 1741 1245 Cartieula
1755 1239 1763 1251 ,

1015 1260 1202 1295 suburbium
1230 1260 1337 1295 Sancti
1370 1261 1508 1295 Flaviani
1541 1273 1611 1295 cum
1641 1260 1762 1301 Insula,

1015 1309 1211 1354 Montoncm,
1233 1310 1348 1357 Ripam
1364 1311 1402 1345 ‹le
1417 1310 1581 1345 Tou-toreto
1604 1318 1633 1344 et
1649 1310 1764 1354 Lauro,

1016 1359 1216 1395 medietatem
1250 1360 1368 1395 Pretuli
1398 1360 1573 1399 Lavaroni,
1601 1359 1763 1398 Neretum,

1015 1409 1189 1452 anannm,
1226 1417 1343 1456 partem
1366 1408 1513 1444 Gusberti
1542 1409 1572 1443 in
1600 1408 1764 1449 Oroi-iano,

1016 1467 1128 1494 terram
1157 1459 1292 1493 filiorum
1326 1459 1519 1501 Montacelli,
1554 1457 1704 1493 Gualterii
1733 1467 1764 1492 ct

1013 1507 1173 1556 Raynerii,
1200 1508 1335 1548 Lucum,
1363 1508 1484 1544 Collem
1512 1508 1678 1546 Vetutum,
1700 1507 1765 1542 Ra-

1016 1558 1138 1604 pinum,
1160 1558 1312 1597 Mianum,
1335 1558 1502 1593 Terrarum
1540 1557 1676 1592 filiorum
1700 1557 1766 1592 At-

1016 1607 1178 1649 bertionis,
1201 1607 1389 1653 Forcellam,
1417 1607 1627 1655 Capraficum,
1651 1616 1763 1641 terram

1015 1656 1155 1692 canonis
1189 1657 1227 1692 de
1260 1657 1444 1701 Guictariis,
1480 1657 1608 1704 podium
1646 1657 1765 1691 scilicet

1015 1706 1225 1752 Cantalupum
1241 1734 1250 1751 ⁷
1296 1707 1494 1742 medietatem
1539 1706 1764 1747 Germaniani,

1018 1764 1135 1802 partem
1159 1757 1274 1800 ssizini,
1297 1756 1484 1795 Civitellam,
1500 1755 1677 1794 Coloniam,
1693 1768 1765 1802 par-

1018 1814 1077 1839 tem
1110 1805 1149 1840 de
1171 1806 1288 1841 Gazino
1319 1815 1349 1840 et
1386 1806 1425 1841 de
1459 1813 1521 1840 tota
1550 1814 1627 1840 terra
1655 1805 1763 1839 Sancti

1016 1855 1146 1890 Nicolai.
1169 1855 1379 1891 Decernimus
1402 1857 1510 1902 igitur,
1534 1864 1565 1889 ut
1586 1854 1663 1890 nulli
1689 1866 1765 1888 om-

1017 1905 1091 1939 nino
1106 1905 1269 1939 bominum
1288 1905 1391 1946 liceat,
1404 1904 1572 1952 praefatam
1588 1903 1763 1939 Ecclesiam

1017 1961 1134 1989 temere
1156 1955 1350 2001 perturbare,
1372 1963 1425 1989 aut
1452 1955 1519 1989 cius
1549 1954 1765 2001 possessiones

994 2003 1149 2043 lauferre,
1177 2004 1224 2038 vel
1260 2004 1378 2039 ablatas
1412 2004 1558 2047 retinere,
1582 2004 1626 2037 vel
1651 2003 1765 2037 iniuste

1017 2052 1105 2087 datas
1127 2053 1193 2087 suis
1215 2053 1323 2088 usibus
1346 2053 1520 2094 vendicare,
1548 2053 1701 2093 minnere,
1717 2052 1765 2086 vel

1019 2107 1192 2141 temerariis
1218 2107 1436 2142 vexationibus
1459 2107 1604 2153 fatigarez
1626 2106 1681 2141 sed
1701 2118 1766 2141 om—

995 2154 999 2208 ξ
1019 2161 1069 2195 nia
1092 2161 1211 2207 integra
1233 2168 1470 2200 conserventur,
1493 2170 1554 2194 tam
1573 2160 1651 2199 eius,
1669 2171 1764 2206 quam

34 2227 118 2249 ..mm
132 2223 160 2244 εἰ.
179 2227 218 2243 se-
231 2204 392 2239 matricem
424 2216 551 2250 semper
582 2203 702 2247 baberi,
723 2203 804 2237 sicut
827 2203 977 2237 hactenus
995 2210 999 2237 t

1018 2214 1205 2249 clericorum
1245 2222 1276 2248 et
1310 2225 1483 2261 pauperum
1512 2213 1622 2248 usibus
1658 2213 1765 2260 prosu-

1020 2276 1105 2302 tura:
1127 2268 1211 2303 salva
1233 2267 1435 2315 Apostolicae
1456 2267 1549 2303 Sedis
1569 2268 1763 2303 auctoritate.

996 2320 999 2369 ξ
1018 2321 1051 2356 Si
1074 2322 1146 2369 quis
1167 2322 1260 2368 igitur
1281 2323 1485 2368 imposterum
1500 2322 1766 2370 archiepiscopus,

1018 2388 1198 2423 episcopus,
1233 2376 1412 2423 imperator,
1446 2384 1499 2410 aut
1522 2388 1586 2416 rex,
1608 2377 1766 2423 princeps,

1018 2439 1072 2464 aut
1092 2430 1175 2472 dux,
1196 2442 1318 2470 comes,
1341 2430 1548 2470 vice-comes,
1575 2430 1685 2475 iudex,
1714 2444 1767 2466 ca-

997 2462 1142 2526 lstaldio,
1165 2493 1217 2519 ant
1238 2485 1448 2519 ecclesiastica
1470 2484 1675 2520 saecularisve
1696 2498 1767 2532 per-

1019 2550 1107 2582 sona,
1130 2539 1210 2574 lianc
1228 2547 1350 2574 nostrae
1372 2540 1606 2574 constitutionis
1623 2541 1766 2586 paginam

1019 2593 1132 2632 sciens,
1161 2601 1266 2628 contra
1302 2606 1369 2628 eam
1393 2602 1509 2629 temere
1532 2595 1636 2629 venit-e
1665 2603 1767 2630 tenta-

1021 2647 1097 2681 verit
1118 2656 1176 2682 ctc.
1201 2648 1312 2682 Amen.

1779 265 1826 291 An.
1846 266 1873 290 (ἶ.
1894 266 1957 291 111Σί

1790 425 1826 445 tzui
1842 426 1895 444 hona
1914 433 1945 444 nm

1778 456 1960 480 ttinliirclpimu

1778 488 1875 506 cunct-ulit
1892 486 1962 508 l'nntt-

1777 517 1819 538 tex.

1795 1863 1904 1883 {tucn-tunt
1924 1870 1963 1882 nu-

1780 1895 1887 1914 munitatis
1895 1902 1905 1912 -ι
1916 1900 1964 1920 qua-

1780 1930 1868 1951 cumque
1895 1926 1963 1945 tui-lt:-

1781 1956 1828 1976 stia.

1793 2330 1872 2351 §olnae
1892 2331 1942 2350 ctat}

1840 2361 1906 2381 sutae.
