2180 3205
823 278 906 300 Ati-:x
919 278 1016 300 tNDER

268 333 464 372 cxprimit3—
478 333 548 363 Cum
566 334 703 363 omnibns
719 332 974 362 inrisdietioniluis

267 378 296 402 et
318 373 432 403 iuribus
450 374 629 403 decimarum
651 379 705 403 ete.
725 389 764 395 —
781 373 976 402 Consuetudi-

266 422 318 442 nes
341 423 457 452 qnoque
485 424 588 443 omnes
607 414 754 443 Ecclesiae
787 413 875 442 huius
897 417 974 441 ratas

267 452 363 482 habet.
382 471 422 475 —
444 454 595 483 Decretum
620 453 813 483 immunitatis
837 453 872 481 ab
895 453 973 482 ouini

266 493 409 523 molestia.
425 511 463 515 —
477 494 585 523 Solitae
602 494 753 522 clausulae
773 493 920 531 poenales.
936 510 975 515 —

264 533 418 563 Alexandri
446 534 498 563 [¹1¹.
517 539 544 563 et
571 534 598 563 S.
618 534 649 562 n.
678 533 752 563 Ecrl.
780 533 972 562 cardinalium

266 573 510 612 subscriptiones.

222 630 371 659 Alexander
389 631 528 666 episcopus
548 638 641 659 servus
666 638 803 659 servorum
822 631 882 664 Dei,
908 631 972 660 due-

267 676 319 704 ctis
337 675 413 708 filiis,
437 676 542 703 Nicolao
555 676 756 708 archidiacono.
777 677 805 703 et
824 676 973 711 Gardulpho

265 721 421 756 praeposito
444 721 564 749 Astensis
588 720 730 753 Ecclesiae,
755 727 897 756 eorumque
915 720 971 749 fra·

265 765 355 793 tribus
378 767 435 794 tam
454 766 644 802 praesentibus
663 772 742 801 quam
761 766 886 794 canonice
910 767 971 794 sub·

266 811 424 843 stitnendis,
444 811 472 838 in
492 812 661 846 perpetuum.

270 863 372 899 Officii
396 865 493 900 nostri
529 877 585 900 nos
619 864 769 899 admonet
799 873 829 899 et
863 866 970 900 invitat

220 915 400 953 auctoritas,
423 927 480 962 pro
494 914 707 949 Ecclesiarum
723 923 803 949 statu
818 923 969 962 satagere,

220 971 250 998 et
270 975 377 998 earum
401 964 496 1010 quieti
520 972 550 999 et
568 964 782 1011 tranquillitati
803 965 970 1000 salubriter

219 1013 388 1048 auxiliante
415 1014 553 1049 Domino
577 1014 752 1060 providere.
782 1013 967 1061 Eapropter,

219 1062 325 1098 dilecti
348 1064 380 1098 in
402 1062 538 1098 Domino
562 1063 628 1105 filii,
660 1064 769 1098 vestris
795 1063 885 1099 iustis
909 1077 969 1111 po-

218 1112 440 1148 stulationibus
455 1114 625 1147 clementer
639 1113 822 1151 annuimus,
840 1123 869 1148 et
886 1127 967 1161 prae-

219 1162 396 1197 decessoris
429 1164 527 1198 nostri
551 1163 600 1197 sel.
625 1176 720 1197 mem.
750 1163 879 1197 Adriani
907 1164 968 1199 Pa-

0 1211 7 1231 ·'
36 1214 154 1237 ⁰³³⁰⁰³³⁰³
174 1216 205 1236 Λ-
220 1223 277 1258 pac
298 1212 438 1259 vestigiis
470 1213 680 1253 inhaerentes,
709 1213 877 1259 praefatam
906 1213 967 1248 Ec-

0 1247 366 1307 2353‘2'312235lssictesiam,
401 1262 431 1296 in
459 1274 521 1309 qua
551 1262 658 1296 divino
690 1263 857 1309 mancipati
891 1265 966 1299 estis

57 913 166 936 Exordium

23 1309 93 1329 ctione
105 1308 165 1330 Sedis
175 1310 206 1330 Λ-

0 1341 5 1349 ,
23 1340 139 1366 ,mmnm
168 1346 205 1361 m-
218 1309 384 1359 obsequio,
406 1311 467 1346 sub
489 1311 571 1346 beati
593 1311 677 1346 Petri
699 1320 730 1346 et
753 1320 856 1347 nostra
888 1326 966 1359 pro-

0 1402 4 1408 ·
23 1370 71 1397 ripn
86 1370 190 1397 rourum
219 1361 353 1395 tectione
374 1362 581 1408 suscipimus,
604 1370 634 1396 et
656 1362 828 1408 praesentis
855 1363 964 1410 scripti

219 1409 381 1457 privilegio
415 1411 671 1453 communimus3
705 1418 894 1456 statuentes,
935 1422 966 1447 ut

0 1462 3 1465 ³
35 1457 116 1479 Eisdem
148 1459 204 1480 bona

0 1491 7 1511 ἱ,
22 1489 90 1510 omnin
125 1492 205 1511 contir-

22 1522 74 1540 mal:

218 1471 436 1507 quascumque
471 1461 708 1508 possessiones,
744 1473 965 1508 quaecumque

218 1508 299 1544 bona
339 1511 448 1544 eadem
489 1510 627 1545 Ecclesia
671 1511 963 1557 impraesentiarum

217 1558 298 1594 iuste
320 1567 349 1594 et
367 1560 517 1595 canonice
534 1559 685 1606 possidet,
706 1569 758 1594 ant
774 1561 804 1594 in
822 1561 963 1596 futurum

215 1609 421 1644 concessione
445 1609 645 1654 Pontificum,
668 1610 833 1656 largitione
856 1623 962 1657 regum

215 1657 262 1692 vel
290 1658 487 1706 principum,
525 1659 681 1694 oblatione
717 1661 873 1704 lidelium,
908 1674 962 1696 seu

214 1707 282 1742 aliis
319 1708 407 1743 iustis
445 1709 565 1749 modis,
601 1717 776 1756 praestante
809 1709 962 1755 Domino,

215 1757 327 1803 poterit
360 1759 510 1806 adipisci,
543 1759 630 1793 lirina
666 1759 752 1794 vobis
787 1761 962 1807 vestrisque

214 1807 450 1842 successoribus
471 1815 502 1842 et
536 1807 650 1842 illibata
682 1818 902 1855 permaneant;
930 1810 960 1845 in

21 1853 201 1908 42312¹⁴1ffl¹⁵0¹¹⁰3tg
214 1855 330 1902 quibus
345 1857 421 1892 haec
440 1858 573 1904 propriis
591 1857 741 1893 duximus
756 1859 961 1905 exprimenda

20 1894 202 1946 v111·i'i‚us¹“e='¹.iiiss
215 1905 392 1941 vocabulis:
415 1916 548 1948 curtem,
562 1920 642 1954 quae
657 1907 774 1942 dieitur
794 1908 960 1952 Quartum,

20 1951 67 1974 '¹¹³¹‘
214 1966 287 1989 cum
308 1963 422 1998 castro,
444 1956 516 1992 villa
538 1966 569 1991 et
587 1965 650 1992 toto
666 1957 869 2002 dominicatu,
889 1973 960 2006 pra-

215 2004 264 2046 tis,
291 2005 407 2047 herbis,
430 2006 528 2046 silvis,
553 2007 745 2047 nemoribus,
782 2009 909 2054 pascuis
930 2017 960 2044 et

213 2055 364 2101 aquaticis
395 2063 425 2090 et
452 2057 575 2102 ripariis
600 2069 702 2104 usque
725 2058 756 2091 in
779 2057 959 2105 Tanagrum

213 2111 244 2137 ct
265 2112 330 2138 toto
351 2104 495 2140 districtu
526 2107 627 2152 ipsius
655 2107 759 2141 villae:
794 2107 958 2143 ecclesiam

213 2151 248 2186 S.
274 2152 356 2188 Petri
379 2155 468 2189 sitam
497 2155 527 2189 in
549 2157 658 2190 eodem
682 2157 752 2191 loco
774 2169 846 2191 cum
874 2158 960 2193 dcci-

214 2203 274 2237 mis
303 2211 334 2237 et
368 2204 563 2250 pertinentiis
594 2207 674 2249 suis,
709 2215 829 2241 curtem
857 2220 959 2251 suam,

213 2263 294 2297 quae
326 2252 443 2288 dicitur
476 2253 610 2300 Ercule,
644 2268 716 2290 cum
753 2256 895 2291 ecclesiis
931 2267 960 2293 et

215 2301 346 2337 decimis
371 2302 409 2337 ad
434 2303 532 2349 ipsam
562 2305 810 2351 pertinentibus,
840 2315 870 2340 et
897 2315 959 2343 toto

213 2350 354 2386 districtu
388 2351 568 2388 hominum:
603 2355 726 2401 plebem
759 2355 959 2392 pizentianae

213 2410 287 2434 cum
313 2409 426 2445 castro,
448 2402 531 2446 villa,
553 2411 583 2437 et
605 2404 741 2450 capitulo
768 2406 863 2439 totins
895 2407 960 2454 plo--

214 2448 321 2494 batus,
354 2451 452 2485 servis
485 2459 516 2486 et
537 2453 680 2495 ancillis,
716 2463 747 2489 et
773 2456 892 2502 capella
925 2457 958 2491 S.

213 2497 387 2544 Michaelis,
420 2508 451 2535 et
484 2500 616 2536 decimis
644 2503 820 2549 praedictae
852 2505 960 2540 Eccle-

213 2548 278 2582 siae
300 2549 425 2595 pertin.,
446 2558 476 2584 et
505 2557 569 2584 toto
603 2551 742 2587 districtu
778 2553 959 2597 hominum,

215 2605 298 2632 turre
318 2606 349 2632 et
373 2607 473 2634 castro
502 2599 646 2645 Coningo
667 2614 737 2636 eum
767 2603 862 2637 domo
891 2618 960 2639 mu-

214 2655 290 2692 rata,
312 2656 342 2682 et
362 2657 446 2683 sexta
471 2657 556 2696 parte
577 2651 615 2684 de
638 2653 878 2687 commnniluis:
900 2663 961 2688 tres

333 2705 406 2734 Ball.
427 2705 502 2735 llum.
533 2707 584 2735 t'ul.
603 2708 639 2736 ll.
806 2712 843 2739 1δο

1653 267 1718 298 717)

1018 345 1144 366 mansos
1164 332 1193 365 in
1217 331 1326 366 eodem
1350 332 1418 366 loco
1451 343 1520 366 cum
1544 332 1676 367 ccclesia
1705 346 1767 380 pa-

1017 382 1145 416 rochiali
1173 389 1200 415 et
1225 381 1341 428 capella
1367 382 1465 428 ipsius
1487 382 1591 421 castri,
1615 391 1643 416 et
1673 383 1766 418 deci-

1017 432 1075 465 mis
1108 432 1147 465 ad
1187 431 1283 477 ipsam
1318 431 1559 477 pertinentibus:
1599 433 1763 467 ecclesiam

1016 481 1054 515 de
1077 480 1265 526 l’odancngo
1288 494 1360 515 cuin
1391 481 1523 515 decimis
1550 489 1580 516 et
1602 483 1764 528 pertinen-

1016 530 1067 564 tiis
1103 531 1190 574 suis,
1233 538 1368 576 quatuor
1415 543 1541 565 mansos
1581 532 1610 565 iu
1650 533 1761 567 eodem

1016 580 1084 615 loco
1107 592 1178 613 cum
1199 580 1296 614 servis
1314 588 1344 614 et
1359 580 1491 620 aucillis,
1514 589 1634 615 curtem
1655 595 1762 623 unam,

1015 642 1094 676 quac
1117 629 1232 663 dicitur
1253 629 1343 663 Mons
1377 629 1537 675 'lu-gtvnis,
1563 644 1633 665 cum
1665 633 1762 666 servis

1014 688 1043 713 ct
1071 679 1206 713 ancillis:
1241 679 1404 713 ecclesiam
1441 680 1473 714 S.
1510 680 1654 715 Dalmatii
1689 695 1760 716 cum

1014 729 1212 775 pertinentiis
1225 729 1302 772 suis,
1325 729 1487 763 ecclesiam
1507 730 1612 765 Sancti
1627 731 1760 767 Amin-21:

1013 778 1052 813 de
1066 777 1204 813 Fontana
1227 777 1363 812 Stantia:
1388 786 1448 813 tres
1472 792 1598 814 mansos
1621 781 1650 814 in
1675 782 1761 816 Aba*

1014 840 1084 862 rana
1112 840 1184 862 cum
1208 827 1325 874 capella
1359 828 1392 861 S.
1416 828 1544 874 Georgii
1568 830 1604 863 ad
1635 831 1758 877 plclwm

1012 877 1210 912 Pizentianae
1233 878 1421 924 pertinente:
1445 879 1608 913 ecclesiam
1636 880 1669 915 S.
1695 881 1760 915 Ge-

1012 927 1088 961 nesii
1124 927 1162 962 de
1197 926 1344 962 Gubione
1384 940 1454 962 cnm
1490 941 1598 963 manso
1634 943 1696 964 uno
1729 941 1759 965 ct

1011 976 1142 1011 decimis
1155 985 1185 1011 et
1203 978 1273 1011 aliis
1291 977 1486 1022 pertinentiis
1505 979 1581 1022 suis,
1604 979 1755 1014 decimam

1009 1025 1043 1060 S.
1066 1026 1189 1061 Martini
1213 1027 1252 1061 de
1273 1026 1502 1074 Conpergulis,
1525 1028 1688 1063 ecclesiam
1719 1031 1757 1064 de

1010 1075 1145 1111 Malesco
1167 1089 1238 1111 cum
1262 1076 1390 1111 decimis
1412 1085 1442 1112 et
1467 1078 1661 1124 pertinentiis
1679 1080 1757 1122 suis,

1009 1126 1172 1160 ecclesiam
1197 1126 1235 1160 de
1267 1126 1440 1161 Corebama
1473 1140 1544 1161 cuin
1575 1127 1705 1163 decimis
1727 1139 1756 1163 et

1009 1175 1205 1222 pertiuentiis
1227 1176 1310 1215 suis,
1335 1176 1498 1211 ecclesiam
1523 1177 1560 1212 de
1584 1178 1756 1213 Cortause-

1009 1225 1050 1259 ris
1070 1237 1140 1259 cum
1169 1225 1301 1260 decimis
1321 1226 1508 1260 allodiorum
1527 1236 1556 1260 et
1580 1227 1756 1263 vallisAzo-

1009 1274 1057 1309 nis
1074 1283 1104 1309 et
1126 1274 1195 1309 aliis
1218 1276 1411 1321 pertiuentiis
1434 1277 1510 1315 suis,
1533 1278 1694 1312 ecclesiam
1717 1279 1756 1325 de

1007 1323 1145 1359 Sexanto
1167 1336 1238 1359 cum
1261 1325 1392 1360 decimis
1414 1335 1443 1360 et
1459 1326 1656 1373 pertinentiis
1677 1328 1754 1369 suis,

1007 1374 1170 1409 ecclesiam
1194 1374 1231 1408 de
1258 1374 1368 1410 Solido
1389 1388 1460 1410 cum
1485 1376 1616 1411 decimis
1637 1386 1664 1411 et
1690 1390 1757 1424 per-

1008 1423 1144 1458 tiuentiis
1166 1425 1251 1468 suis,
1278 1424 1443 1460 ecclesiam
1479 1426 1686 1473 parochialem
1716 1427 1755 1461 de

1008 1472 1167 1508 Valliculis
1197 1486 1269 1508 cum
1297 1475 1393 1510 totius
1421 1475 1508 1510 villae
1530 1476 1754 1519 decimatione,

1006 1531 1136 1569 excepta
1160 1524 1368 1558 decimatione
1396 1525 1595 1572 antiquarum
1625 1538 1754 1573 posses-

1006 1572 1129 1607 sionum
1153 1573 1374 1619 dominorum,
1402 1574 1566 1609 ecclesiam
1591 1575 1629 1610 de
1651 1576 1754 1610 Casti-

1005 1621 1110 1668 glione
1144 1635 1214 1657 cum
1238 1623 1367 1658 decimis
1390 1632 1419 1658 ct
1443 1625 1639 1671 pertinentiis
1665 1627 1751 1666 suis,

1004 1671 1166 1707 ecclesiam
1204 1672 1242 1707 de
1275 1672 1372 1708 Cellis
1398 1686 1471 1708 cum
1497 1674 1560 1715 illo,
1588 1675 1672 1722 quod
1698 1676 1752 1710 suit

1005 1720 1163 1767 HugoniS,
1198 1730 1229 1757 et
1261 1724 1412 1771 quidquid
1444 1724 1562 1759 habetis
1590 1725 1618 1759 in
1641 1725 1750 1760 eadem

1005 1770 1073 1805 villa
1103 1783 1157 1806 seu
1191 1773 1344 1808 territorio
1379 1774 1446 1808 eius
1468 1786 1504 1808 ex
1528 1783 1613 1821 parte
1635 1774 1748 1809 Olwrei

1003 1821 1188 1867 extirpantis
1211 1823 1328 1867 vineas,
1350 1822 1488 1858 decimas
1507 1836 1633 1871 quoque
1656 1826 1750 1859 totius

1003 1870 1146 1909 civitatis,
1168 1879 1198 1905 et
1220 1871 1361 1907 villarum
1389 1874 1416 1907 ei
1438 1874 1661 1914 adiacentium,
1676 1874 1751 1909 Vat-

1003 1919 1200 1961 lis—Tertiae,
1211 1921 1328 1957 Montis
1342 1923 1470 1964 Bonini,
1480 1923 1660 1970 Arpegiani,
1675 1924 1750 1958 Val-

1002 1969 1039 2004 lis
1060 1969 1222 2012 Latronis,
1244 1973 1385 2018 exceptis
1413 1973 1468 2013 iis,
1495 1986 1574 2020 quae
1595 1974 1663 2007 aliis
1690 1974 1750 2008 Ec-

1002 2019 1105 2053 clesiis
1126 2028 1200 2054 sunt
1226 2033 1387 2066 concessa,
1409 2030 1472 2057 tres
1494 2035 1618 2058 mansos
1641 2023 1670 2057 iu
1694 2023 1750 2057 Vi-

1002 2069 1092 2103 niaco
1106 2081 1177 2104 cum
1195 2072 1330 2117 pascuiS,
1346 2072 1434 2106 terris
1451 2072 1545 2106 cultis
1562 2081 1592 2107 et
1608 2073 1745 2113 incultis,

1001 2119 1169 2165 aquaticis,
1191 2121 1328 2167 ripaticis
1355 2128 1384 2155 et
1406 2129 1470 2156 toto
1491 2122 1632 2156 districtu
1657 2123 1748 2169 ipso-

1003 2180 1069 2202 rum
1094 2168 1268 2214 homiuum,
1296 2178 1358 2204 tres
1382 2183 1506 2206 mansos
1526 2172 1555 2205 iu
1580 2171 1660 2206 Villo
1675 2185 1747 2207 cum

1001 2217 1144 2253 ecclesiis
1165 2227 1195 2253 et
1218 2220 1412 2266 pertinentiis
1439 2221 1516 2261 suiS,
1541 2221 1619 2256 duas
1645 2230 1746 2268 partes

1001 2267 1134 2302 maiores
1156 2269 1247 2302 castri
1276 2268 1315 2303 de
1342 2270 1514 2311 Corleone,
1537 2283 1616 2318 quac
1642 2284 1748 2318 quon-

1002 2316 1071 2350 dam
1096 2317 1181 2351 suere
1203 2317 1356 2352 Bonil'acii
1383 2318 1423 2354 de
1448 2319 1695 2362 Cortanenseris,
1718 2330 1747 2356 et

978 2365 1202 2400 'medietatem
1225 2367 1352 2402 alteram
1384 2368 1483 2415 ipsius
1516 2371 1629 2416 partis,
1665 2384 1746 2418 (luae

977 2386 984 2454 l
1003 2415 1059 2448 fuit
1085 2415 1242 2450 Carbonis
1265 2429 1336 2451 cum
1356 2418 1473 2465 capella
1499 2427 1529 2453 et
1551 2427 1616 2454 toto
1639 2420 1747 2455 distri-

1001 2472 1053 2498 ctu
1081 2464 1258 2510 hominum,
1281 2475 1414 2513 quatuor
1436 2480 1561 2503 mansos
1582 2470 1612 2503 in
1636 2471 1746 2505 eodem

1002 2513 1070 2548 loeo
1096 2523 1293 2561 camparte,
1323 2529 1402 2563 quae
1424 2517 1482 2551 suit
1511 2518 1682 2554 Gualfredii
1710 2521 1748 2555 de

978 2563 983 2590 Ι
1001 2561 1187 2607 Galandria,
1209 2576 1239 2598 et
1261 2566 1413 2613 quidquid
1437 2566 1558 2603 habetis
1580 2569 1610 2602 in
1633 2569 1749 2604 Anter-

978 2592 1058 2655 lsio,
1086 2613 1116 2646 in
1143 2612 1317 2655 Stoderda,
1345 2617 1374 2650 iu
1399 2616 1541 2661 Lorcllo,
1570 2626 1600 2653 et
1622 2619 1651 2653 in
1680 2620 1749 2654 Ma-

1002 2661 1114 2706 gleoln,
1142 2675 1213 2696 cnm
1237 2665 1397 2711 aquaticis,
1420 2677 1445 2699 et
1473 2669 1610 2713 ripsuieis
1634 2678 1661 2702 rt
1685 2678 1749 2704 toto

1042 278 1075 299 ΙΙΙ
1101 277 1146 299 1‘1‘.

1783 276 1832 301 An.
1845 276 1875 300 C.
1898 275 1963 301 ΗΝ.)

1785 983 1833 1003 Cum
1858 984 1954 1004 omnibus

1771 1015 1953 1035 iurisdietiimibns

1771 1049 1790 1065 et
1803 1046 1880 1065 iuribus
1894 1046 1954 1065 deri-

1772 1084 1849 1097 inarum
1864 1079 1905 1097 etc.
