2180 3205
445 218 512 250 798

393 282 480 316 nicae
495 293 576 315 anno
590 292 746 322 MCLXXVI,
758 278 955 326 pontificatus
965 274 1133 311 Alexandri

391 331 454 366 PP.
482 330 523 364 lll
552 342 633 364 anno
661 341 745 363 xvii.

465 387 527 417 Dat.
550 387 596 417 die
620 387 635 415 7
659 385 723 416 iulii
746 393 821 415 anno
839 384 955 414 Domini
975 384 1059 421 1170,

629 434 707 470 pont.
735 439 811 460 anno
833 438 899 459 xvn.

198 227 244 253 An.
264 226 291 253 C.
313 227 378 253 1176

658 574 862 610 LXXXVIII.

388 649 580 694 Approbatz'o
615 649 750 682 Instituit
788 647 915 682 Ordinis
951 646 1135 681 carthusia-

437 710 547 732 norum
575 700 629 742 (1).

659 771 872 804 SUMMARIUM

388 835 555 866 Exordium.
575 852 615 857 —
640 834 850 865 Cartliusianos
874 833 928 863 sub
957 831 1134 872 protectione

429 880 513 910 Sedis
531 880 714 920 Apostolicae
737 879 914 917 suscipiens,
933 877 1043 907 eisdem
1059 876 1134 906 bona

427 925 524 954 omnia
544 925 708 954 confirmat.
731 941 770 946 —
786 923 1004 952 immunitatem
1018 945 1025 958 ,
1047 930 1133 960 quam

427 968 660 999 ecclesiasticam
679 972 792 1003 vocant,
812 967 885 997 infra
913 976 1013 996 eorum
1031 967 1134 995 domus

427 1013 500 1043 sines
512 1013 655 1042 concedit.
673 1015 713 1034 '—
730 1012 805 1042 Intra
826 1012 944 1041 eosdem
964 1020 1135 1050 quamcum-

428 1067 485 1097 que
513 1058 643 1087 construi
662 1057 781 1087 domum
806 1056 951 1095 prohibet.
973 1072 1012 1077 —
1032 1055 1135 1084 Decre-

428 1107 488 1132 tum
509 1111 560 1141 pro
583 1102 772 1132 indemnitate
792 1101 934 1131 bonorum
956 1099 1134 1130 huiusmodi.

426 1162 465 1168 —
488 1146 595 1176 Solitae
625 1146 776 1175 clausulae
808 1146 956 1184 poenales
991 1162 1031 1166 —
1063 1144 1134 1173 Ale-

427 1191 528 1220 xandri
550 1190 603 1220 PP.
626 1195 654 1220 et
676 1190 703 1220 S.
723 1190 755 1220 1³..
778 1190 855 1220 Eccl.
875 1190 951 1220 card.
975 1188 1132 1227 subscript.

387 1257 518 1288 Alexander
543 1259 661 1298 epiScopus
675 1267 752 1288 servus
772 1268 888 1289 servornm
904 1257 954 1296 Dei,
978 1258 1068 1288 dilectis
1079 1257 1132 1287 filiis

427 1303 526 1333 Guidoni
541 1304 609 1343 priori
627 1303 768 1342 Carthasiae,
787 1304 880 1342 eiusque
891 1303 996 1333 fratribus
1008 1308 1052 1333 lain
1069 1312 1134 1342 prac—

426 1348 528 1378 sentibus
549 1358 616 1387 quain
651 1348 732 1378 suturis
754 1348 776 1378 in
801 1352 954 1388 perpetuum,
985 1349 1084 1378 salutent
1111 1352 1134 1378 et

426 1393 576 1433 apostolicam
594 1393 789 1423 benedictionem.

435 1459 517 1494 Cum
538 1471 591 1495 vos
614 1472 668 1507 per
690 1459 747 1494 Dei
775 1460 905 1506 gratiam
932 1459 1027 1494 multa
1053 1472 1132 1507 pro-

223 1512 341 1534 Emrdium·
387 1510 534 1544 mereatis
560 1509 660 1556 gloria
688 1509 884 1550 meritorum,
907 1518 936 1544 et
959 1510 1050 1544 vitam
1079 1522 1134 1544 so-

388 1559 518 1594 litariam
537 1559 698 1605 eligentes,
720 1559 844 1594 divinae
875 1559 1130 1606 contemplationi

389 1608 505 1643 arctius
525 1608 706 1653 intendatis,
739 1609 841 1644 bonus
867 1609 945 1644 odor
972 1609 1132 1656 religionis

389 1665 509 1693 vestrae
530 1658 569 1693 ad
596 1658 625 1692 id
649 1671 706 1693 nos
720 1659 849 1701 inducit,
873 1667 905 1693 ut
920 1659 1080 1693 communi
1102 1667 1132 1693 et

390 1708 517 1754 speciali
551 1707 656 1743 debito
690 1709 786 1755 quieti
821 1716 939 1744 vestrae
961 1708 1132 1743 debeamus

391 1757 564 1803 intendere,
586 1766 616 1792 et
634 1758 700 1792 iura
723 1766 822 1793 vestra
841 1770 1040 1805 summopere
1056 1770 1132 1792 con-

208 1815 357 1850 Carthusianps
391 1819 525 1842 servare.
565 1807 751 1854 Eapropter,
785 1807 889 1843 dilecti
927 1808 958 1842 in
995 1807 1132 1842 Domino

195 1848 380 1903 §ss'ijff'ffffssssfflff
393 1857 575 1897 filii,vestris
589 1857 678 1892 iustis
701 1857 964 1904 postulationibus
987 1858 1133 1891 clemen-

197 1909 249 1952 ’Ὗ
299 1908 380 1960 52¹3&-
393 1914 440 1941 ter
460 1907 642 1951 annuimus,
660 1915 866 1955 vestramque,
888 1915 918 1942 et
932 1907 1007 1942 alias
1022 1906 1133 1941 domos

197 1945 513 1991 likiisso’muissietiiffordinis
538 1957 644 2001 vestri,
677 1964 707 1990 et
736 1969 808 1991 cum
843 1956 989 1992 omnibus
1030 1956 1132 1997 bonis,

197 2003 271 2022 “¹¹¹¹³¹·
393 2007 529 2053 pascuis,
551 2006 815 2053 possessionibus,
841 2018 918 2054 quas
940 2006 1134 2052 impraesen-

392 2056 506 2090 tiarum
533 2055 613 2091 iuste
642 2065 672 2091 et
703 2058 852 2091 canonice
875 2055 1054 2103 possidetis,
1081 2063 1134 2090 aut

393 2105 423 2139 in
447 2105 585 2140 futurum
614 2105 703 2140 iustis
728 2106 841 2147 modis,
864 2112 1040 2153 praestante
1069 2105 1134 2140 Do-

393 2157 490 2199 mino,
527 2156 666 2202 poteritis
703 2155 843 2202 adipisci,
865 2154 925 2190 sub
948 2155 1028 2190 beati
1051 2154 1133 2189 Petri

393 2212 423 2239 et
450 2213 553 2239 nostra
567 2206 761 2252 protectione
774 2205 976 2251 suscipimus,
994 2212 1024 2239 et
1043 2216 1134 2250 prae-

394 2254 491 2289 sentis
518 2255 625 2302 scripti
649 2254 812 2302 privilegio
839 2254 1083 2294 communimus,
1106 2261 1136 2289 et

394 2303 555 2343 terminos
590 2316 668 2351 quos
706 2303 930 2339 rationabiliter
972 2304 1135 2347 statuistis,

394 2352 482 2387 vobis
504 2361 534 2388 et
559 2353 705 2388 domibus
732 2355 841 2388 vestris
862 2353 1045 2388 auctoritate
1060 2365 1136 2400 apo-

213 2408 372 2443 lmm=m³¹a¹e¹f¹›
395 2402 502 2437 stolica
523 2403 755 2438 confirmamus.
778 2402 827 2437 Ad
851 2403 926 2437 haec
952 2403 1136 2437 auctoritate

201 2439 383 2494 Qiilffsslfssfffssdi',
397 2452 564 2498 apostolica
600 2454 716 2487 arctius
748 2452 975 2493 interdicimus,
1009 2460 1040 2487 et
1077 2451 1136 2486 sub

200 2502 254 2522 ΜΝ
269 2501 646 2537 emme-interminatione
680 2502 886 2537 anathematis
921 2501 1135 2549 prohibemus,

201 2539 245 2552 ’Μ
260 2532 312 2552 fines
331 2536 384 2552 ⁰⁰⁰·
398 2562 436 2584 ne
463 2552 532 2597 quis
554 2552 630 2586 infra
658 2552 807 2586 terminos
829 2559 947 2586 vestros
962 2551 1009 2586 vel
1024 2551 1137 2587 domo-

201 2562 265 2583 cedit.

433 2616 471 2653 (1)
487 2617 525 2643 Ex
545 2616 654 2647 concil..
672 2622 735 2645 tom.
753 2625 811 2650 xiii,
829 2618 877 2644 loc.
895 2617 929 2644 cit

985 221 1082 244 mmm
1088 220 1168 243 ntum
1197 220 1357 243 ROMANUM

1935 222 1984 250 An.
2002 222 2032 250 C.
2051 223 2117 252 1176

1177 287 1244 309 rum
1272 283 1454 319 vestrarum,
1475 274 1635 310 hominem
1658 287 1780 322 capere,
1803 275 1918 312 furtum

1175 336 1232 359 seu
1253 324 1393 372 rapinam
1415 325 1622 365 committere,
1644 325 1692 359 vel
1715 325 1919 360 homicidium

1176 373 1277 409 facere
1309 373 1433 418 audeat,
1468 381 1521 408 aut
1558 374 1704 409 homines
1738 374 1776 409 ad
1807 375 1918 410 domos

1177 431 1292 458 vestras
1326 423 1499 465 venientes,
1533 423 1580 458 vel
1602 423 1639 458 ab
1665 424 1712 458 eis
1739 423 1919 469 redeuntes,

1175 472 1411 520 quomodolibet
1431 472 1628 517 conturbare,
1656 481 1690 508 ut
1711 473 1751 508 ob
1773 485 1920 508 reveren-

1176 523 1249 557 tiam
1273 522 1330 557 Dei
1366 530 1397 557 et
1417 521 1558 558 locorum
1576 530 1747 557 vestrorum
1765 522 1842 557 infra
1862 523 1919 558 hos

1177 572 1337 612 terminos,
1359 584 1422 607 non
1444 571 1547 607 solum
1569 584 1624 607 vos
1644 579 1674 606 et
1690 571 1799 607 fratres
1813 573 1918 613 vestri,

1176 621 1231 656 sed
1253 622 1345 656 etiam
1373 621 1434 661 alii,
1459 621 1581 669 plenam
1610 633 1718 669 pacem
1743 621 1919 656 habeantet

1176 671 1324 718 quietem.
1351 670 1544 706 Adiicientes
1576 683 1702 718 quoque
1741 671 1917 715 statuimus,

1177 728 1209 755 ut
1230 720 1308 755 infra
1330 720 1491 755 dimidiam
1513 721 1634 755 leucam
1653 733 1668 755 a
1687 720 1828 755 terminis
1850 733 1919 768 pos-

1945 682 2002 705 Intra
2029 685 2115 707 eosdem

1945 721 2095 744 quamcumque

1932 747 2025 767 construi
2076 748 2116 768 ‹lo-

1176 771 1364 811 sessionum,
1392 782 1470 817 quas
1496 770 1628 810 habetis,
1661 769 1737 805 nulli
1773 770 1917 816 religioso
1931 783 1985 799 mum
2006 778 2112 805 prohibe*-

1176 819 1277 861 liceat,
1308 819 1468 867 quodlibet
1509 819 1688 855 aedificium
1718 819 1917 861 constituere,

1177 869 1223 904 vel
1256 869 1470 916 possessiones
1501 870 1672 917 acquirere.
1714 869 1919 904 Decernimus

1176 930 1261 965 ergo,
1290 926 1322 953 ut
1353 918 1428 953 nulli
1456 919 1585 954 omnino
1618 918 1783 954 hominum
1815 918 1917 964 liceat,
1945 931 2056 954 Decretum
2077 939 2115 960 pro

1176 980 1230 1002 vos
1251 980 1346 1015 super
1369 968 1620 1015 possessionibus
1647 969 1693 1003 vel
1717 968 1840 1015 pascuis
1862 981 1915 1003 ve-
1932 963 2118 1016 {fflffl'stfllffiigg'j

1175 1018 1248 1052 stris
1275 1026 1391 1052 temere
1429 1017 1621 1067 perturbare,
1648 1025 1700 1052 aut
1736 1030 1832 1065 super
1869 1017 1918 1053 bis
1932 1026 1995 1046 modi·

1176 1067 1264 1102 vobis
1302 1067 1474 1102 molestiam
1508 1067 1556 1102 vel
1588 1078 1752 1114 gravamen
1792 1067 1918 1109 inferre,

1176 1116 1222 1151 vel
1260 1129 1312 1151 eas
1345 1117 1461 1151 ablatas
1496 1117 1640 1158 retinere,
1674 1117 1826 1161 minuere,
1860 1129 1917 1152 seu

1176 1166 1370 1213 quibuslibet
1411 1166 1625 1201 vexationibus
1671 1166 1818 1212 fatigare;
1861 1166 1917 1201 sed

1176 1215 1293 1251 illibata
1322 1216 1426 1250 omnia
1459 1224 1489 1250 et
1523 1216 1640 1262 integra
1681 1224 1917 1258 conserventur,

1176 1277 1298 1309 eorum,
1317 1277 1373 1313 pro
1395 1277 1528 1312 quorum
1552 1265 1777 1312 gubernatione
1798 1272 1828 1300 et
1846 1265 1919 1300 sub-

1175 1315 1362 1349 stentatione
1388 1327 1535 1350 concessa
1557 1323 1641 1356 sunt,
1663 1315 1788 1350 usibus*
1808 1315 1919 1350 omni—

1177 1364 1278 1399 modis
1305 1363 1479 1411 profutura:
1502 1365 1586 1400 salva
1605 1364 1697 1400 Sedis
1719 1364 1918 1411 Apostolicae

1176 1414 1368 1449 auctoritate.
1391 1413 1426 1449 Si
1453 1426 1512 1461 qua
1535 1415 1630 1461 igitur
1652 1415 1682 1448 in
1705 1413 1855 1459 futurum,
1870 1426 1917 1449 ec-

1175 1463 1345 1499 clesiastica
1368 1465 1573 1499 saecularisve
1593 1475 1736 1512 persona,
1763 1463 1917 1498 hancno-

1174 1522 1255 1548 strae
1273 1513 1506 1548 constitutionis
1520 1514 1663 1561 paginam
1679 1513 1793 1554 sciens,
1808 1520 1917 1549 contra

1174 1574 1242 1597 eam
1276 1570 1393 1598 temere
1425 1563 1529 1598 venire
1564 1563 1736 1604 tentaverit,
1778 1562 1916 1598 secundo

1175 1612 1302 1647 tertiove
1328 1613 1530 1656 commonita,
1545 1613 1604 1648 nisi
1627 1612 1916 1660 praesumptionem

1174 1674 1261 1696 suam
1290 1661 1383 1709 digna
1411 1662 1621 1697 satisfactione
1643 1662 1823 1703 correxerit,
1852 1674 1918 1710 po-

1175 1711 1304 1752 testatis,
1341 1712 1529 1759 honorisque
1556 1712 1604 1747 sui
1626 1711 1774 1757 dignitate
1801 1718 1915 1754 careat,

1175 1773 1322 1808 reamque
1362 1773 1395 1796 se
1434 1761 1540 1796 divino
1577 1761 1692 1796 iudicio
1720 1761 1852 1796 existere
1878 1761 1917 1797 de

1176 1818 1349 1858 perpetrata
1373 1810 1536 1858 iniquitate
1563 1819 1742 1857 cognoscat,
1777 1817 1807 1845 et
1832 1823 1847 1845 a
1866 1822 1918 1846 sa-

1174 1860 1346 1895 cratissimo
1378 1860 1518 1906 Corpore
1551 1868 1582 1895 et
1612 1860 1772 1907 Sanguine
1802 1859 1860 1895 Dei
1887 1867 1919 1895 et

1176 1909 1300 1944 Domini
1329 1909 1548 1957 Redemptoris
1582 1911 1678 1945 nostri
1704 1909 1774 1945 lesu
1800 1909 1916 1944 Christi

1174 1956 1274 1994 aliena
1309 1958 1372 2003 fiat,
1404 1967 1497 2006 atque
1535 1960 1565 1993 in
1599 1966 1736 1994 extremo
1775 1959 1918 1994 examine

1176 2009 1332 2044 districtae
1355 2009 1464 2043 ultioni
1487 2009 1664 2051 subiaceat3
1682 2009 1801 2044 cunctis
1813 2017 1917 2043 autern

1175 2058 1277 2093 cidem
1312 2058 1379 2093 loco
1413 2071 1467 2093 sua
1494 2059 1560 2093 iura
1588 2058 1784 2094 servantibus
1804 2058 1843 2093 sit
1859 2070 1918 2106 pax

1176 2107 1302 2143 Domini
1325 2109 1422 2143 nostri
1445 2108 1516 2143 Iesu
1542 2107 1670 2153 Christi,
1701 2116 1858 2155 quatenus
1887 2116 1919 2142 et

1177 2158 1226 2192 hic
1241 2157 1376 2192 fructum
1400 2157 1500 2193 bonae
1522 2158 1652 2193 actionis
1686 2158 1866 2205 percipiant,
1888 2164 1919 2192 et

1176 2206 1258 2254 apud
1285 2207 1458 2242 districtum
1473 2207 1612 2242 iudicem
1627 2208 1762 2255 praemia
1776 2215 1919 2242 aeternae

1178 2256 1265 2304 pacis
1283 2257 1453 2291 inveniant.
1472 2257 1586 2292 Amen.

1943 1426 2022 1449 Sattiae
2040 1428 2101 1449 clau-

1937 1459 1996 1480 sulae
2005 1459 2114 1486 poenales.

1224 2306 1294 2341 Eoo
1329 2305 1533 2349 AtaxANnEn
1569 2305 1738 2342 catholicae
1759 2305 1919 2342 Ecclesiae
1945 2318 2112 2340 Aiexauurirr.

1177 2357 1344 2403 episcopus
1369 2368 1411 2389 ss.

1226 2405 1293 2451 Ego
1321 2404 1460 2440 Ubaldus
1480 2404 1600 2440 Ostien.
1628 2405 1725 2452 episc.
1747 2417 1789 2440 ss.
1932 2418 1953 2451 ορ
1968 2414 1988 2436 s.
2003 2414 2026 2436 n.
2041 2415 2115 2451 sepis.

1226 2454 1295 2499 Ego
1332 2454 1465 2489 Ioannes
1504 2454 1554 2489 Ss.
1593 2454 1720 2490 Ioannis
1757 2462 1787 2490 et
1827 2455 1917 2490 Pauli
1932 2452 1980 2498 ῗξξζξ,
2019 2447 2115 2498 ζῇἱῖζζῖ

1179 2503 1340 2552 presbyter
1365 2503 1531 2539 cardinalis
1558 2516 1599 2539 ss.
1931 2509 2023 2536 rtioues·

1228 2552 1295 2599 Ego
1317 2553 1464 2588 Albertus
1491 2553 1592 2600 presb.
1628 2553 1711 2589 card.
1738 2553 1785 2589 tit.
1810 2553 1918 2589 Sancti

1180 2602 1339 2638 Laurentii
1362 2603 1392 2637 in
1411 2602 1530 2638 Lucina
1552 2615 1593 2637 ss.
