2180 3205
156 313 203 337 An.
226 311 253 337 C.
273 312 339 338 ttt'aet‘·

182 863 211 883 De
223 868 340 884 excommu-

154 890 272 910 nicatorum
280 890 340 910 abso-

164 924 167 935 ι
179 921 191 935 ἰ
200 923 234 935 >ne
277 919 339 937 tii-uu-

208 949 219 961 n
255 943 325 964 «latam

163 969 280 990 confirmat.

417 285 461 317 82

954 293 1140 316 namnum!
1168 293 1330 315 ROMANUM

367 349 425 395 ipsi
453 346 725 394 eomprelwndite.
763 346 831 380 Hoc
860 353 963 380 tamen
998 346 1119 382 videtur
1164 347 1196 380 ln
1217 346 1469 392 Longobardiam
1493 346 1638 382 venimus
1659 347 1784 382 circiter
1802 348 1911 395 viginti

367 397 534 435 laudabile,
559 405 727 442 postquam
764 403 884 429 certum
921 395 1013 430 fucrit
1035 396 1117 443 apud

367 459 433 487 vos,
460 454 490 480 et
511 445 641 479 omuino
676 444 852 487 firmatum,
877 445 961 490 quod
991 445 1061 479 eius
1084 446 1119 478 fi-

367 496 428 529 lius
453 507 468 528 a
492 505 588 539 regno
611 500 821 533 removeatur,
844 493 1010 527 consilium
1028 494 1067 528 ab
1084 506 1116 529 ea

366 553 395 578 et
416 557 433 579 a
455 543 548 577 nobis
569 543 748 589 requiratur
774 542 814 576 de
837 542 961 577 inventa
985 555 1117 589 persona

366 593 405 628 ad
433 592 520 639 regni
548 591 773 638 gubernacula.
806 590 909 632 Tunc,
936 600 990 626 aut
1012 601 1118 627 nostro

366 641 527 677 communi
563 640 697 676 consilio
732 652 897 675 assensum
934 641 1117 687 praebebit,

366 700 419 726 aut
449 690 652 738 Apostolicae
683 689 777 725 Sedis
810 689 979 724 auctoritas
1013 691 1118 726 omnia

366 741 503 784 vincula,
530 751 610 787 quae
638 739 785 774 videntur
807 738 943 773 iustitiae
965 740 1120 774 contradi-

367 801 450 833 cere,
477 788 661 824 removebit.

415 839 489 886 56.
514 839 562 873 De
593 837 876 872 excommunicatis
904 844 1030 882 autem,
1059 838 1119 872 iam

370 900 419 923 me
442 888 529 922 vobis
564 886 690 922 dedisse
723 886 904 927 licentiam,
937 887 991 934 qui
1026 887 1119 922 fidem

368 937 572 973 christianam
604 938 648 980 (ut
679 935 771 970 decet
803 935 982 982 episcopos)
1009 935 1121 970 defen-

368 987 454 1030 ditis,
481 994 516 1021 ut
549 985 731 1029 absolvatis,
766 984 933 1025 recordor,
961 993 991 1019 ct
1017 985 1121 1020 adhuc

367 1036 429 1071 hoc
451 1035 534 1070 idem
550 1034 716 1074 confirmo,
742 1034 767 1068 si
788 1045 895 1068 revera
918 1034 1120 1080 resipuerint,

369 1093 399 1120 et
421 1084 581 1119 humiliter
606 1083 832 1130 poenitentiam
855 1082 988 1128 egerint.

417 1134 535 1168 Datum
557 1132 681 1167 Laureti
707 1144 747 1166 111
770 1143 845 1167 non.
869 1131 1052 1178 septembr„
1078 1132 1123 1166 in-

369 1183 443 1217 dict.
467 1181 639 1228 incipiente
666 1193 718 1215 xv.

475 1238 536 1268 Dat.
555 1238 602 1268 die
621 1238 638 1268 3
657 1237 801 1278 septemb.
824 1246 900 1267 anno
920 1238 1007 1268 1076.

688 1382 806 1416 xxix.

532 1459 693 1493 Absolutio
715 1459 795 1502 reglis
817 1458 957 1491 Henrz'ci.

589 1550 593 1551 γ
640 1527 855 1558 SUMMARtUM

1162 396 1229 430 dies
1251 404 1323 430 ante
1347 396 1534 439 terminum,
1563 397 1594 430 in
1626 409 1689 443 quo
1715 397 1829 444 aliquis
1854 397 1915 432 du-

1162 457 1233 479 cum
1266 445 1303 479 ad
1332 444 1444 479 Clusas
1472 445 1564 480 nobis
1597 457 1764 481 occurrere
1791 446 1913 492 debuit,

1161 502 1362 541 expectantes
1387 494 1556 528 adventum
1588 494 1726 535 illorum,
1752 503 1911 542 quatenus

1161 543 1197 577 ad
1223 552 1325 590 partes
1348 543 1415 578 illas
1443 544 1575 578 transire
1597 555 1774 590 possemus.
1794 544 1913 579 Verum

1161 604 1232 627 cum
1256 593 1315 627 iam
1332 592 1464 627 decurso
1481 592 1614 627 termino
1629 592 1701 637 hoc,
1723 593 1816 628 nobis
1831 607 1910 629 nun-

1161 642 1311 686 ciaretur,
1346 642 1395 676 his
1435 641 1648 689 temporibus,
1686 654 1761 689 prae
1799 643 1911 678 multis

1161 691 1263 737 (quod
1292 698 1323 725 et
1345 703 1402 726 nos
1424 691 1552 738 quidem
1575 691 1753 736 credimus)
1781 691 1916 727 difficul-

1160 740 1288 781 tatibus,
1311 740 1460 775 ducatum
1483 740 1574 775 nobis
1596 740 1719 775 obviam
1743 740 1824 775 mitti
1850 754 1913 776 non

1162 801 1265 835 posse,
1298 801 1356 824 nec
1382 790 1510 825 aliunde
1531 790 1653 837 copiam
1676 789 1715 824 ad
1737 801 1793 824 vos
1818 798 1916 825 trans-

1161 838 1256 872 eundi
1275 839 1475 880 haberemus,
1494 851 1556 874 non
1579 851 1670 886 parva
1695 838 1916 884 solicitudine,

1162 887 1238 933 quid
1272 889 1471 934 potissimum
1504 888 1595 923 nobis
1622 888 1781 934 agendum
1818 888 1915 930 soret,

1163 936 1366 972 circumventi
1390 950 1510 972 sumus.
1549 937 1679 971 Interim
1704 949 1777 972 vero
1805 949 1913 983 regem

1162 985 1330 1020 adventare
1352 995 1436 1022 certe
1470 986 1698 1034 cognovimus,
1732 986 1785 1033 qui
1814 987 1907 1021 etiam

1165 1034 1252 1081 prius
1268 1047 1361 1082 quam
1379 1036 1522 1071 intrasset
1540 1035 1673 1079 Italiam,
1696 1035 1857 1082 supplices
1876 1035 1915 1070 ad

1164 1095 1220 1118 nos
1255 1084 1373 1130 legatos
1408 1086 1631 1132 praemittens,
1659 1096 1715 1130 per
1744 1084 1851 1119 onmia
1882 1097 1917 1119 se

1163 1132 1394 1168 satisfacturum
1430 1134 1497 1169 Deo
1529 1142 1559 1168 et
1584 1133 1618 1168 S.
1646 1133 1742 1168 Petro
1763 1145 1800 1168 ac
1824 1133 1917 1168 nobis

1164 1181 1289 1223 obtulit,
1317 1191 1348 1217 et
1368 1182 1407 1217 ad
1441 1182 1696 1218 emendationem
1725 1182 1807 1217 vitae
1838 1194 1915 1217 suae

1165 1242 1290 1266 omnem
1305 1243 1339 1266 se
1360 1239 1556 1266 servaturum
1579 1231 1790 1266 obedientiam
1810 1243 1917 1277 repro-

1166 1280 1266 1321 misit,
1294 1280 1467 1315 dummodo
1500 1280 1585 1327 apud
1613 1292 1670 1315 nos
1704 1280 1917 1315 absolutionis

1165 1337 1196 1363 et
1228 1329 1417 1376 apostolicae
1445 1329 1676 1364 benedictionis
1702 1329 1832 1375 gratiam
1857 1329 1919 1364 im-

1168 1387 1286 1424 petrare
1307 1386 1490 1413 mereretur.
1510 1378 1602 1421 Quod
1630 1391 1702 1413 cum
1724 1377 1778 1412 diu
1809 1378 1916 1413 multis

1165 1428 1451 1463 consultationibus
1472 1428 1679 1468 disserentes,
1711 1427 1824 1461 acriter
1842 1439 1915 1462 eum

1165 1475 1203 1510 tle
1221 1477 1286 1511 suis
1307 1477 1499 1517 excessibus,
1523 1489 1578 1524 per
1596 1489 1718 1517 omnes,
1741 1476 1795 1523 qui
1820 1476 1915 1511 inter-

1165 1525 1348 1570 curr,ebant
1375 1526 1508 1560 nuncios
1541 1525 1812 1571 redarguerimus;
1846 1533 1918 1559 tan-

1934 309 1982 336 An.
2003 311 2030 338 C.
2050 311 2116 340 1076

1165 1573 1236 1608 dem
1265 1587 1320 1621 per
1350 1575 1573 1622 semetipsum,
1608 1554 1686 1608 nihil
1723 1573 1836 1608 hostile
1859 1581 1914 1609 aut

1166 1625 1365 1658 temerarium
1392 1632 1570 1664 ostentans,
1605 1623 1642 1657 ad
1665 1622 1818 1670 oppidum
1851 1622 1916 1657 Ca-

1166 1673 1260 1713 nusii,
1287 1673 1316 1707 in
1344 1686 1405 1720 quo
1429 1673 1539 1707 morati
1561 1685 1682 1713 sumus,
1710 1684 1782 1706 curn
1807 1673 1917 1718 paucis

1165 1721 1308 1762 advenit,
1337 1723 1442 1768 ibique
1464 1734 1519 1769 per
1542 1721 1678 1756 triduum
1700 1729 1771 1755 ante
1792 1729 1914 1767 portam

1166 1771 1272 1811 castri,
1295 1771 1440 1818 deposito
1466 1771 1552 1805 omni
1579 1771 1664 1816 regio
1690 1770 1793 1808 cultu,
1815 1770 1916 1805 mise-

1167 1820 1325 1860 rabiliter,
1370 1828 1476 1867 utpote
1514 1820 1713 1854 discalciatus
1752 1827 1782 1853 et
1818 1819 1918 1853 laneis

1167 1870 1355 1915 persistens,
1390 1881 1453 1903 non
1488 1869 1574 1915 prius
1600 1881 1671 1903 cum
1708 1867 1807 1902 multo
1841 1868 1917 1902 fletu

1166 1918 1354 1964 apostolicae
1378 1918 1584 1953 miserationis
1611 1917 1761 1951 auxilium
1788 1924 1818 1951 et
1840 1929 1918 1951 con-

1166 1967 1352 2001 solationem
1376 1967 1542 2013 implorare
1563 1966 1693 2009 destitit,
1720 1977 1813 2012 quam
1845 1977 1917 2000 om-

1167 2028 1235 2057 nes,
1263 2017 1315 2071 qui
1339 2016 1379 2050 ibi
1406 2016 1546 2056 aderant,
1573 2015 1610 2049 ad
1629 2027 1710 2061 quos
1733 2026 1840 2048 rumor
1862 2014 1915 2049 ille

1168 2067 1323 2111 pervenit,
1350 2065 1386 2099 ad
1410 2072 1526 2099 tantam
1550 2065 1695 2119 pietatem
1718 2070 1748 2097 et
1769 2075 1917 2110 compas-

1166 2115 1264 2149 sionis
1295 2115 1540 2149 misericordiam
1574 2113 1689 2157 movit,
1722 2120 1756 2146 ut
1790 2124 1846 2159 pro
1877 2124 1916 2147 eo

1167 2164 1274 2198 multis
1307 2163 1453 2210 precibus
1483 2171 1513 2198 et
1546 2162 1691 2209 lacrymis
1721 2161 1917 2196 interceden-

1168 2221 1240 2252 tes,
1278 2225 1388 2247 omnes
1424 2212 1552 2259 quidem
1592 2210 1749 2245 insolitam
1789 2217 1916 2245 nostrae

1167 2262 1282 2296 mentis
1324 2261 1471 2295 duritiam
1515 2261 1723 2298 miraicntur,
1770 2259 1916 2293 nonnulli

1167 2311 1291 2345 veroin
1322 2310 1412 2344 nobis
1440 2322 1501 2344 non
1531 2308 1720 2364 apostolicae
1741 2308 1916 2342 severitatis

1167 2359 1362 2405 gravitatem,
1389 2359 1443 2393 sed
1469 2359 1556 2405 quasi
1582 2357 1758 2404 tyrannicae
1785 2355 1915 2390 feritatis

1167 2408 1384 2443 crudelitatem
1407 2420 1476 2442 esse
1502 2407 1683 2442 clamarent.

1215 2457 1289 2503 gl.
1311 2457 1457 2503 Denique
1489 2455 1634 2489 instantia
1661 2452 1916 2508 compunctionis

1167 2505 1246 2549 eius,
1276 2514 1306 2540 et
1329 2513 1410 2539 tanta
1433 2504 1587 2544 omnium,
1622 2503 1675 2549 qui
1699 2502 1739 2536 ibi
1762 2501 1914 2546 aderant,

1166 2554 1396 2601 supplicatione
1422 2553 1546 2592 devicti,
1579 2551 1704 2586 tandem
1734 2562 1825 2595 eum,
1860 2562 1913 2585 re-

1167 2603 1268 2637 laxato
1290 2603 1496 2637 anathematis
1523 2600 1668 2640 vinculo,
1705 2600 1733 2633 iu
1762 2611 1914 2633 commu-

1168 2653 1271 2687 nionis
1292 2652 1442 2698 gratiam,
1469 2658 1499 2685 et
1524 2651 1629 2684 sinum
1651 2656 1777 2683 sanctae
1806 2648 1914 2682 Matris

370 1589 515 1619 Henricus
548 1588 664 1618 tandem
695 1588 730 1617 ad
754 1588 950 1617 obedientiam
978 1587 1007 1617 S.
1030 1587 1064 1617 R.
1094 1586 1123 1616 Ε

411 1630 530 1659 rediens
554 1628 749 1658 humillimam
773 1628 892 1666 publice
914 1627 1123 1665 poenitentiam

411 1669 480 1706 egit.
496 1668 626 1703 —Quac
646 1668 734 1697 suerit
753 1667 925 1696 huiusmodi
944 1667 1122 1705 poenitentia

411 1708 490 1746 regis
513 1708 641 1737 llenrici.
662 1724 702 1729 --
720 1707 811 1742 Quem
836 1707 901 1736 ideo
920 1706 1001 1735 Pont.
1024 1706 1059 1735 ab
1076 1715 1125 1735 ex-

411 1747 677 1777 communicatione
697 1746 831 1775 absolvit.
849 1763 889 1767 —
907 1746 960 1775 Pro
980 1746 1122 1775 firmanda

411 1796 482 1824 pace
512 1787 612 1824 regni,
631 1795 661 1815 se
684 1785 870 1815 Germaniam
894 1785 1004 1814 iturum
1032 1785 1123 1823 polli-

413 1831 495 1856 cetur
511 1826 679 1863 Gregorius.
694 1842 733 1847 --
745 1825 939 1863 Hortatusque
968 1825 1124 1863 episcopos

411 1871 439 1895 et
456 1866 540 1901 alios,
556 1870 588 1894 ut
610 1866 639 1894 in
662 1865 718 1894 lide
737 1869 765 1894 et
787 1873 885 1893 amore
903 1865 1033 1894 iustitiae
1057 1873 1124 1903 per-

413 1909 559 1934 severent.

1972 1650 2030 1674 Quae
2060 1650 2122 1670 suerit

1936 1676 2056 1697 huiusmodi
2072 1682 2120 1702 poe-

1943 1704 2031 1723 nitentia
2060 1704 2114 1729 regis

1937 1730 2029 1750 chrici.

373 1971 516 2006 Gregorius
535 1971 675 2006 episcopus
709 1977 803 1999 servus
833 1977 972 1999 servorum
994 1970 1049 2002 Dei,
1070 1976 1124 1998 om-

417 2016 496 2043 nibus
512 2015 733 2051 archiepiscopis,
753 2015 897 2050 episcopis,
929 2015 1050 2047 ᾱιιοιὶιιι5,
1082 2021 1124 2042 co-

418 2060 546 2093 mitibuS.
562 2060 731 2095 caeterisque
757 2059 926 2095 principibus
945 2059 1023 2093 regni
1041 2059 1124 2086 Then-

417 2105 578 2137 tonicorum,
598 2104 778 2132 christianam
804 2104 883 2131 fidem
908 2103 1124 2136 defendentibus,

418 2149 535 2178 salutem
554 2150 581 2178 et
597 2149 774 2184 apostolicam
793 2148 1016 2176 benedictionem.

423 2215 581 2257 Quoniam
606 2227 662 2261 pro
684 2227 791 2249 amore
821 2214 957 2248 iustitiae
979 2225 1125 2248 commu-

376 2277 446 2298 nem
470 2264 636 2298 nobiscum
660 2264 689 2298 in
712 2275 813 2309 agone
836 2263 1023 2298 christianae
1045 2263 1126 2296 mili-

377 2314 436 2347 tiae
472 2325 598 2348 causam
637 2321 668 2347 ct
709 2312 883 2358 periculum
925 2312 1124 2357 suscepisiis,

376 2361 509 2408 qualiter
539 2374 590 2396 rex
621 2362 805 2396 humiliatus
834 2361 872 2395 ad
901 2361 1123 2407 poenitentiam

376 2411 583 2444 absolutionis
608 2411 729 2444 veniam
757 2410 980 2456 impetraverit,
1003 2417 1033 2444 et
1053 2421 1125 2455 quo-

378 2459 470 2492 modo
497 2467 559 2493 tota
581 2471 674 2493 causa
702 2468 772 2506 post
794 2459 958 2493 introitum
994 2458 1062 2492 eius
1093 2458 1123 2491 in

377 2507 495 2541 ltaliam
521 2507 685 2554 hucusque
706 2507 840 2542 deducta
862 2508 912 2545 sit,
935 2515 1055 2542 vestrae
1077 2506 1126 2539 di-

378 2556 502 2590 lectioni
531 2557 652 2590 sincera
680 2556 807 2591 veritate
836 2556 976 2590 indicare
1002 2555 1126 2590 curavi-

379 2617 462 2648 mus,
485 2605 567 2638 sicut
588 2605 792 2639 constitutum
820 2605 877 2638 suit
900 2617 971 2639 cum
999 2605 1125 2650 legatis,

379 2653 433 2701 qui
451 2652 488 2687 ad
512 2665 569 2688 nos
591 2653 629 2688 dc
644 2654 754 2688 vestris
778 2653 919 2701 partibus
941 2653 1027 2687 missi
1041 2661 1124 2687 sunt.

186 2233 288 2254 Henricus
299 2236 344 2254 tan-

160 2260 207 2279 dem
236 2260 262 2280 ad
295 2260 344 2280 obe-

160 2286 261 2306 dientiam
277 2286 298 2307 S.
319 2287 343 2307 R.

160 2313 183 2332 E.
205 2313 289 2333 rediens
307 2313 344 2333 hu-

167 2339 273 2359 millimam
301 2345 338 2364 pu-

160 2365 214 2385 blice
236 2366 345 2390 poeniten-

161 2394 210 2411 tiam
227 2394 276 2417 egit.

1972 2482 2037 2505 Quom
2071 2483 2121 2503 ideo

1937 2507 2029 2528 Pontifex
2045 2509 2072 2529 ab
2087 2515 2121 2529 ex-

1943 2535 2114 2556 communit-atio-

1938 2567 1962 2581 nc
1978 2562 2076 2582 absolvit.
