<?xml version="1.0" encoding="UTF-8"?>
<!DOCTYPE html PUBLIC "-//W3C//DTD XHTML 1.0 Transitional//EN"
    "http://www.w3.org/TR/xhtml1/DTD/xhtml1-transitional.dtd">
<html xmlns="http://www.w3.org/1999/xhtml" xml:lang="en" lang="en">
 <head>
  <title>
</title>
<meta http-equiv="Content-Type" content="text/html;charset=utf-8" />
  <meta name='ocr-system' content='tesseract 3.04.00' />
  <meta name='ocr-capabilities' content='ocr_page ocr_carea ocr_par ocr_line ocrx_word'/>
</head>
<body>
  <div class='ocr_page' id='page_1' title='image "./bullarumdiplomat02cath_0917.png"; bbox 0 0 2180 3205; ppageno 0'>
   <div class='ocr_carea' id='block_1_1' title="bbox 882 271 1202 297">
    <p class='ocr_par' dir='ltr' id='par_1_1' title="bbox 882 271 1202 297">
     <span class='ocr_line' id='line_1_1' title="bbox 882 271 1202 297; baseline -0.003 -1"><span class='ocrx_word' id='word_1_1' title='bbox 882 272 979 296; x_wconf 72' lang='lat' dir='ltr'>INDEX</span> <span class='ocrx_word' id='word_1_2' title='bbox 1000 271 1202 297; x_wconf 66' lang='lat' dir='ltr'>nuumcmun</span> 
     </span>
    </p>
   </div>
   <div class='ocr_carea' id='block_1_2' title="bbox 281 334 1022 804">
    <p class='ocr_par' dir='ltr' id='par_1_2' title="bbox 281 334 1022 804">
     <span class='ocr_line' id='line_1_2' title="bbox 367 334 1021 369; baseline 0 -1"><span class='ocrx_word' id='word_1_3' title='bbox 367 334 441 368; x_wconf 79' lang='lat' dir='ltr'>rino</span> <span class='ocrx_word' id='word_1_4' title='bbox 467 334 674 369; x_wconf 79' lang='lat' dir='ltr'>Ambianensi</span> <span class='ocrx_word' id='word_1_5' title='bbox 706 339 737 367; x_wconf 89' lang='lat' dir='ltr'>et</span> <span class='ocrx_word' id='word_1_6' title='bbox 756 334 885 367; x_wconf 84' lang='lat' dir='ltr'>Simone</span> <span class='ocrx_word' id='word_1_7' title='bbox 906 334 1021 368; x_wconf 73' lang='lat' dir='ltr'>Novio-</span> 
     </span>
     <span class='ocr_line' id='line_1_3' title="bbox 369 387 1019 431; baseline -0.003 -10"><span class='ocrx_word' id='word_1_8' title='bbox 369 388 470 421; x_wconf 87' lang='lat' dir='ltr'>mensi</span> <span class='ocrx_word' id='word_1_9' title='bbox 507 387 676 431; x_wconf 89' lang='lat' dir='ltr'>episcopis,</span> <span class='ocrx_word' id='word_1_10' title='bbox 702 387 806 420; x_wconf 86' lang='lat' dir='ltr'>eidem</span> <span class='ocrx_word' id='word_1_11' title='bbox 826 398 898 420; x_wconf 78' lang='lat' dir='ltr'>cuni</span> <span class='ocrx_word' id='word_1_12' title='bbox 917 387 1019 430; x_wconf 88' lang='lat' dir='ltr'>perti-</span> 
     </span>
     <span class='ocr_line' id='line_1_4' title="bbox 367 439 1000 479; baseline -0.003 -5"><span class='ocrx_word' id='word_1_13' title='bbox 367 441 484 474; x_wconf 88' lang='lat' dir='ltr'>nentiis</span> <span class='ocrx_word' id='word_1_14' title='bbox 505 441 655 474; x_wconf 89' lang='lat' dir='ltr'>omnibus</span> <span class='ocrx_word' id='word_1_15' title='bbox 680 439 902 479; x_wconf 82' lang='lat' dir='ltr'>confirmatur,</span> <span class='ocrx_word' id='word_1_16' title='bbox 926 439 1000 472; x_wconf 81' lang='lat'>407.</span> 
     </span>
     <span class='ocr_line' id='line_1_5' title="bbox 281 493 1022 528; baseline -0.004 0"><span class='ocrx_word' id='word_1_17' title='bbox 281 493 422 528; x_wconf 85' lang='lat' dir='ltr'>XXXIV.</span> <span class='ocrx_word' id='word_1_18' title='bbox 455 494 596 528; x_wconf 70' lang='lat' dir='ltr'>Ecclesia</span> <span class='ocrx_word' id='word_1_19' title='bbox 627 496 657 527; x_wconf 82' lang='lat' dir='ltr'>S.</span> <span class='ocrx_word' id='word_1_20' title='bbox 690 494 818 527; x_wconf 89' lang='lat' dir='ltr'>Ioannis</span> <span class='ocrx_word' id='word_1_21' title='bbox 840 494 871 526; x_wconf 91' lang='lat' dir='ltr'>in</span> <span class='ocrx_word' id='word_1_22' title='bbox 913 493 1022 526; x_wconf 73' lang='lat' dir='ltr'>Virulo</span> 
     </span>
     <span class='ocr_line' id='line_1_6' title="bbox 368 547 1019 581; baseline -0.003 0"><span class='ocrx_word' id='word_1_23' title='bbox 368 548 531 581; x_wconf 86' lang='lat' dir='ltr'>canonicis</span> <span class='ocrx_word' id='word_1_24' title='bbox 551 547 755 581; x_wconf 78' lang='lat' dir='ltr'>Placentinae</span> <span class='ocrx_word' id='word_1_25' title='bbox 782 547 924 581; x_wconf 86' lang='lat' dir='ltr'>matricis</span> <span class='ocrx_word' id='word_1_26' title='bbox 960 548 1019 580; x_wconf 80' lang='lat' dir='ltr'>Ec-</span> 
     </span>
     <span class='ocr_line' id='line_1_7' title="bbox 370 601 1022 634; baseline -0.003 0"><span class='ocrx_word' id='word_1_27' title='bbox 370 601 484 634; x_wconf 75' lang='lat' dir='ltr'>etesiae</span> <span class='ocrx_word' id='word_1_28' title='bbox 504 601 707 634; x_wconf 77' lang='lat' dir='ltr'>adiudicatur</span> <span class='ocrx_word' id='word_1_29' title='bbox 725 601 784 634; x_wconf 89' lang='lat' dir='ltr'>sub</span> <span class='ocrx_word' id='word_1_30' title='bbox 804 611 902 634; x_wconf 87' lang='lat' dir='ltr'>censu</span> <span class='ocrx_word' id='word_1_31' title='bbox 916 611 1022 633; x_wconf 87' lang='lat' dir='ltr'>annuo</span> 
     </span>
     <span class='ocr_line' id='line_1_8' title="bbox 368 653 1018 699; baseline -0.003 -11"><span class='ocrx_word' id='word_1_32' title='bbox 368 655 441 689; x_wconf 86' lang='lat' dir='ltr'>Sedi</span> <span class='ocrx_word' id='word_1_33' title='bbox 473 654 674 699; x_wconf 79' lang='lat' dir='ltr'>Apostolicac</span> <span class='ocrx_word' id='word_1_34' title='bbox 696 654 920 698; x_wconf 84' lang='lat' dir='ltr'>persolvendo,</span> <span class='ocrx_word' id='word_1_35' title='bbox 945 653 1018 687; x_wconf 65' lang='lat'>403.</span> 
     </span>
     <span class='ocr_line' id='line_1_9' title="bbox 281 706 1022 741; baseline -0.003 0"><span class='ocrx_word' id='word_1_36' title='bbox 281 706 405 741; x_wconf 84' lang='lat' dir='ltr'>XXXV.</span> <span class='ocrx_word' id='word_1_37' title='bbox 426 707 634 741; x_wconf 73' lang='lat' dir='ltr'>Confirmatio</span> <span class='ocrx_word' id='word_1_38' title='bbox 655 707 847 741; x_wconf 80' lang='lat' dir='ltr'>concordiae</span> <span class='ocrx_word' id='word_1_39' title='bbox 866 708 960 740; x_wconf 82' lang='lat' dir='ltr'>initae</span> <span class='ocrx_word' id='word_1_40' title='bbox 976 707 1022 739; x_wconf 92' lang='lat' dir='ltr'>in-</span> 
     </span>
     <span class='ocr_line' id='line_1_10' title="bbox 369 760 1019 804; baseline 0.002 -11"><span class='ocrx_word' id='word_1_41' title='bbox 369 766 417 793; x_wconf 87' lang='lat' dir='ltr'>ter</span> <span class='ocrx_word' id='word_1_42' title='bbox 445 761 617 794; x_wconf 88' lang='lat' dir='ltr'>IIenricum</span> <span class='ocrx_word' id='word_1_43' title='bbox 647 760 848 794; x_wconf 81' lang='lat' dir='ltr'>Leuchorum</span> <span class='ocrx_word' id='word_1_44' title='bbox 893 761 1019 804; x_wconf 85' lang='lat' dir='ltr'>episco-</span> 
     </span>
    </p>
   </div>
   <div class='ocr_carea' id='block_1_3' title="bbox 382 813 1024 899">
    <p class='ocr_par' dir='ltr' id='par_1_3' title="bbox 382 813 1024 899">
     <span class='ocr_line' id='line_1_11' title="bbox 391 813 1024 847; baseline 0 -1"><span class='ocrx_word' id='word_1_45' title='bbox 391 825 445 847; x_wconf 91' lang='lat' dir='ltr'>um</span> <span class='ocrx_word' id='word_1_46' title='bbox 476 819 505 847; x_wconf 89' lang='lat' dir='ltr'>et</span> <span class='ocrx_word' id='word_1_47' title='bbox 538 813 736 847; x_wconf 79' lang='lat' dir='ltr'>Fridericum</span> <span class='ocrx_word' id='word_1_48' title='bbox 771 814 920 847; x_wconf 87' lang='lat' dir='ltr'>comitem</span> <span class='ocrx_word' id='word_1_49' title='bbox 951 814 1024 847; x_wconf 88' lang='lat' dir='ltr'>Tul-</span> 
     </span>
     <span class='ocr_line' id='line_1_12' title="bbox 382 857 603 899; baseline -0.005 -7"><span class='ocrx_word' id='word_1_50' title='bbox 382 869 502 899; x_wconf 90' lang='lat' dir='ltr'>ensem,</span> <span class='ocrx_word' id='word_1_51' title='bbox 529 857 603 894; x_wconf 76' lang='lat'>410.</span> 
     </span>
    </p>
   </div>
   <div class='ocr_carea' id='block_1_4' title="bbox 280 911 1026 1273">
    <p class='ocr_par' dir='ltr' id='par_1_4' title="bbox 280 911 1025 1064">
     <span class='ocr_line' id='line_1_13' title="bbox 280 911 1024 956; baseline -0.001 -10"><span class='ocrx_word' id='word_1_52' title='bbox 280 911 422 946; x_wconf 83' lang='lat' dir='ltr'>XXXVI.</span> <span class='ocrx_word' id='word_1_53' title='bbox 458 912 667 946; x_wconf 78' lang='lat' dir='ltr'>Confirmatio</span> <span class='ocrx_word' id='word_1_54' title='bbox 697 912 781 946; x_wconf 83' lang='lat' dir='ltr'>sedis</span> <span class='ocrx_word' id='word_1_55' title='bbox 800 912 1024 956; x_wconf 85' lang='lat' dir='ltr'>patriarchalis</span> 
     </span>
     <span class='ocr_line' id='line_1_14' title="bbox 369 965 1025 1010; baseline 0 -11"><span class='ocrx_word' id='word_1_56' title='bbox 369 966 401 999; x_wconf 91' lang='lat' dir='ltr'>in</span> <span class='ocrx_word' id='word_1_57' title='bbox 421 966 540 1007; x_wconf 85' lang='lat' dir='ltr'>Gradu,</span> <span class='ocrx_word' id='word_1_58' title='bbox 573 977 649 999; x_wconf 88' lang='lat' dir='ltr'>usus</span> <span class='ocrx_word' id='word_1_59' title='bbox 680 965 780 1010; x_wconf 84' lang='lat' dir='ltr'>pallii,</span> <span class='ocrx_word' id='word_1_60' title='bbox 805 972 835 999; x_wconf 88' lang='lat' dir='ltr'>et</span> <span class='ocrx_word' id='word_1_61' title='bbox 856 966 1025 999; x_wconf 80' lang='lat' dir='ltr'>delationis</span> 
     </span>
     <span class='ocr_line' id='line_1_15' title="bbox 370 1019 916 1064; baseline -0.002 -11"><span class='ocrx_word' id='word_1_62' title='bbox 370 1020 475 1054; x_wconf 84' lang='lat' dir='ltr'>crucis</span> <span class='ocrx_word' id='word_1_63' title='bbox 493 1026 565 1053; x_wconf 88' lang='lat' dir='ltr'>ante</span> <span class='ocrx_word' id='word_1_64' title='bbox 588 1019 818 1064; x_wconf 66' lang='lat' dir='ltr'>patriarcham,</span> <span class='ocrx_word' id='word_1_65' title='bbox 842 1019 916 1052; x_wconf 75' lang='lat'>41¹1.</span> 
     </span>
    </p>

    <p class='ocr_par' dir='ltr' id='par_1_5' title="bbox 281 1072 1026 1273">
     <span class='ocr_line' id='line_1_16' title="bbox 281 1072 1025 1117; baseline -0.003 -10"><span class='ocrx_word' id='word_1_66' title='bbox 281 1072 430 1108; x_wconf 80' lang='lat' dir='ltr'>XXXVII.</span> <span class='ocrx_word' id='word_1_67' title='bbox 454 1073 607 1116; x_wconf 71' lang='lat' dir='ltr'>Elargitio</span> <span class='ocrx_word' id='word_1_68' title='bbox 639 1073 881 1117; x_wconf 76' lang='lat' dir='ltr'>privilegiorum</span> <span class='ocrx_word' id='word_1_69' title='bbox 915 1083 1025 1106; x_wconf 86' lang='lat' dir='ltr'>mona-</span> 
     </span>
     <span class='ocr_line' id='line_1_17' title="bbox 369 1125 1025 1167; baseline 0.002 -8"><span class='ocrx_word' id='word_1_70' title='bbox 369 1126 467 1160; x_wconf 88' lang='lat' dir='ltr'>sterio</span> <span class='ocrx_word' id='word_1_71' title='bbox 494 1126 524 1160; x_wconf 87' lang='lat' dir='ltr'>S.</span> <span class='ocrx_word' id='word_1_72' title='bbox 558 1126 666 1161; x_wconf 81' lang='lat' dir='ltr'>Crucis</span> <span class='ocrx_word' id='word_1_73' title='bbox 702 1127 732 1158; x_wconf 91' lang='lat' dir='ltr'>in</span> <span class='ocrx_word' id='word_1_74' title='bbox 761 1125 903 1167; x_wconf 83' lang='lat' dir='ltr'>Werda,</span> <span class='ocrx_word' id='word_1_75' title='bbox 936 1126 1025 1160; x_wconf 90' lang='lat' dir='ltr'>cuius</span> 
     </span>
     <span class='ocr_line' id='line_1_18' title="bbox 370 1179 1026 1224; baseline -0.002 -11"><span class='ocrx_word' id='word_1_76' title='bbox 370 1179 502 1224; x_wconf 86' lang='lat' dir='ltr'>antiqua</span> <span class='ocrx_word' id='word_1_77' title='bbox 534 1180 624 1220; x_wconf 83' lang='lat' dir='ltr'>iura,</span> <span class='ocrx_word' id='word_1_78' title='bbox 659 1179 848 1224; x_wconf 76' lang='lat' dir='ltr'>privilegia,</span> <span class='ocrx_word' id='word_1_79' title='bbox 883 1190 919 1213; x_wconf 89' lang='lat' dir='ltr'>ac</span> <span class='ocrx_word' id='word_1_80' title='bbox 940 1179 1026 1213; x_wconf 86' lang='lat' dir='ltr'>bona</span> 
     </span>
     <span class='ocr_line' id='line_1_19' title="bbox 371 1232 840 1273; baseline -0.004 -6"><span class='ocrx_word' id='word_1_81' title='bbox 371 1232 480 1267; x_wconf 87' lang='lat' dir='ltr'>omnia</span> <span class='ocrx_word' id='word_1_82' title='bbox 497 1233 746 1273; x_wconf 84' lang='lat' dir='ltr'>confirmantur,</span> <span class='ocrx_word' id='word_1_83' title='bbox 766 1232 840 1266; x_wconf 51' lang='lat'>4122.</span> 
     </span>
    </p>
   </div>
   <div class='ocr_carea' id='block_1_5' title="bbox 283 1285 1026 1415">
    <p class='ocr_par' dir='ltr' id='par_1_6' title="bbox 283 1285 1026 1415">
     <span class='ocr_line' id='line_1_20' title="bbox 283 1285 1024 1329; baseline -0.001 -8"><span class='ocrx_word' id='word_1_84' title='bbox 283 1286 455 1322; x_wconf 88' lang='lat' dir='ltr'>XXXVIII.</span> <span class='ocrx_word' id='word_1_85' title='bbox 479 1287 684 1329; x_wconf 74' lang='lat' dir='ltr'>Privilegium</span> <span class='ocrx_word' id='word_1_86' title='bbox 708 1286 904 1320; x_wconf 85' lang='lat' dir='ltr'>monasterio</span> <span class='ocrx_word' id='word_1_87' title='bbox 928 1285 1024 1320; x_wconf 86' lang='lat' dir='ltr'>Geor-</span> 
     </span>
     <span class='ocr_line' id='line_1_21' title="bbox 371 1331 1026 1374; baseline 0 -10"><span class='ocrx_word' id='word_1_88' title='bbox 371 1331 414 1374; x_wconf 84' lang='lat' dir='ltr'>gii</span> <span class='ocrx_word' id='word_1_89' title='bbox 434 1331 467 1364; x_wconf 90' lang='lat' dir='ltr'>in</span> <span class='ocrx_word' id='word_1_90' title='bbox 487 1331 715 1373; x_wconf 78' lang='lat' dir='ltr'>Pruseningen.</span> <span class='ocrx_word' id='word_1_91' title='bbox 741 1331 863 1364; x_wconf 80' lang='lat' dir='ltr'>ordinis</span> <span class='ocrx_word' id='word_1_92' title='bbox 875 1331 905 1364; x_wconf 87' lang='lat' dir='ltr'>S.</span> <span class='ocrx_word' id='word_1_93' title='bbox 927 1331 1026 1364; x_wconf 91' lang='lat' dir='ltr'>Bene-</span> 
     </span>
     <span class='ocr_line' id='line_1_22' title="bbox 372 1375 967 1415; baseline -0.002 -6"><span class='ocrx_word' id='word_1_94' title='bbox 372 1376 448 1410; x_wconf 89' lang='lat' dir='ltr'>dicti</span> <span class='ocrx_word' id='word_1_95' title='bbox 468 1376 673 1409; x_wconf 86' lang='lat' dir='ltr'>Ratisbonen.</span> <span class='ocrx_word' id='word_1_96' title='bbox 703 1375 868 1415; x_wconf 85' lang='lat' dir='ltr'>dioecesis,</span> <span class='ocrx_word' id='word_1_97' title='bbox 891 1375 967 1408; x_wconf 84' lang='lat'>414.</span> 
     </span>
    </p>
   </div>
   <div class='ocr_carea' id='block_1_6' title="bbox 283 1428 1028 1740">
    <p class='ocr_par' dir='ltr' id='par_1_7' title="bbox 283 1428 1027 1682">
     <span class='ocr_line' id='line_1_23' title="bbox 283 1428 1026 1463; baseline -0.001 0"><span class='ocrx_word' id='word_1_98' title='bbox 283 1428 424 1463; x_wconf 84' lang='lat' dir='ltr'>XXXIX.</span> <span class='ocrx_word' id='word_1_99' title='bbox 441 1429 649 1463; x_wconf 74' lang='lat' dir='ltr'>Confirmatio</span> <span class='ocrx_word' id='word_1_100' title='bbox 663 1428 904 1462; x_wconf 86' lang='lat' dir='ltr'>immunitatum</span> <span class='ocrx_word' id='word_1_101' title='bbox 919 1428 1026 1462; x_wconf 85' lang='lat' dir='ltr'>Eccle-</span> 
     </span>
     <span class='ocr_line' id='line_1_24' title="bbox 372 1482 1025 1526; baseline -0.002 -10"><span class='ocrx_word' id='word_1_102' title='bbox 372 1482 439 1517; x_wconf 85' lang='lat' dir='ltr'>siae</span> <span class='ocrx_word' id='word_1_103' title='bbox 468 1482 680 1516; x_wconf 82' lang='lat' dir='ltr'>Marsanensis</span> <span class='ocrx_word' id='word_1_104' title='bbox 711 1492 814 1526; x_wconf 87' lang='lat' dir='ltr'>prope</span> <span class='ocrx_word' id='word_1_105' title='bbox 844 1482 1025 1515; x_wconf 83' lang='lat' dir='ltr'>Traiectum</span> 
     </span>
     <span class='ocr_line' id='line_1_25' title="bbox 371 1535 1027 1577; baseline -0.003 -7"><span class='ocrx_word' id='word_1_106' title='bbox 371 1536 475 1570; x_wconf 82' lang='lat' dir='ltr'>Mosae</span> <span class='ocrx_word' id='word_1_107' title='bbox 511 1535 551 1569; x_wconf 87' lang='lat' dir='ltr'>ad</span> <span class='ocrx_word' id='word_1_108' title='bbox 573 1536 801 1570; x_wconf 82' lang='lat' dir='ltr'>monasterium</span> <span class='ocrx_word' id='word_1_109' title='bbox 833 1536 865 1569; x_wconf 83' lang='grc' dir='ltr'>Β,</span> <span class='ocrx_word' id='word_1_110' title='bbox 890 1535 1027 1577; x_wconf 72' lang='lat' dir='ltr'>Remigii</span> 
     </span>
     <span class='ocr_line' id='line_1_26' title="bbox 371 1588 1026 1634; baseline -0.003 -12"><span class='ocrx_word' id='word_1_111' title='bbox 371 1589 574 1634; x_wconf 86' lang='lat' dir='ltr'>pertinentis,</span> <span class='ocrx_word' id='word_1_112' title='bbox 596 1589 627 1622; x_wconf 92' lang='lat' dir='ltr'>in</span> <span class='ocrx_word' id='word_1_113' title='bbox 649 1600 712 1633; x_wconf 88' lang='lat' dir='ltr'>qua</span> <span class='ocrx_word' id='word_1_114' title='bbox 730 1588 959 1622; x_wconf 86' lang='lat' dir='ltr'>canonicorum</span> <span class='ocrx_word' id='word_1_115' title='bbox 979 1588 1026 1621; x_wconf 90' lang='lat' dir='ltr'>lo-</span> 
     </span>
     <span class='ocr_line' id='line_1_27' title="bbox 372 1641 949 1682; baseline -0.005 -5"><span class='ocrx_word' id='word_1_116' title='bbox 372 1653 410 1677; x_wconf 91' lang='lat' dir='ltr'>co</span> <span class='ocrx_word' id='word_1_117' title='bbox 430 1642 581 1676; x_wconf 85' lang='lat' dir='ltr'>monachi</span> <span class='ocrx_word' id='word_1_118' title='bbox 601 1642 851 1682; x_wconf 86' lang='lat' dir='ltr'>substituuntur,</span> <span class='ocrx_word' id='word_1_119' title='bbox 874 1641 949 1674; x_wconf 77' lang='lat'>415.</span> 
     </span>
    </p>

    <p class='ocr_par' dir='ltr' id='par_1_8' title="bbox 371 1703 1028 1740">
     <span class='ocr_line' id='line_1_28' title="bbox 371 1703 1028 1740; baseline -0.003 -1"><span class='ocrx_word' id='word_1_120' title='bbox 371 1704 578 1740; x_wconf 85' lang='lat' dir='ltr'>Confirmatio</span> <span class='ocrx_word' id='word_1_121' title='bbox 599 1703 723 1738; x_wconf 84' lang='lat' dir='ltr'>ordinis</span> <span class='ocrx_word' id='word_1_122' title='bbox 736 1704 965 1738; x_wconf 80' lang='lat' dir='ltr'>canonicorum</span> <span class='ocrx_word' id='word_1_123' title='bbox 978 1714 1028 1737; x_wconf 87' lang='lat' dir='ltr'>re-</span> 
     </span>
    </p>
   </div>
   <div class='ocr_carea' id='block_1_7' title="bbox 372 1748 1028 1827">
    <p class='ocr_par' dir='ltr' id='par_1_9' title="bbox 372 1748 1028 1827">
     <span class='ocr_line' id='line_1_29' title="bbox 372 1748 1028 1792; baseline -0.002 -10"><span class='ocrx_word' id='word_1_124' title='bbox 372 1748 532 1792; x_wconf 78' lang='lat' dir='ltr'>gularium</span> <span class='ocrx_word' id='word_1_125' title='bbox 544 1749 574 1783; x_wconf 92' lang='lat' dir='ltr'>S.</span> <span class='ocrx_word' id='word_1_126' title='bbox 591 1748 772 1791; x_wconf 74' lang='lat' dir='ltr'>Augustini,</span> <span class='ocrx_word' id='word_1_127' title='bbox 796 1758 908 1782; x_wconf 85' lang='lat' dir='ltr'>recens</span> <span class='ocrx_word' id='word_1_128' title='bbox 928 1749 1028 1782; x_wconf 82' lang='lat' dir='ltr'>intro-</span> 
     </span>
     <span class='ocr_line' id='line_1_30' title="bbox 374 1792 1028 1827; baseline 0 0"><span class='ocrx_word' id='word_1_129' title='bbox 374 1793 461 1827; x_wconf 88' lang='lat' dir='ltr'>ducti</span> <span class='ocrx_word' id='word_1_130' title='bbox 492 1793 525 1826; x_wconf 91' lang='lat' dir='ltr'>in</span> <span class='ocrx_word' id='word_1_131' title='bbox 560 1792 794 1826; x_wconf 86' lang='lat' dir='ltr'>Steinseldense</span> <span class='ocrx_word' id='word_1_132' title='bbox 833 1792 1028 1827; x_wconf 86' lang='lat' dir='ltr'>coenobium</span> 
     </span>
    </p>
   </div>
   <div class='ocr_carea' id='block_1_8' title="bbox 283 1704 346 1739">
    <p class='ocr_par' dir='ltr' id='par_1_10' title="bbox 283 1704 346 1739">
     <span class='ocr_line' id='line_1_31' title="bbox 283 1704 346 1739; baseline -0.016 0"><span class='ocrx_word' id='word_1_133' title='bbox 283 1704 346 1739; x_wconf 97' lang='lat' dir='ltr'>XL.</span> 
     </span>
    </p>
   </div>
   <div class='ocr_carea' id='block_1_9' title="bbox 373 1836 828 1877">
    <p class='ocr_par' dir='ltr' id='par_1_11' title="bbox 373 1836 828 1877">
     <span class='ocr_line' id='line_1_32' title="bbox 373 1836 828 1877; baseline -0.004 -6"><span class='ocrx_word' id='word_1_134' title='bbox 373 1837 537 1872; x_wconf 89' lang='lat' dir='ltr'>Colonien.</span> <span class='ocrx_word' id='word_1_135' title='bbox 562 1837 730 1877; x_wconf 87' lang='lat' dir='ltr'>dioecesis,</span> <span class='ocrx_word' id='word_1_136' title='bbox 753 1836 828 1870; x_wconf 83' lang='lat'>416.</span> 
     </span>
    </p>
   </div>
   <div class='ocr_carea' id='block_1_10' title="bbox 287 1889 1030 2069">
    <p class='ocr_par' dir='ltr' id='par_1_12' title="bbox 287 1889 1030 2069">
     <span class='ocr_line' id='line_1_33' title="bbox 287 1889 1028 1930; baseline -0.003 -4"><span class='ocrx_word' id='word_1_137' title='bbox 287 1889 363 1926; x_wconf 84' lang='lat' dir='ltr'>XLI.</span> <span class='ocrx_word' id='word_1_138' title='bbox 389 1890 583 1930; x_wconf 74' lang='lat' dir='ltr'>Decretum,</span> <span class='ocrx_word' id='word_1_139' title='bbox 616 1900 656 1923; x_wconf 85' lang='lat' dir='ltr'>ne</span> <span class='ocrx_word' id='word_1_140' title='bbox 677 1890 709 1923; x_wconf 89' lang='lat' dir='ltr'>in</span> <span class='ocrx_word' id='word_1_141' title='bbox 741 1890 886 1923; x_wconf 85' lang='lat' dir='ltr'>districtu</span> <span class='ocrx_word' id='word_1_142' title='bbox 914 1900 1028 1924; x_wconf 88' lang='lat' dir='ltr'>mona-</span> 
     </span>
     <span class='ocr_line' id='line_1_34' title="bbox 373 1933 1025 1969; baseline 0 -1"><span class='ocrx_word' id='word_1_143' title='bbox 373 1935 462 1968; x_wconf 89' lang='lat' dir='ltr'>sterii</span> <span class='ocrx_word' id='word_1_144' title='bbox 491 1934 654 1969; x_wconf 86' lang='lat' dir='ltr'>Portensis</span> <span class='ocrx_word' id='word_1_145' title='bbox 689 1934 812 1967; x_wconf 83' lang='lat' dir='ltr'>ordinis</span> <span class='ocrx_word' id='word_1_146' title='bbox 842 1933 1025 1968; x_wconf 86' lang='lat' dir='ltr'>Cistercien.</span> 
     </span>
     <span class='ocr_line' id='line_1_35' title="bbox 373 1978 1030 2021; baseline -0.002 -8"><span class='ocrx_word' id='word_1_147' title='bbox 373 1979 601 2021; x_wconf 82' lang='lat' dir='ltr'>Nuenburgen.</span> <span class='ocrx_word' id='word_1_148' title='bbox 626 1978 792 2020; x_wconf 87' lang='lat' dir='ltr'>dioecesis,</span> <span class='ocrx_word' id='word_1_149' title='bbox 813 1978 998 2012; x_wconf 87' lang='lat' dir='ltr'>venationes</span> <span class='ocrx_word' id='word_1_150' title='bbox 1011 1989 1030 2012; x_wconf 85' lang='lat' dir='ltr'>a</span> 
     </span>
     <span class='ocr_line' id='line_1_36' title="bbox 375 2022 748 2069; baseline -0.011 -10"><span class='ocrx_word' id='word_1_151' title='bbox 375 2033 539 2069; x_wconf 88' lang='lat' dir='ltr'>quoquam</span> <span class='ocrx_word' id='word_1_152' title='bbox 560 2023 649 2063; x_wconf 85' lang='lat' dir='ltr'>fiant,</span> <span class='ocrx_word' id='word_1_153' title='bbox 673 2022 748 2056; x_wconf 81' lang='lat'>417.</span> 
     </span>
    </p>
   </div>
   <div class='ocr_carea' id='block_1_11' title="bbox 285 2076 1030 2251">
    <p class='ocr_par' dir='ltr' id='par_1_13' title="bbox 285 2076 1030 2251">
     <span class='ocr_line' id='line_1_37' title="bbox 285 2076 1028 2120; baseline -0.005 -7"><span class='ocrx_word' id='word_1_154' title='bbox 285 2076 378 2113; x_wconf 86' lang='lat' dir='ltr'>XLII.</span> <span class='ocrx_word' id='word_1_155' title='bbox 403 2076 610 2112; x_wconf 86' lang='lat' dir='ltr'>Confirmatio</span> <span class='ocrx_word' id='word_1_156' title='bbox 641 2076 864 2115; x_wconf 78' lang='lat' dir='ltr'>donationum,</span> <span class='ocrx_word' id='word_1_157' title='bbox 899 2076 939 2109; x_wconf 83' lang='lat' dir='ltr'>ab</span> <span class='ocrx_word' id='word_1_158' title='bbox 960 2076 1028 2120; x_wconf 90' lang='lat' dir='ltr'>epi-</span> 
     </span>
     <span class='ocr_line' id='line_1_38' title="bbox 374 2120 1029 2167; baseline -0.003 -11"><span class='ocrx_word' id='word_1_159' title='bbox 374 2132 473 2167; x_wconf 87' lang='lat' dir='ltr'>scopo</span> <span class='ocrx_word' id='word_1_160' title='bbox 492 2149 499 2162; x_wconf 91' lang='lat'><strong><em>‚</em></strong></span> <span class='ocrx_word' id='word_1_161' title='bbox 533 2122 620 2155; x_wconf 86' lang='lat' dir='ltr'>clero</span> <span class='ocrx_word' id='word_1_162' title='bbox 652 2127 683 2155; x_wconf 84' lang='lat' dir='ltr'>et.</span> <span class='ocrx_word' id='word_1_163' title='bbox 702 2121 823 2165; x_wconf 88' lang='lat' dir='ltr'>populo</span> <span class='ocrx_word' id='word_1_164' title='bbox 843 2120 1029 2154; x_wconf 84' lang='lat' dir='ltr'>Placentino</span> 
     </span>
     <span class='ocr_line' id='line_1_39' title="bbox 373 2165 1030 2200; baseline -0.002 0"><span class='ocrx_word' id='word_1_165' title='bbox 373 2166 528 2200; x_wconf 84' lang='lat' dir='ltr'>saetarum</span> <span class='ocrx_word' id='word_1_166' title='bbox 544 2165 738 2199; x_wconf 87' lang='lat' dir='ltr'>monasterio</span> <span class='ocrx_word' id='word_1_167' title='bbox 750 2165 949 2199; x_wconf 87' lang='lat' dir='ltr'>Columbano</span> <span class='ocrx_word' id='word_1_168' title='bbox 962 2165 1030 2200; x_wconf 81' lang='lat' dir='ltr'>Cla·</span> 
     </span>
     <span class='ocr_line' id='line_1_40' title="bbox 373 2209 676 2251; baseline -0.003 -7"><span class='ocrx_word' id='word_1_169' title='bbox 373 2211 574 2251; x_wconf 85' lang='lat' dir='ltr'>raevallensi‚</span> <span class='ocrx_word' id='word_1_170' title='bbox 601 2209 676 2243; x_wconf 77' lang='lat'>418.</span> 
     </span>
    </p>
   </div>
   <div class='ocr_carea' id='block_1_12' title="bbox 286 2263 1030 2437">
    <p class='ocr_par' dir='ltr' id='par_1_14' title="bbox 286 2263 1030 2437">
     <span class='ocr_line' id='line_1_41' title="bbox 286 2263 1030 2308; baseline -0.003 -9"><span class='ocrx_word' id='word_1_171' title='bbox 286 2263 394 2300; x_wconf 88' lang='lat' dir='ltr'>XLIII.</span> <span class='ocrx_word' id='word_1_172' title='bbox 416 2263 569 2307; x_wconf 82' lang='lat' dir='ltr'>Elargitio</span> <span class='ocrx_word' id='word_1_173' title='bbox 600 2263 845 2308; x_wconf 81' lang='lat' dir='ltr'>privilegiorum</span> <span class='ocrx_word' id='word_1_174' title='bbox 867 2268 1030 2297; x_wconf 85' lang='lat' dir='ltr'>monaste-</span> 
     </span>
     <span class='ocr_line' id='line_1_42' title="bbox 375 2306 1030 2342; baseline -0.003 0"><span class='ocrx_word' id='word_1_175' title='bbox 375 2308 424 2342; x_wconf 86' lang='lat' dir='ltr'>rio</span> <span class='ocrx_word' id='word_1_176' title='bbox 451 2308 482 2342; x_wconf 92' lang='lat' dir='ltr'>S.</span> <span class='ocrx_word' id='word_1_177' title='bbox 516 2307 602 2341; x_wconf 89' lang='lat' dir='ltr'>Petri</span> <span class='ocrx_word' id='word_1_178' title='bbox 628 2307 800 2341; x_wconf 81' lang='lat' dir='ltr'>Perusinae</span> <span class='ocrx_word' id='word_1_179' title='bbox 821 2306 956 2341; x_wconf 83' lang='lat' dir='ltr'>civitatis</span> <span class='ocrx_word' id='word_1_180' title='bbox 977 2317 1030 2340; x_wconf 83' lang='lat' dir='ltr'>or-</span> 
     </span>
     <span class='ocr_line' id='line_1_43' title="bbox 376 2351 1029 2396; baseline -0.003 -9"><span class='ocrx_word' id='word_1_181' title='bbox 376 2352 460 2387; x_wconf 83' lang='lat' dir='ltr'>dinis</span> <span class='ocrx_word' id='word_1_182' title='bbox 479 2351 684 2391; x_wconf 78' lang='lat' dir='ltr'>cassinensis,</span> <span class='ocrx_word' id='word_1_183' title='bbox 712 2351 846 2396; x_wconf 87' lang='lat' dir='ltr'>eiusque</span> <span class='ocrx_word' id='word_1_184' title='bbox 866 2351 1029 2386; x_wconf 86' lang='lat' dir='ltr'>bonorum</span> 
     </span>
     <span class='ocr_line' id='line_1_44' title="bbox 377 2395 692 2437; baseline -0.006 -6"><span class='ocrx_word' id='word_1_185' title='bbox 377 2396 594 2437; x_wconf 85' lang='lat' dir='ltr'>confirmatio,</span> <span class='ocrx_word' id='word_1_186' title='bbox 617 2395 692 2429; x_wconf 73' lang='lat'>420.</span> 
     </span>
    </p>
   </div>
   <div class='ocr_carea' id='block_1_13' title="bbox 287 2427 1048 2493">
    <p class='ocr_par' dir='ltr' id='par_1_15' title="bbox 287 2427 1048 2493">
     <span class='ocr_line' id='line_1_45' title="bbox 287 2427 1048 2493; baseline -0.004 -8"><span class='ocrx_word' id='word_1_187' title='bbox 287 2447 393 2485; x_wconf 82' lang='lat' dir='ltr'>XLIV.</span> <span class='ocrx_word' id='word_1_188' title='bbox 425 2449 597 2484; x_wconf 86' lang='lat' dir='ltr'>Guillelmo</span> <span class='ocrx_word' id='word_1_189' title='bbox 638 2448 836 2483; x_wconf 87' lang='lat' dir='ltr'>Arausicano</span> <span class='ocrx_word' id='word_1_190' title='bbox 877 2427 1048 2493; x_wconf 51' lang='lat' dir='ltr'>episcopo¹</span> 
     </span>
    </p>
   </div>
   <div class='ocr_carea' id='block_1_14' title="bbox 376 2493 1030 2578">
    <p class='ocr_par' dir='ltr' id='par_1_16' title="bbox 376 2493 1030 2578">
     <span class='ocr_line' id='line_1_46' title="bbox 376 2493 1030 2538; baseline -0.002 -11"><span class='ocrx_word' id='word_1_191' title='bbox 376 2494 462 2528; x_wconf 87' lang='lat' dir='ltr'>hona</span> <span class='ocrx_word' id='word_1_192' title='bbox 481 2494 592 2527; x_wconf 86' lang='lat' dir='ltr'>omnia</span> <span class='ocrx_word' id='word_1_193' title='bbox 618 2499 649 2527; x_wconf 86' lang='lat' dir='ltr'>et</span> <span class='ocrx_word' id='word_1_194' title='bbox 673 2493 892 2538; x_wconf 87' lang='lat' dir='ltr'>possessiones</span> <span class='ocrx_word' id='word_1_195' title='bbox 912 2493 1030 2526; x_wconf 80' lang='lat' dir='ltr'>confir-</span> 
     </span>
     <span class='ocr_line' id='line_1_47' title="bbox 378 2537 617 2578; baseline -0.004 -7"><span class='ocrx_word' id='word_1_196' title='bbox 378 2543 518 2578; x_wconf 86' lang='lat' dir='ltr'>mantur,</span> <span class='ocrx_word' id='word_1_197' title='bbox 541 2537 617 2571; x_wconf 74' lang='lat'>421.</span> 
     </span>
    </p>
   </div>
   <div class='ocr_carea' id='block_1_15' title="bbox 288 2590 1031 2673">
    <p class='ocr_par' dir='ltr' id='par_1_17' title="bbox 288 2590 1031 2673">
     <span class='ocr_line' id='line_1_48' title="bbox 288 2590 1031 2635; baseline -0.004 -9"><span class='ocrx_word' id='word_1_198' title='bbox 288 2590 379 2627; x_wconf 88' lang='lat' dir='ltr'>XLV.</span> <span class='ocrx_word' id='word_1_199' title='bbox 399 2591 597 2635; x_wconf 85' lang='lat' dir='ltr'>Approbatio</span> <span class='ocrx_word' id='word_1_200' title='bbox 617 2590 753 2624; x_wconf 90' lang='lat' dir='ltr'>instituti</span> <span class='ocrx_word' id='word_1_201' title='bbox 773 2590 930 2633; x_wconf 83' lang='lat' dir='ltr'>regularis</span> <span class='ocrx_word' id='word_1_202' title='bbox 951 2590 1031 2623; x_wconf 87' lang='lat' dir='ltr'>vitae</span> 
     </span>
     <span class='ocr_line' id='line_1_49' title="bbox 377 2633 1026 2673; baseline -0.005 -4"><span class='ocrx_word' id='word_1_203' title='bbox 377 2635 608 2669; x_wconf 86' lang='lat' dir='ltr'>canonicorum</span> <span class='ocrx_word' id='word_1_204' title='bbox 648 2634 804 2668; x_wconf 84' lang='lat' dir='ltr'>Niciensis</span> <span class='ocrx_word' id='word_1_205' title='bbox 841 2633 1000 2668; x_wconf 77' lang='lat' dir='ltr'>Ecclesiae</span> <span class='ocrx_word' id='word_1_206' title='bbox 1020 2662 1026 2673; x_wconf 74' lang='lat'>,</span> 
     </span>
    </p>
   </div>
   <div class='ocr_carea' id='block_1_16' title="bbox 377 2677 1048 2720">
    <p class='ocr_par' dir='ltr' id='par_1_18' title="bbox 377 2677 1048 2720">
     <span class='ocr_line' id='line_1_50' title="bbox 377 2677 1048 2720; baseline -0.004 -6"><span class='ocrx_word' id='word_1_207' title='bbox 377 2679 468 2714; x_wconf 84' lang='lat' dir='ltr'>cuius</span> <span class='ocrx_word' id='word_1_208' title='bbox 480 2679 565 2713; x_wconf 88' lang='lat' dir='ltr'>bona</span> <span class='ocrx_word' id='word_1_209' title='bbox 578 2678 688 2713; x_wconf 85' lang='lat' dir='ltr'>omnia</span> <span class='ocrx_word' id='word_1_210' title='bbox 696 2679 940 2720; x_wconf 85' lang='lat' dir='ltr'>confirmantur,</span> <span class='ocrx_word' id='word_1_211' title='bbox 951 2677 1027 2712; x_wconf 73' lang='lat'>423.</span> <span class='ocrx_word' id='word_1_212' title='bbox 1045 2680 1048 2716; x_wconf 76' lang='grc'>.’</span> 
     </span>
    </p>
   </div>
   <div class='ocr_carea' id='block_1_17' title="bbox 1709 257 1773 292">
    <p class='ocr_par' dir='ltr' id='par_1_19' title="bbox 1709 257 1773 292">
     <span class='ocr_line' id='line_1_51' title="bbox 1709 257 1773 292; baseline 0 0"><span class='ocrx_word' id='word_1_213' title='bbox 1709 257 1773 292; x_wconf 84' lang='grc'>899</span> 
     </span>
    </p>
   </div>
   <div class='ocr_carea' id='block_1_18' title="bbox 1042 331 1801 1601">
    <p class='ocr_par' dir='ltr' id='par_1_20' title="bbox 1057 331 1797 580">
     <span class='ocr_line' id='line_1_52' title="bbox 1057 331 1797 368; baseline -0.007 0"><span class='ocrx_word' id='word_1_214' title='bbox 1057 333 1160 368; x_wconf 69' lang='grc' dir='ltr'>ΧΙΧΙ.</span> <span class='ocrx_word' id='word_1_215' title='bbox 1182 333 1408 367; x_wconf 87' lang='lat' dir='ltr'>Monasterium</span> <span class='ocrx_word' id='word_1_216' title='bbox 1429 333 1468 366; x_wconf 89' lang='lat' dir='ltr'>de</span> <span class='ocrx_word' id='word_1_217' title='bbox 1488 332 1666 366; x_wconf 87' lang='lat' dir='ltr'>Cheminon</span> <span class='ocrx_word' id='word_1_218' title='bbox 1687 331 1726 364; x_wconf 88' lang='lat' dir='ltr'>ab</span> <span class='ocrx_word' id='word_1_219' title='bbox 1744 340 1797 364; x_wconf 84' lang='lat' dir='ltr'>or-</span> 
     </span>
     <span class='ocr_line' id='line_1_53' title="bbox 1145 384 1797 421; baseline -0.005 -1"><span class='ocrx_word' id='word_1_220' title='bbox 1145 387 1219 420; x_wconf 89' lang='lat' dir='ltr'>dine</span> <span class='ocrx_word' id='word_1_221' title='bbox 1239 387 1268 421; x_wconf 90' lang='lat' dir='ltr'>S.</span> <span class='ocrx_word' id='word_1_222' title='bbox 1304 386 1424 420; x_wconf 79' lang='lat' dir='ltr'>Nicolai</span> <span class='ocrx_word' id='word_1_223' title='bbox 1447 386 1485 419; x_wconf 89' lang='lat' dir='ltr'>de</span> <span class='ocrx_word' id='word_1_224' title='bbox 1506 385 1639 419; x_wconf 77' lang='lat' dir='ltr'>Aroasia</span> <span class='ocrx_word' id='word_1_225' title='bbox 1661 384 1797 418; x_wconf 87' lang='lat' dir='ltr'>transla-</span> 
     </span>
     <span class='ocr_line' id='line_1_54' title="bbox 1146 438 1797 477; baseline -0.005 -4"><span class='ocrx_word' id='word_1_226' title='bbox 1146 447 1211 473; x_wconf 90' lang='lat' dir='ltr'>tum</span> <span class='ocrx_word' id='word_1_227' title='bbox 1233 441 1272 473; x_wconf 81' lang='lat' dir='ltr'>ad</span> <span class='ocrx_word' id='word_1_228' title='bbox 1285 440 1431 473; x_wconf 84' lang='lat' dir='ltr'>ordinem</span> <span class='ocrx_word' id='word_1_229' title='bbox 1449 438 1702 477; x_wconf 84' lang='lat' dir='ltr'>Cistcreiensem‚</span> <span class='ocrx_word' id='word_1_230' title='bbox 1726 447 1797 470; x_wconf 88' lang='lat' dir='ltr'>coe-</span> 
     </span>
     <span class='ocr_line' id='line_1_55' title="bbox 1145 491 1794 531; baseline -0.005 -5"><span class='ocrx_word' id='word_1_231' title='bbox 1145 494 1243 527; x_wconf 88' lang='lat' dir='ltr'>nobio</span> <span class='ocrx_word' id='word_1_232' title='bbox 1265 494 1303 527; x_wconf 90' lang='lat' dir='ltr'>de</span> <span class='ocrx_word' id='word_1_233' title='bbox 1323 493 1436 526; x_wconf 83' lang='lat' dir='ltr'>Tribus</span> <span class='ocrx_word' id='word_1_234' title='bbox 1460 492 1615 526; x_wconf 85' lang='lat' dir='ltr'>Fontibus</span> <span class='ocrx_word' id='word_1_235' title='bbox 1635 491 1794 531; x_wconf 74' lang='lat' dir='ltr'>subditur,</span> 
     </span>
     <span class='ocr_line' id='line_1_56' title="bbox 1145 547 1219 580; baseline 0 0"><span class='ocrx_word' id='word_1_236' title='bbox 1145 547 1219 580; x_wconf 68' lang='lat'>424.</span> 
     </span>
    </p>

    <p class='ocr_par' dir='ltr' id='par_1_21' title="bbox 1061 598 1798 901">
     <span class='ocr_line' id='line_1_57' title="bbox 1061 598 1797 635; baseline -0.007 0"><span class='ocrx_word' id='word_1_237' title='bbox 1061 601 1175 635; x_wconf 70' lang='lat' dir='ltr'>XLVII.</span> <span class='ocrx_word' id='word_1_238' title='bbox 1211 601 1419 635; x_wconf 77' lang='lat' dir='ltr'>Confirmatio</span> <span class='ocrx_word' id='word_1_239' title='bbox 1456 601 1614 634; x_wconf 88' lang='lat' dir='ltr'>bonorum</span> <span class='ocrx_word' id='word_1_240' title='bbox 1652 598 1797 632; x_wconf 89' lang='lat' dir='ltr'>omnium</span> 
     </span>
     <span class='ocr_line' id='line_1_58' title="bbox 1147 651 1798 699; baseline -0.005 -12"><span class='ocrx_word' id='word_1_241' title='bbox 1147 655 1329 699; x_wconf 85' lang='lat' dir='ltr'>praeposito</span> <span class='ocrx_word' id='word_1_242' title='bbox 1366 661 1393 687; x_wconf 92' lang='lat' dir='ltr'>et</span> <span class='ocrx_word' id='word_1_243' title='bbox 1435 653 1597 687; x_wconf 85' lang='lat' dir='ltr'>canonicis</span> <span class='ocrx_word' id='word_1_244' title='bbox 1639 651 1798 685; x_wconf 80' lang='lat' dir='ltr'>Ecclesiae</span> 
     </span>
     <span class='ocr_line' id='line_1_59' title="bbox 1146 704 1798 747; baseline -0.005 -7"><span class='ocrx_word' id='word_1_245' title='bbox 1146 708 1175 741; x_wconf 89' lang='lat' dir='ltr'>S.</span> <span class='ocrx_word' id='word_1_246' title='bbox 1211 707 1340 740; x_wconf 83' lang='lat' dir='ltr'>Mariani</span> <span class='ocrx_word' id='word_1_247' title='bbox 1370 706 1555 747; x_wconf 67' lang='lat' dir='ltr'>Eugubinae</span> <span class='ocrx_word' id='word_1_248' title='bbox 1585 705 1669 739; x_wconf 87' lang='lat' dir='ltr'>sedis</span> <span class='ocrx_word' id='word_1_249' title='bbox 1690 704 1798 738; x_wconf 82' lang='lat' dir='ltr'>cathe-</span> 
     </span>
     <span class='ocr_line' id='line_1_60' title="bbox 1147 757 1798 804; baseline -0.006 -10"><span class='ocrx_word' id='word_1_250' title='bbox 1147 761 1267 801; x_wconf 82' lang='lat' dir='ltr'>dralis,</span> <span class='ocrx_word' id='word_1_251' title='bbox 1297 772 1313 793; x_wconf 80' lang='lat' dir='ltr'>a</span> <span class='ocrx_word' id='word_1_252' title='bbox 1336 760 1557 804; x_wconf 84' lang='lat' dir='ltr'>principibus,</span> <span class='ocrx_word' id='word_1_253' title='bbox 1583 758 1722 801; x_wconf 78' lang='lat' dir='ltr'>regibus,</span> <span class='ocrx_word' id='word_1_254' title='bbox 1750 757 1798 791; x_wconf 88' lang='lat' dir='ltr'>vel</span> 
     </span>
     <span class='ocr_line' id='line_1_61' title="bbox 1146 812 1795 850; baseline -0.005 -3"><span class='ocrx_word' id='word_1_255' title='bbox 1146 814 1285 848; x_wconf 86' lang='lat' dir='ltr'>Summis</span> <span class='ocrx_word' id='word_1_256' title='bbox 1323 812 1532 846; x_wconf 79' lang='lat' dir='ltr'>Pontificibus</span> <span class='ocrx_word' id='word_1_257' title='bbox 1569 812 1761 845; x_wconf 85' lang='lat' dir='ltr'>donatorum</span> <span class='ocrx_word' id='word_1_258' title='bbox 1789 837 1795 850; x_wconf 92' lang='lat'>,</span> 
     </span>
     <span class='ocr_line' id='line_1_62' title="bbox 1145 867 1220 901; baseline 0 -1"><span class='ocrx_word' id='word_1_259' title='bbox 1145 867 1220 901; x_wconf 65' lang='lat'>425.</span> 
     </span>
    </p>

    <p class='ocr_par' dir='ltr' id='par_1_22' title="bbox 1061 918 1800 1121">
     <span class='ocr_line' id='line_1_63' title="bbox 1061 918 1799 963; baseline -0.007 -7"><span class='ocrx_word' id='word_1_260' title='bbox 1061 922 1194 956; x_wconf 79' lang='lat' dir='ltr'>XLVIII.</span> <span class='ocrx_word' id='word_1_261' title='bbox 1230 921 1436 963; x_wconf 67' lang='lat' dir='ltr'>privilegium</span> <span class='ocrx_word' id='word_1_262' title='bbox 1468 918 1723 954; x_wconf 86' lang='lat' dir='ltr'>confirmationis</span> <span class='ocrx_word' id='word_1_263' title='bbox 1743 918 1799 952; x_wconf 90' lang='lat' dir='ltr'>do-</span> 
     </span>
     <span class='ocr_line' id='line_1_64' title="bbox 1147 973 1800 1013; baseline -0.005 -6"><span class='ocrx_word' id='word_1_264' title='bbox 1147 974 1314 1008; x_wconf 88' lang='lat' dir='ltr'>nationum</span> <span class='ocrx_word' id='word_1_265' title='bbox 1335 973 1495 1013; x_wconf 86' lang='lat' dir='ltr'>omnium,</span> <span class='ocrx_word' id='word_1_266' title='bbox 1520 973 1675 1006; x_wconf 81' lang='lat' dir='ltr'>saetarum</span> <span class='ocrx_word' id='word_1_267' title='bbox 1690 981 1800 1005; x_wconf 86' lang='lat' dir='ltr'>mona-</span> 
     </span>
     <span class='ocr_line' id='line_1_65' title="bbox 1146 1024 1800 1071; baseline -0.005 -10"><span class='ocrx_word' id='word_1_268' title='bbox 1146 1027 1243 1061; x_wconf 83' lang='lat' dir='ltr'>sterio</span> <span class='ocrx_word' id='word_1_269' title='bbox 1264 1027 1453 1071; x_wconf 74' lang='lat' dir='ltr'>Albaeripae</span> <span class='ocrx_word' id='word_1_270' title='bbox 1483 1025 1691 1068; x_wconf 74' lang='lat' dir='ltr'>Lingonensis</span> <span class='ocrx_word' id='word_1_271' title='bbox 1712 1024 1800 1058; x_wconf 88' lang='lat' dir='ltr'>dioe-</span> 
     </span>
     <span class='ocr_line' id='line_1_66' title="bbox 1147 1080 1336 1121; baseline -0.005 -6"><span class='ocrx_word' id='word_1_272' title='bbox 1147 1081 1237 1121; x_wconf 85' lang='lat' dir='ltr'>cesis,</span> <span class='ocrx_word' id='word_1_273' title='bbox 1261 1080 1336 1114; x_wconf 74' lang='lat'>4-26.</span> 
     </span>
    </p>

    <p class='ocr_par' dir='ltr' id='par_1_23' title="bbox 1042 1131 1800 1334">
     <span class='ocr_line' id='line_1_67' title="bbox 1042 1131 1800 1178; baseline -0.003 -10"><span class='ocrx_word' id='word_1_274' title='bbox 1042 1162 1043 1175; x_wconf 47' lang='lat'>2</span> <span class='ocrx_word' id='word_1_275' title='bbox 1061 1134 1166 1168; x_wconf 75' lang='lat' dir='ltr'>XLIX.</span> <span class='ocrx_word' id='word_1_276' title='bbox 1191 1135 1288 1168; x_wconf 86' lang='lat' dir='ltr'>Sedes</span> <span class='ocrx_word' id='word_1_277' title='bbox 1308 1133 1500 1178; x_wconf 85' lang='lat' dir='ltr'>episcopalis</span> <span class='ocrx_word' id='word_1_278' title='bbox 1519 1133 1725 1167; x_wconf 83' lang='lat' dir='ltr'>Rossellanae</span> <span class='ocrx_word' id='word_1_279' title='bbox 1744 1131 1800 1166; x_wconf 83' lang='lat' dir='ltr'>Ec·</span> 
     </span>
     <span class='ocr_line' id='line_1_68' title="bbox 1148 1185 1800 1232; baseline -0.003 -11"><span class='ocrx_word' id='word_1_280' title='bbox 1148 1188 1288 1226; x_wconf 87' lang='lat' dir='ltr'>clesiae,</span> <span class='ocrx_word' id='word_1_281' title='bbox 1314 1188 1515 1232; x_wconf 87' lang='lat' dir='ltr'>praedonum</span> <span class='ocrx_word' id='word_1_282' title='bbox 1543 1185 1800 1220; x_wconf 81' lang='lat' dir='ltr'>infestationibus</span> 
     </span>
     <span class='ocr_line' id='line_1_69' title="bbox 1148 1240 1799 1285; baseline -0.003 -10"><span class='ocrx_word' id='word_1_283' title='bbox 1148 1242 1284 1285; x_wconf 78' lang='lat' dir='ltr'>agitatae</span> <span class='ocrx_word' id='word_1_284' title='bbox 1322 1247 1352 1275; x_wconf 87' lang='lat' dir='ltr'>et</span> <span class='ocrx_word' id='word_1_285' title='bbox 1387 1242 1548 1275; x_wconf 86' lang='lat' dir='ltr'>desolatae</span> <span class='ocrx_word' id='word_1_286' title='bbox 1568 1268 1573 1280; x_wconf 87' lang='lat'>,</span> <span class='ocrx_word' id='word_1_287' title='bbox 1614 1240 1799 1275; x_wconf 83' lang='lat' dir='ltr'>Grossetum</span> 
     </span>
     <span class='ocr_line' id='line_1_70' title="bbox 1149 1294 1446 1334; baseline -0.003 -6"><span class='ocrx_word' id='word_1_288' title='bbox 1149 1295 1348 1334; x_wconf 76' lang='lat' dir='ltr'>transfertur,</span> <span class='ocrx_word' id='word_1_289' title='bbox 1371 1294 1446 1328; x_wconf 71' lang='lat'>427.</span> 
     </span>
    </p>

    <p class='ocr_par' dir='ltr' id='par_1_24' title="bbox 1060 1349 1801 1553">
     <span class='ocr_line' id='line_1_71' title="bbox 1060 1349 1797 1388; baseline -0.004 -5"><span class='ocrx_word' id='word_1_290' title='bbox 1060 1350 1092 1383; x_wconf 92' lang='lat' dir='ltr'>L.</span> <span class='ocrx_word' id='word_1_291' title='bbox 1116 1351 1235 1384; x_wconf 81' lang='lat' dir='ltr'>Domus</span> <span class='ocrx_word' id='word_1_292' title='bbox 1255 1349 1560 1388; x_wconf 84' lang='lat' dir='ltr'>Montis-Pessulani‚</span> <span class='ocrx_word' id='word_1_293' title='bbox 1584 1354 1615 1381; x_wconf 90' lang='lat' dir='ltr'>et</span> <span class='ocrx_word' id='word_1_294' title='bbox 1635 1353 1797 1381; x_wconf 86' lang='lat' dir='ltr'>monaste-</span> 
     </span>
     <span class='ocr_line' id='line_1_72' title="bbox 1149 1401 1801 1437; baseline -0.003 -2"><span class='ocrx_word' id='word_1_295' title='bbox 1149 1403 1232 1436; x_wconf 90' lang='lat' dir='ltr'>rium</span> <span class='ocrx_word' id='word_1_296' title='bbox 1253 1403 1282 1437; x_wconf 91' lang='lat' dir='ltr'>S.</span> <span class='ocrx_word' id='word_1_297' title='bbox 1306 1402 1447 1437; x_wconf 82' lang='lat' dir='ltr'>Gervasii</span> <span class='ocrx_word' id='word_1_298' title='bbox 1469 1407 1499 1435; x_wconf 83' lang='lat' dir='ltr'>et</span> <span class='ocrx_word' id='word_1_299' title='bbox 1531 1401 1618 1434; x_wconf 88' lang='lat' dir='ltr'>aliud</span> <span class='ocrx_word' id='word_1_300' title='bbox 1642 1406 1801 1434; x_wconf 82' lang='lat' dir='ltr'>monaste-</span> 
     </span>
     <span class='ocr_line' id='line_1_73' title="bbox 1151 1453 1798 1497; baseline -0.003 -8"><span class='ocrx_word' id='word_1_301' title='bbox 1151 1457 1235 1490; x_wconf 91' lang='lat' dir='ltr'>rium</span> <span class='ocrx_word' id='word_1_302' title='bbox 1261 1456 1306 1490; x_wconf 87' lang='lat' dir='ltr'>Ss.</span> <span class='ocrx_word' id='word_1_303' title='bbox 1335 1455 1508 1490; x_wconf 88' lang='lat' dir='ltr'>Domitiani</span> <span class='ocrx_word' id='word_1_304' title='bbox 1533 1461 1564 1489; x_wconf 91' lang='lat' dir='ltr'>et</span> <span class='ocrx_word' id='word_1_305' title='bbox 1594 1453 1798 1497; x_wconf 77' lang='lat' dir='ltr'>Ragueberti,</span> 
     </span>
     <span class='ocr_line' id='line_1_74' title="bbox 1150 1506 1798 1553; baseline -0.003 -11"><span class='ocrx_word' id='word_1_306' title='bbox 1150 1520 1222 1542; x_wconf 89' lang='lat' dir='ltr'>cum</span> <span class='ocrx_word' id='word_1_307' title='bbox 1259 1509 1460 1553; x_wconf 83' lang='lat' dir='ltr'>pertinentiis</span> <span class='ocrx_word' id='word_1_308' title='bbox 1481 1508 1642 1548; x_wconf 90' lang='lat' dir='ltr'>omnibus,</span> <span class='ocrx_word' id='word_1_309' title='bbox 1669 1506 1798 1541; x_wconf 71' lang='lat' dir='ltr'>Clunia-</span> 
     </span>
    </p>

    <p class='ocr_par' dir='ltr' id='par_1_25' title="bbox 1044 1559 1798 1601">
     <span class='ocr_line' id='line_1_75' title="bbox 1044 1559 1798 1601; baseline -0.003 -6"><span class='ocrx_word' id='word_1_310' title='bbox 1044 1562 1045 1595; x_wconf 81' lang='lat' dir='ltr'>l</span> <span class='ocrx_word' id='word_1_311' title='bbox 1151 1562 1236 1596; x_wconf 86' lang='lat' dir='ltr'>censi</span> <span class='ocrx_word' id='word_1_312' title='bbox 1248 1562 1444 1595; x_wconf 87' lang='lat' dir='ltr'>monasterio</span> <span class='ocrx_word' id='word_1_313' title='bbox 1464 1560 1710 1601; x_wconf 83' lang='lat' dir='ltr'>confirmantur,</span> <span class='ocrx_word' id='word_1_314' title='bbox 1722 1559 1798 1593; x_wconf 68' lang='lat'>429.</span> 
     </span>
    </p>
   </div>
   <div class='ocr_carea' id='block_1_19' title="bbox 1044 1613 1805 1973">
    <p class='ocr_par' dir='ltr' id='par_1_26' title="bbox 1044 1613 1803 1744">
     <span class='ocr_line' id='line_1_76' title="bbox 1044 1613 1803 1670; baseline -0.005 -20"><span class='ocrx_word' id='word_1_315' title='bbox 1044 1615 1108 1670; x_wconf 36' lang='lat' dir='ltr'>3L1.</span> <span class='ocrx_word' id='word_1_316' title='bbox 1132 1615 1313 1655; x_wconf 53' lang='lat' dir='ltr'>Assia-natio</span> <span class='ocrx_word' id='word_1_317' title='bbox 1333 1614 1447 1648; x_wconf 84' lang='lat' dir='ltr'>finium</span> <span class='ocrx_word' id='word_1_318' title='bbox 1468 1614 1498 1649; x_wconf 88' lang='lat' dir='ltr'>S.</span> <span class='ocrx_word' id='word_1_319' title='bbox 1523 1613 1722 1656; x_wconf 79' lang='lat' dir='ltr'>Fulginaten.</span> <span class='ocrx_word' id='word_1_320' title='bbox 1746 1613 1803 1647; x_wconf 85' lang='lat' dir='ltr'>Ec-</span> 
     </span>
     <span class='ocr_line' id='line_1_77' title="bbox 1044 1656 1803 1703; baseline -0.004 -10"><span class='ocrx_word' id='word_1_321' title='bbox 1044 1671 1045 1703; x_wconf 58' lang='lat' dir='ltr'>t</span> <span class='ocrx_word' id='word_1_322' title='bbox 1150 1659 1286 1700; x_wconf 87' lang='lat' dir='ltr'>clesiae,</span> <span class='ocrx_word' id='word_1_323' title='bbox 1316 1659 1406 1692; x_wconf 87' lang='lat' dir='ltr'>cuius</span> <span class='ocrx_word' id='word_1_324' title='bbox 1435 1659 1520 1692; x_wconf 88' lang='lat' dir='ltr'>hona</span> <span class='ocrx_word' id='word_1_325' title='bbox 1551 1658 1660 1692; x_wconf 84' lang='lat' dir='ltr'>omnia</span> <span class='ocrx_word' id='word_1_326' title='bbox 1686 1656 1803 1691; x_wconf 81' lang='lat' dir='ltr'>confir-</span> 
     </span>
     <span class='ocr_line' id='line_1_78' title="bbox 1044 1702 1390 1744; baseline -0.003 -7"><span class='ocrx_word' id='word_1_327' title='bbox 1044 1711 1045 1718; x_wconf 63' lang='lat'><em>*</em></span> <span class='ocrx_word' id='word_1_328' title='bbox 1152 1709 1292 1744; x_wconf 84' lang='lat' dir='ltr'>mantur‚</span> <span class='ocrx_word' id='word_1_329' title='bbox 1315 1702 1390 1737; x_wconf 70' lang='lat'>4:30.</span> 
     </span>
    </p>

    <p class='ocr_par' dir='ltr' id='par_1_27' title="bbox 1044 1754 1805 1973">
     <span class='ocr_line' id='line_1_79' title="bbox 1044 1754 1804 1792; baseline -0.005 -1"><span class='ocrx_word' id='word_1_330' title='bbox 1044 1757 1124 1791; x_wconf 62' lang='lat' dir='ltr'>,Lll.</span> <span class='ocrx_word' id='word_1_331' title='bbox 1148 1756 1356 1790; x_wconf 84' lang='lat' dir='ltr'>Confirmatio</span> <span class='ocrx_word' id='word_1_332' title='bbox 1377 1756 1496 1792; x_wconf 80' lang='lat' dir='ltr'>statuti,</span> <span class='ocrx_word' id='word_1_333' title='bbox 1517 1761 1553 1789; x_wconf 90' lang='lat' dir='ltr'>ut</span> <span class='ocrx_word' id='word_1_334' title='bbox 1574 1754 1804 1788; x_wconf 77' lang='lat' dir='ltr'>decedentibus</span> 
     </span>
     <span class='ocr_line' id='line_1_80' title="bbox 1151 1799 1804 1838; baseline -0.003 -5"><span class='ocrx_word' id='word_1_335' title='bbox 1151 1800 1315 1834; x_wconf 78' lang='lat' dir='ltr'>canonicis</span> <span class='ocrx_word' id='word_1_336' title='bbox 1335 1800 1565 1838; x_wconf 82' lang='lat' dir='ltr'>saecularibus,</span> <span class='ocrx_word' id='word_1_337' title='bbox 1583 1799 1714 1833; x_wconf 87' lang='lat' dir='ltr'>totidem</span> <span class='ocrx_word' id='word_1_338' title='bbox 1730 1799 1804 1833; x_wconf 85' lang='lat' dir='ltr'>sub-</span> 
     </span>
     <span class='ocr_line' id='line_1_81' title="bbox 1151 1843 1800 1887; baseline -0.003 -9"><span class='ocrx_word' id='word_1_339' title='bbox 1151 1852 1305 1887; x_wconf 74' lang='lat' dir='ltr'>rogentur</span> <span class='ocrx_word' id='word_1_340' title='bbox 1334 1845 1497 1885; x_wconf 69' lang='lat' dir='ltr'>regulares</span> <span class='ocrx_word' id='word_1_341' title='bbox 1533 1844 1565 1877; x_wconf 92' lang='lat' dir='ltr'>in</span> <span class='ocrx_word' id='word_1_342' title='bbox 1608 1843 1742 1878; x_wconf 88' lang='lat' dir='ltr'>ecclesia</span> <span class='ocrx_word' id='word_1_343' title='bbox 1770 1843 1800 1877; x_wconf 91' lang='lat' dir='ltr'>S.</span> 
     </span>
     <span class='ocr_line' id='line_1_82' title="bbox 1045 1887 1805 1932; baseline -0.003 -9"><span class='ocrx_word' id='word_1_344' title='bbox 1045 1888 1046 1932; x_wconf 65' lang='lat' dir='ltr'><strong>J</strong></span> <span class='ocrx_word' id='word_1_345' title='bbox 1150 1889 1267 1923; x_wconf 86' lang='lat' dir='ltr'>Mariae</span> <span class='ocrx_word' id='word_1_346' title='bbox 1298 1889 1336 1922; x_wconf 90' lang='lat' dir='ltr'>de</span> <span class='ocrx_word' id='word_1_347' title='bbox 1368 1889 1578 1926; x_wconf 72' lang='lat' dir='ltr'>castellione,</span> <span class='ocrx_word' id='word_1_348' title='bbox 1609 1887 1700 1921; x_wconf 87' lang='lat' dir='ltr'>cuius</span> <span class='ocrx_word' id='word_1_349' title='bbox 1720 1888 1805 1922; x_wconf 87' lang='lat' dir='ltr'>bona</span> 
     </span>
     <span class='ocr_line' id='line_1_83' title="bbox 1045 1931 1623 1973; baseline -0.005 -5"><span class='ocrx_word' id='word_1_350' title='bbox 1045 1949 1046 1968; x_wconf 64' lang='grc' dir='ltr'>ι</span> <span class='ocrx_word' id='word_1_351' title='bbox 1151 1934 1260 1968; x_wconf 89' lang='lat' dir='ltr'>omnia</span> <span class='ocrx_word' id='word_1_352' title='bbox 1280 1932 1526 1973; x_wconf 82' lang='lat' dir='ltr'>confirmantur,</span> <span class='ocrx_word' id='word_1_353' title='bbox 1549 1931 1623 1965; x_wconf 79' lang='lat'>431.</span> 
     </span>
    </p>
   </div>
   <div class='ocr_carea' id='block_1_20' title="bbox 1045 1984 1808 2717">
    <p class='ocr_par' dir='ltr' id='par_1_28' title="bbox 1045 1984 1808 2717">
     <span class='ocr_line' id='line_1_84' title="bbox 1045 1984 1804 2028; baseline -0.005 -7"><span class='ocrx_word' id='word_1_354' title='bbox 1045 1986 1140 2028; x_wconf 68' lang='lat' dir='ltr'>,tht</span> <span class='ocrx_word' id='word_1_355' title='bbox 1175 1986 1382 2020; x_wconf 84' lang='lat' dir='ltr'>Confirmatio</span> <span class='ocrx_word' id='word_1_356' title='bbox 1418 1986 1577 2019; x_wconf 82' lang='lat' dir='ltr'>bonorum</span> <span class='ocrx_word' id='word_1_357' title='bbox 1618 1984 1804 2018; x_wconf 82' lang='lat' dir='ltr'>monasterii</span> 
     </span>
     <span class='ocr_line' id='line_1_85' title="bbox 1045 2029 1805 2072; baseline -0.003 -7"><span class='ocrx_word' id='word_1_358' title='bbox 1045 2030 1047 2039; x_wconf 63' lang='lat'><strong><em>¹</em></strong></span> <span class='ocrx_word' id='word_1_359' title='bbox 1151 2030 1412 2072; x_wconf 66' lang='lat' dir='ltr'>prufeningensis</span> <span class='ocrx_word' id='word_1_360' title='bbox 1443 2029 1682 2064; x_wconf 86' lang='lat' dir='ltr'>Ratisbonensis</span> <span class='ocrx_word' id='word_1_361' title='bbox 1716 2029 1805 2063; x_wconf 80' lang='lat' dir='ltr'>dIOe·</span> 
     </span>
     <span class='ocr_line' id='line_1_86' title="bbox 1046 2073 1565 2115; baseline -0.004 -6"><span class='ocrx_word' id='word_1_362' title='bbox 1046 2089 1047 2109; x_wconf 77' lang='lat' dir='ltr'>t</span> <span class='ocrx_word' id='word_1_363' title='bbox 1153 2075 1242 2115; x_wconf 83' lang='lat' dir='ltr'>cesis,</span> <span class='ocrx_word' id='word_1_364' title='bbox 1266 2074 1341 2108; x_wconf 69' lang='lat'>432.</span> <span class='ocrx_word' id='word_1_365' title='bbox 1563 2073 1565 2075; x_wconf 78' lang='grc'><strong>’</strong></span> 
     </span>
     <span class='ocr_line' id='line_1_87' title="bbox 1046 2112 1801 2176; baseline -0.005 -13"><span class='ocrx_word' id='word_1_366' title='bbox 1046 2112 1137 2176; x_wconf 47' lang='lat' dir='ltr'>thv.</span> <span class='ocrx_word' id='word_1_367' title='bbox 1160 2128 1309 2173; x_wconf 84' lang='lat' dir='ltr'>Diploma</span> <span class='ocrx_word' id='word_1_368' title='bbox 1331 2139 1389 2172; x_wconf 85' lang='lat' dir='ltr'>pro</span> <span class='ocrx_word' id='word_1_369' title='bbox 1422 2127 1617 2161; x_wconf 81' lang='lat' dir='ltr'>monasterio</span> <span class='ocrx_word' id='word_1_370' title='bbox 1647 2127 1677 2160; x_wconf 92' lang='lat' dir='ltr'>S.</span> <span class='ocrx_word' id='word_1_371' title='bbox 1705 2126 1801 2160; x_wconf 88' lang='lat' dir='ltr'>Lam-</span> 
     </span>
     <span class='ocr_line' id='line_1_88' title="bbox 1046 2171 1805 2214; baseline -0.004 -7"><span class='ocrx_word' id='word_1_372' title='bbox 1046 2188 1047 2212; x_wconf 73' lang='lat' dir='ltr'>t</span> <span class='ocrx_word' id='word_1_373' title='bbox 1151 2173 1232 2206; x_wconf 85' lang='lat' dir='ltr'>berti</span> <span class='ocrx_word' id='word_1_374' title='bbox 1266 2173 1298 2206; x_wconf 90' lang='lat' dir='ltr'>in</span> <span class='ocrx_word' id='word_1_375' title='bbox 1334 2173 1420 2205; x_wconf 84' lang='lat' dir='ltr'>Valle</span> <span class='ocrx_word' id='word_1_376' title='bbox 1451 2172 1524 2205; x_wconf 87' lang='lat' dir='ltr'>Sein</span> <span class='ocrx_word' id='word_1_377' title='bbox 1555 2171 1805 2214; x_wconf 80' lang='lat' dir='ltr'>Salisburgensis</span> 
     </span>
     <span class='ocr_line' id='line_1_89' title="bbox 1046 2214 1800 2258; baseline -0.005 -7"><span class='ocrx_word' id='word_1_378' title='bbox 1046 2222 1047 2245; x_wconf 75' lang='lat' dir='ltr'>l</span> <span class='ocrx_word' id='word_1_379' title='bbox 1153 2217 1319 2258; x_wconf 86' lang='lat' dir='ltr'>dioecesis,</span> <span class='ocrx_word' id='word_1_380' title='bbox 1336 2217 1458 2250; x_wconf 87' lang='lat' dir='ltr'>ordinis</span> <span class='ocrx_word' id='word_1_381' title='bbox 1475 2216 1505 2250; x_wconf 86' lang='lat' dir='ltr'>S.</span> <span class='ocrx_word' id='word_1_382' title='bbox 1533 2215 1708 2254; x_wconf 85' lang='lat' dir='ltr'>Benedicti,</span> <span class='ocrx_word' id='word_1_383' title='bbox 1724 2214 1800 2248; x_wconf 78' lang='lat'>433.</span> 
     </span>
     <span class='ocr_line' id='line_1_90' title="bbox 1064 2268 1802 2305; baseline -0.004 -1"><span class='ocrx_word' id='word_1_384' title='bbox 1064 2270 1124 2304; x_wconf 83' lang='lat' dir='ltr'>LV.</span> <span class='ocrx_word' id='word_1_385' title='bbox 1149 2270 1357 2305; x_wconf 82' lang='lat' dir='ltr'>Confirmatio</span> <span class='ocrx_word' id='word_1_386' title='bbox 1387 2270 1546 2302; x_wconf 88' lang='lat' dir='ltr'>bonorum</span> <span class='ocrx_word' id='word_1_387' title='bbox 1573 2268 1716 2301; x_wconf 89' lang='lat' dir='ltr'>omnium</span> <span class='ocrx_word' id='word_1_388' title='bbox 1736 2268 1802 2301; x_wconf 77' lang='lat' dir='ltr'>Ad-</span> 
     </span>
     <span class='ocr_line' id='line_1_91' title="bbox 1047 2312 1805 2357; baseline -0.004 -9"><span class='ocrx_word' id='word_1_389' title='bbox 1047 2324 1049 2357; x_wconf 66' lang='lat'><em>2</em></span> <span class='ocrx_word' id='word_1_390' title='bbox 1153 2314 1329 2348; x_wconf 79' lang='lat' dir='ltr'>montensis</span> <span class='ocrx_word' id='word_1_391' title='bbox 1351 2313 1535 2347; x_wconf 83' lang='lat' dir='ltr'>monasterii</span> <span class='ocrx_word' id='word_1_392' title='bbox 1562 2312 1684 2345; x_wconf 89' lang='lat' dir='ltr'>ordinis</span> <span class='ocrx_word' id='word_1_393' title='bbox 1705 2312 1805 2345; x_wconf 84' lang='lat' dir='ltr'>Bene·</span> 
     </span>
     <span class='ocr_line' id='line_1_92' title="bbox 1047 2355 1807 2423; baseline -0.003 -31"><span class='ocrx_word' id='word_1_394' title='bbox 1047 2363 1049 2423; x_wconf 49' lang='grc' dir='ltr'><strong>ᾗ</strong></span> <span class='ocrx_word' id='word_1_395' title='bbox 1154 2358 1264 2392; x_wconf 86' lang='lat' dir='ltr'>dictini</span> <span class='ocrx_word' id='word_1_396' title='bbox 1279 2357 1530 2399; x_wconf 69' lang='lat' dir='ltr'>salisburgensis</span> <span class='ocrx_word' id='word_1_397' title='bbox 1544 2355 1708 2395; x_wconf 81' lang='lat' dir='ltr'>dioecesis,</span> <span class='ocrx_word' id='word_1_398' title='bbox 1719 2356 1807 2399; x_wconf 83' lang='lat' dir='ltr'>quod</span> 
     </span>
     <span class='ocr_line' id='line_1_93' title="bbox 1153 2400 1807 2446; baseline -0.005 -9"><span class='ocrx_word' id='word_1_399' title='bbox 1153 2404 1211 2437; x_wconf 88' lang='lat' dir='ltr'>sub</span> <span class='ocrx_word' id='word_1_400' title='bbox 1239 2402 1439 2446; x_wconf 79' lang='lat' dir='ltr'>protectione</span> <span class='ocrx_word' id='word_1_401' title='bbox 1475 2400 1564 2435; x_wconf 87' lang='lat' dir='ltr'>Sedis</span> <span class='ocrx_word' id='word_1_402' title='bbox 1603 2400 1807 2445; x_wconf 78' lang='lat' dir='ltr'>Apostolicae</span> 
     </span>
     <span class='ocr_line' id='line_1_94' title="bbox 1047 2444 1800 2496; baseline -0.003 -15"><span class='ocrx_word' id='word_1_403' title='bbox 1047 2470 1048 2496; x_wconf 72' lang='lat' dir='ltr'>l</span> <span class='ocrx_word' id='word_1_404' title='bbox 1152 2448 1317 2490; x_wconf 81' lang='lat' dir='ltr'>recipitur,</span> <span class='ocrx_word' id='word_1_405' title='bbox 1359 2446 1519 2489; x_wconf 83' lang='lat' dir='ltr'>variisque</span> <span class='ocrx_word' id='word_1_406' title='bbox 1541 2445 1680 2478; x_wconf 87' lang='lat' dir='ltr'>donatur</span> <span class='ocrx_word' id='word_1_407' title='bbox 1700 2444 1800 2489; x_wconf 70' lang='lat' dir='ltr'>privi—</span> 
     </span>
     <span class='ocr_line' id='line_1_95' title="bbox 1047 2490 1354 2535; baseline -0.003 -11"><span class='ocrx_word' id='word_1_408' title='bbox 1047 2502 1048 2535; x_wconf 60' lang='grc' dir='ltr'><strong>ς</strong></span> <span class='ocrx_word' id='word_1_409' title='bbox 1153 2492 1255 2534; x_wconf 80' lang='lat' dir='ltr'>legiis,</span> <span class='ocrx_word' id='word_1_410' title='bbox 1279 2490 1354 2524; x_wconf 84' lang='lat'>434.</span> 
     </span>
     <span class='ocr_line' id='line_1_96' title="bbox 1047 2537 1806 2578; baseline -0.003 0"><span class='ocrx_word' id='word_1_411' title='bbox 1047 2537 1139 2578; x_wconf 44' lang='grc' dir='ltr'>ἶΙΝΙ.</span> <span class='ocrx_word' id='word_1_412' title='bbox 1175 2543 1382 2578; x_wconf 73' lang='lat' dir='ltr'>Confirmatio</span> <span class='ocrx_word' id='word_1_413' title='bbox 1420 2542 1615 2576; x_wconf 76' lang='lat' dir='ltr'>fondationis</span> <span class='ocrx_word' id='word_1_414' title='bbox 1657 2541 1806 2576; x_wconf 85' lang='lat' dir='ltr'>abbatiae</span> 
     </span>
     <span class='ocr_line' id='line_1_97' title="bbox 1046 2585 1808 2631; baseline -0.005 -8"><span class='ocrx_word' id='word_1_415' title='bbox 1046 2592 1048 2631; x_wconf 55' lang='lat'>&#39;1</span> <span class='ocrx_word' id='word_1_416' title='bbox 1152 2587 1418 2626; x_wconf 79' lang='lat' dir='ltr'>Averbodiensis‚</span> <span class='ocrx_word' id='word_1_417' title='bbox 1452 2597 1511 2630; x_wconf 90' lang='lat' dir='ltr'>pro</span> <span class='ocrx_word' id='word_1_418' title='bbox 1541 2586 1632 2620; x_wconf 88' lang='lat' dir='ltr'>cuius</span> <span class='ocrx_word' id='word_1_419' title='bbox 1651 2585 1808 2628; x_wconf 78' lang='lat' dir='ltr'>regimine</span> 
     </span>
     <span class='ocr_line' id='line_1_98' title="bbox 1153 2631 1808 2676; baseline -0.002 -11"><span class='ocrx_word' id='word_1_420' title='bbox 1153 2638 1248 2676; x_wconf 88' lang='lat' dir='ltr'>atque</span> <span class='ocrx_word' id='word_1_421' title='bbox 1269 2631 1471 2664; x_wconf 84' lang='lat' dir='ltr'>immunitate</span> <span class='ocrx_word' id='word_1_422' title='bbox 1492 2631 1648 2665; x_wconf 88' lang='lat' dir='ltr'>nonnulla</span> <span class='ocrx_word' id='word_1_423' title='bbox 1663 2637 1808 2665; x_wconf 86' lang='lat' dir='ltr'>statuun-</span> 
     </span>
     <span class='ocr_line' id='line_1_99' title="bbox 1154 2674 1468 2717; baseline -0.006 -7"><span class='ocrx_word' id='word_1_424' title='bbox 1154 2682 1204 2710; x_wconf 86' lang='lat' dir='ltr'>tur</span> <span class='ocrx_word' id='word_1_425' title='bbox 1225 2676 1365 2717; x_wconf 84' lang='lat' dir='ltr'>decreta,</span> <span class='ocrx_word' id='word_1_426' title='bbox 1392 2674 1468 2709; x_wconf 79' lang='lat'>436.</span> 
     </span>
    </p>
   </div>
   <div class='ocr_carea' id='block_1_21' title="bbox 1044 1805 1046 1871">
    <p class='ocr_par' dir='ltr' id='par_1_29' title="bbox 1044 1805 1046 1871">
     <span class='ocr_line' id='line_1_100' title="bbox 1044 1805 1046 1853; baseline 0 0"><span class='ocrx_word' id='word_1_427' title='bbox 1044 1805 1046 1853; x_wconf 67' lang='lat' dir='ltr'>l</span> 
     </span>
     <span class='ocr_line' id='line_1_101' title="bbox 1044 1859 1046 1871; baseline 0 0"><span class='ocrx_word' id='word_1_428' title='bbox 1044 1859 1046 1871; x_wconf 75' lang='lat' dir='ltr'>t</span> 
     </span>
    </p>
   </div>
  </div>
 </body>
</html>
