2180 3205
154 276 202 304 tn.
224 278 251 304 c.
272 279 336 306 ποτά
417 263 467 293 ‘32

152 332 273 377 'mm-{m
298 337 336 357 rw
367 336 421 369 pro
452 322 633 357 liberatione
668 320 796 354 fratrum
834 329 968 364 poncrc⁷
996 328 1110 351 exem-

161 358 336 416 31¹''22'31l33ffi13'1‘
365 372 450 416 plum
489 370 709 415 Redemptoris
745 367 866 406 nostri,
905 374 935 400 et
968 365 1110 400 debitum

152 410 209 431 '⁵⁹⁶¹‘
227 411 335 439 “‘¹¹¹¹⁵¹⁰⁵'
367 421 518 456 fraternae
539 418 698 454 charitatis
719 429 736 451 a
763 415 853 450 nobis
887 414 1000 460 exigit:
1038 414 1111 460 quia

365 470 445 504 sieut
467 470 532 516 ipse
555 480 610 514 pro
632 466 723 500 nobis
734 466 870 499 animam
889 476 978 498 suam
995 462 1112 509 posuit,

365 527 395 552 et
417 531 473 553 nos
495 517 648 551 debemus
670 526 726 561 pro
749 513 897 548 fratribus
915 512 1029 546 nostris
1049 511 1112 545 ani-

365 580 432 602 mas
460 577 587 612 ponere.
611 564 730 599 Scitote
753 563 864 609 igitur,
889 573 947 596 nos
966 562 995 594 iu
1024 560 1114 594 mise-

152 603 336 650 cniiiii⁰ii¹iissie3id
365 615 497 650 ricordia
520 614 591 658 Dei,
624 621 653 648 et
676 613 707 646 in
731 611 868 659 potentia
894 610 1015 644 virtutis
1044 609 1113 643 cius

364 666 501 699 confisos
533 662 681 698 omnibus
716 661 817 696 modis
844 659 872 693 id
901 671 993 705 agere
1019 666 1112 705 atque

365 726 484 760 parare,
508 721 540 746 ut
566 711 756 746 adiutorium
783 709 954 745 christiano
981 708 1112 753 imperio

363 762 552 809 quamcitius
574 761 640 795 Deo
676 760 801 794 iuvante
830 758 990 793 faciamus.
1020 756 1112 791 Unde

365 824 418 846 vos
446 824 500 857 per
529 810 640 853 iidem7
674 810 704 843 in
726 821 785 855 qua
815 820 869 855 per
895 807 1055 841 Christum
1080 806 1111 840 in

934 263 1032 286 mmm
1039 263 1069 285 R!
1077 262 1120 285 ΓΜ
1144 260 1257 283 Roman*
1263 260 1307 282 CM

1131 691 1134 727 l

1131 747 1134 766 ρ

362 861 563 908 adoptionem
591 860 725 893 filiorum
759 857 817 892 Dei
848 857 924 891 uniti
947 856 1032 894 estis,
1060 855 1133 900 ob-}

362 959 515 993 stolorum
540 957 692 1005 principis
713 956 932 995 admonemuS,
957 963 989 988 ut
1013 961 1043 988 et
1060 966 1112 988 ros
1130 982 1133 1001 i

1130 947 1133 966 i

363 1008 489 1042 vulnera
512 1016 541 1042 et
568 1006 697 1051 sanguis
714 1005 856 1042 fratrum,
884 1012 914 1038 et
937 1003 1111 1049 periculum
1130 1008 1133 1048 j

362 1057 491 1104 praefati
527 1056 648 1102 imperii
677 1055 770 1100 digna
803 1053 1022 1099 compassione
1050 1054 1133 1091 ino-J

362 1114 449 1146 veat3
472 1114 502 1140 ct
520 1113 620 1140 vestra
643 1105 742 1138 virtus
767 1116 821 1150 pro
843 1102 961 1137 Christi
985 1102 1113 1136 nomine

362 1167 428 1190 non
452 1155 579 1189 invitam
608 1153 822 1200 fatigationem
845 1152 883 1186 ad
906 1151 1033 1186 ferenda
1056 1151 1134 1185 fra-'2

362 1204 460 1239 tribus
495 1203 608 1238 auxilia
644 1202 764 1237 subeat.
799 1201 963 1247 Quidquid
1005 1209 1111 1234 autem

360 1266 454 1300 snper
481 1253 540 1288 bac
562 1264 594 1287 re
616 1251 722 1286 divina
750 1251 847 1298 pietas
869 1250 979 1285 vestris
998 1250 1112 1284 animis

360 1302 528 1342 indiderit,
562 1302 630 1336 siue
664 1313 750 1335 mora
778 1300 873 1335 certis
900 1299 1111 1346 legationibus

361 1352 452 1386 nobis
476 1351 662 1386 renunciare
684 1350 819 1384 studete.

408 1401 525 1435 Datum
562 1399 684 1434 Romae
712 1398 856 1433 kalendis
888 1397 1004 1441 martii,
1033 1397 1110 1431 iudi-

360 1451 463 1484 ctione
493 1449 694 1483 duodecima.

432 1505 494 1535 Dat.
513 1506 560 1536 die
582 1506 592 1535 l
615 1506 709 1534 martii
730 1513 806 1534 anno
825 1503 937 1533 Domini
962 1503 1044 1539 1074,

620 1544 723 1584 pontis.
742 1553 817 1573 anno
835 1552 853 1573 r.

676 1607 802 1615 ——-

714 1663 767 1697 vt.

360 1739 541 1772 Admonita»
560 1739 602 1770 ad
619 1737 792 1781 Hispaniae
808 1747 888 1779 reqes
906 1742 931 1768 e!
946 1736 1111 1780 episcopos,

412 1796 441 1820 ul
467 1788 608 1831 Officium
631 1797 791 1818 romonum
810 1786 972 1828 recipiant:
991 1797 1041 1816 nec
1053 1796 1111 1816 non

409 1837 601 1881 confirmatio
629 1834 952 1868 excommun{cationis
967 1860 974 1871 ,
1006 1840 1031 1865 el
1054 1834 1112 1865 ‹le—

407 1885 570 1930 posi'li'onis
603 1885 763 1917 cuiusdam
789 1884 967 1928 simoniaci,
990 1893 1046 1927 per
1069 1882 1113 1914 le-

409 1941 497 1978 9atos
516 1936 616 1979 sactae
632 1934 694 1976 (71).

633 2001 847 2032 smum-um!

363 2069 520 2107 Hispaniae
546 2077 614 2097 cum
641 2068 769 2096 Romana
793 2067 935 2096 Ecclesia.
949 2075 1114 2096 consensus

401 2113 467 2137 aute
486 2107 705 2137 Priscillianum
733 2111 759 2136 et
775 2107 886 2136 Arium.
902 2123 941 2128 —
955 2106 1114 2135 Corrueute

401 2148 554 2185 religione,
573 2147 738 2176 mundanae
749 2155 866 2185 quoque
879 2150 1019 2175 corruunt
1035 2153 1115 2183 opes.

400 2187 487 2216 —De
503 2186 672 2225 recipiendo
684 2185 831 2215 Romanae
844 2185 994 2215 Ecclesiae
1010 2184 1121 2214 officio:

401 2243 440 2248 —-
460 2226 648 2255 Confirmatio
677 2225 840 2254 sententiae
864 2225 938 2255 latae
967 2234 982 2253 a
1012 2224 1114 2262 legatis

405 2270 496 2304 apost.
515 2270 615 2294 contra
635 2265 842 2294 simoniacum.

364 2326 487 2364 Gregorius
501 2326 621 2364 episcopus
645 2334 723 2355 serviis
750 2334 866 2355 servornm
888 2324 939 2362 Dei,
958 2324 1075 2364 Alplionso
1093 2329 1115 2355 et

402 2369 494 2397 Sanctio
519 2369 643 2409 Rispaniae
670 2369 765 2407 regibus
786 2379 811 2398 ac
834 2369 935 2408 paribus,
959 2373 980 2398 ct
1003 2370 1116 2408 episcopis

405 2413 426 2440 in
442 2413 529 2442 ditione
541 2422 581 2442 sua
598 2413 741 2449 constituas,
757 2413 854 2442 salutern
873 2417 894 2442 et
909 2413 1059 2451 apostolicam
1075 2412 1114 2442 be-

168 2480 340 2505 111-5.³..fl.0„um
406 2457 571 2485 aeda-tionem.

155 2507 340 2552 *fiJ'ss‘iffl-Lriscii‘i'
415 2519 493 2552 Cum
520 2517 628 2552 beatus
662 2518 824 2564 apostolus
852 2517 970 2552 Paulus
998 2518 1115 2565 Hispa-

154 2564 203 2605 ἒὲἷῗ.
225 2559 340 2605 {i‘liiilissf
371 2567 452 2601 niam
481 2578 514 2600 se
542 2567 655 2601 adiisse
687 2567 843 2613 significet
870 2571 921 2611 (a),
948 2579 984 2602 ac
1007 2576 1114 2614 postea

402 2623 441 2658 (1)
458 2623 496 2649 Ex
508 2622 617 2650 Archiv.
635 2623 719 2650 Vatic.
759 2623 798 2658 (ιι)
818 2624 928 2650 Roman.
949 2624 989 2650 15.

1130 1095 1264 1149 {religio
1291 1105 1338 1133 est
1359 1097 1526 1138 diminuta,
1550 1110 1656 1132 verum
1689 1098 1784 1133 etiam
1812 1111 1902 1134 mun-

1130 1185 1134 1203 t

1925 270 1974 298 An.
1994 271 2022 297 C.
2040 272 2106 298 1074

1132 320 1274 360 *septem
1320 312 1488 359 episcopos
1523 312 1561 347 ab
1603 312 1681 347 urbe
1721 312 1822 347 Roma
1863 313 1902 348 ad

1154 361 1356 397 instruendos
1395 361 1564 406 Hispaniae
1592 361 1726 408 populos
1759 375 1775 396 a
1809 362 1903 397 Petro

1153 418 1184 446 et
1209 410 1308 445 Paulo
1343 410 1495 456 apostolis
1527 410 1666 445 directos
1698 411 1813 451 fuisse,
1850 414 1901 458 qui

1153 460 1310 495 destructa
1327 459 1500 494 idololatria
1514 459 1771 494 christianitatem
1787 460 1904 495 sunda-

1153 517 1282 549 verunt3
1306 508 1488 554 religionem
1502 508 1735 554 plantaverunt;
1757 509 1901 545 ordinem

1153 566 1184 592 et
1217 557 1353 592 osticium
1388 558 1417 591 in
1453 557 1569 591 divinis
1607 557 1745 592 cultibus
1770 559 1902 605 agendis

1153 607 1381 647 ostenderunt,
1408 614 1439 641 et
1470 605 1623 651 sanguine
1651 618 1707 641 suo
1744 607 1902 643 Ecclesias

1153 656 1354 695 dedicaverc;
1377 663 1476 690 vestra
1499 655 1663 701 diligentia
1686 668 1748 690 non
1768 657 1902 702 ignoret,

1153 713 1300 751 quantam
1328 705 1531 739 concordiam
1554 716 1626 739 cum
1653 705 1796 740 Romana
1825 706 1902 741 urbe

1153 755 1304 800 Hispania
1325 754 1356 788 in
1385 754 1536 800 religione
1557 762 1587 788 et
1608 754 1719 788 ordine
1741 754 1839 789 divini
1859 755 1902 790 os-

1155 805 1212 837 licii
1236 803 1386 838 habuisse
1413 804 1488 837 satis
1510 810 1604 849 patet.
1637 802 1700 837 Sed
1735 811 1901 851 postquam

1153 853 1277 887 vesania
1301 852 1608 886 priscillianistarum
1643 853 1697 886 diu
1727 853 1900 899 pollutum,

363 922 536 953 seeramus,
567 917 597 943 et
618 907 799 942 auctoritate
823 906 902 940 beati
925 905 1008 939 Petri
1040 917 1113 951 apo—
1131 904 1134 941 ἷ
1153 910 1182 936 et
1211 901 1341 949 perfidia
1362 901 1551 935 Arianorum
1574 900 1789 947 depravatum,
1823 912 1854 937 ct
1882 916 1900 938 a

1153 950 1296 985 Romano
1319 951 1377 984 ritu
1393 959 1584 997 separatum,
1607 950 1798 985 irruentibus
1813 952 1900 998 prius

1152 1000 1279 1039 Gothis,
1306 1012 1342 1034 ac
1364 999 1491 1034 demum
1519 999 1743 1034 invadentibus
1768 999 1901 1036 Sarace-

1153 1050 1213 1089 nis,
1250 1061 1379 1095 regnum
1402 1048 1573 1095 Hispaniae
1599 1048 1674 1089 suiv,
1706 1061 1769 1084 non
1798 1050 1900 1085 solum

1954 1025 2069 1046 corruente
2079 1032 2112 1044 n-

1926 1052 2011 1077 ugione,
2025 1052 2112 1073 munda-

1926 1085 1967 1100 nae
1975 1085 2059 1106 quoque
2066 1085 2113 1101 eor·

1928 1108 1989 1127 ruunt
2003 1111 2062 1132 open.

1152 1147 1251 1182 danae
1278 1156 1352 1182 sunt
1369 1159 1445 1194 opes
1462 1146 1674 1182 labefactatae.
1702 1147 1902 1195 Quapropter

1130 1205 1134 1216 ¹
1154 1204 1187 1230 ut
1210 1197 1289 1231 filios
1314 1196 1517 1231 charissimos
1531 1208 1584 1230 vos
1602 1195 1768 1238 adhortor,
1791 1205 1822 1231 et
1838 1210 1904 1233 mo-

1153 1258 1224 1290 nco⁷
1248 1253 1281 1280 ut
1303 1258 1356 1280 vos
1378 1246 1458 1280 sicut
1480 1245 1580 1280 bonae
1601 1245 1737 1286 soboles,
1756 1247 1813 1281 etsi
1831 1255 1903 1294 post

1153 1295 1317 1329 diuturnas
1350 1295 1522 1334 scissuras,
1560 1294 1687 1329 demum
1727 1303 1832 1330 tamen
1869 1304 1902 1331 ut

1153 1353 1284 1379 matrem
1323 1356 1429 1378 revera
1468 1350 1601 1378 vestran]
1638 1343 1813 1379 Romanam
1845 1345 1902 1380 Ec-

1153 1393 1280 1427 clesiam
1321 1393 1577 1438 recognoscatis,
1616 1392 1647 1426 in
1684 1405 1747 1439 quo
1780 1401 1811 1428 et
1843 1407 1901 1429 nos

1154 1442 1264 1476 fratres
1286 1442 1464 1488 reperiatis;
1486 1441 1648 1476 Romanae
1668 1442 1830 1477 Ecclesiae
1849 1456 1898 1478 or-

1153 1491 1260 1525 dinem
1289 1498 1320 1525 et
1346 1490 1483 1524 officium
1507 1491 1679 1536 recipiatis,
1711 1503 1772 1526 non
1799 1491 1902 1527 Tole-

1154 1547 1260 1577 tanae,
1298 1539 1344 1573 vel
1371 1539 1540 1574 cuiuslibet
1577 1539 1678 1580 aliae,
1714 1540 1768 1574 sed
1798 1541 1900 1586 istius⁷

1153 1601 1233 1635 quae
1259 1601 1275 1623 a
1302 1588 1396 1622 Petro
1418 1596 1448 1623 et
1474 1588 1572 1623 Paulo
1594 1601 1687 1634 supra
1710 1589 1831 1624 firmam
1853 1602 1903 1637 pe-

1154 1646 1231 1672 tram
1254 1650 1311 1685 per
1336 1636 1500 1672 Christum
1524 1637 1649 1671 fundata
1677 1645 1741 1682 est⁷
1769 1647 1800 1673 et
1833 1651 1903 1674 san-

1153 1687 1249 1733 guine
1275 1694 1468 1726 consecrata,
1491 1687 1540 1721 cui
1569 1694 1676 1732 portae
1695 1687 1796 1728 inferi,
1820 1688 1902 1723 idest

1153 1736 1278 1782 linguae
1292 1735 1521 1770 baereticorum
1539 1747 1699 1783 nunquam
1724 1738 1903 1782 praevalere

1154 1792 1342 1831 potuerunt;
1364 1785 1446 1819 sicut
1466 1792 1586 1819 caetera
1604 1797 1699 1830 regna
1717 1785 1904 1821 Occidentis

1154 1842 1184 1868 et
1217 1834 1482 1880 Septenitiionis,
1518 1834 1658 1868 teneatis.
1695 1834 1787 1869 Unde
1817 1836 1903 1870 enim

1154 1895 1217 1917 non
1258 1882 1408 1917 dubitatis
1442 1895 1496 1916 vos
1523 1883 1702 1929 suscepisse
1742 1883 1904 1930 religionis

1154 1931 1335 1974 exordium,
1358 1939 1451 1965 restat
1473 1931 1579 1970 etiam,
1603 1939 1636 1965 ut
1653 1932 1724 1966 inde
1743 1933 1902 1979 recipiatis

1156 1981 1187 2014 in
1209 1980 1419 2015 ecclesiastico
1439 1980 1549 2014 ordine
1579 1979 1720 2014 divinum
1750 1981 1902 2026 officium,

1155 2029 1238 2075 quod
1274 2028 1448 2063 innocentii
1483 2029 1586 2075 Papae
1621 2029 1661 2063 ad
1696 2029 1903 2076 Eugubinum

1156 2079 1273 2112 directa
1300 2078 1486 2124 episcopum
1510 2090 1564 2112 vos
1582 2077 1673 2112 docet
1694 2079 1825 2125 epistola
1844 2083 1902 2124 (1):

1156 2127 1240 2173 quod
1268 2126 1456 2161 Hormisdae
1487 2127 1523 2160 ad
1559 2126 1780 2173 Hispalensem
1811 2129 1904 2163 missa

1156 2176 1278 2210 decreta
1308 2176 1483 2210 insinuaut:
1522 2175 1606 2222 quod
1640 2176 1846 2218 Toletannim
1873 2186 1905 2212 et

1156 2225 1316 2270 pragense
1346 2224 1564 2259 demonstrant
1591 2225 1738 2260 concilia:
1767 2226 1850 2273 quod
1875 2238 1906 2261 c-

1158 2274 1231 2308 tiam
1265 2273 1405 2320 episcopi
1433 2274 1525 2307 vestri
1553 2273 1591 2307 ad
1628 2286 1686 2308 nos
1719 2287 1820 2322 nuper
1851 2287 1906 2310 vc-

1157 2323 1280 2356 nientes
1307 2323 1390 2356 iuxta
1417 2322 1674 2357 constitutionem
1697 2324 1823 2358 concilii
1847 2337 1903 2370 pur

1156 2371 1270 2417 scripta
1285 2383 1341 2405 sua
1355 2371 1457 2406 facere
1474 2371 1699 2417 promiserunt,
1718 2380 1748 2406 et
1762 2372 1792 2407 in
1810 2385 1902 2407 manu

1157 2428 1262 2454 nostra
1285 2419 1459 2454 firmarunt.
1490 2419 1652 2455 Praeterea
1675 2421 1756 2455 sicut
1777 2420 1816 2455 de
1837 2423 1906 2456 aliis
1930 2446 2115 2467 mmmmm„

1156 2468 1540 2503 excommunicationibus
1551 2481 1607 2516 per
1617 2470 1735 2515 legatos
1744 2469 1907 2506 Romanae
1931 2473 2116 2519 {¹wffcgijfi‘coffffi

1156 2517 1319 2551 Ecclesiae
1347 2517 1435 2551 sactis
1457 2517 1602 2559 fecimus,
1630 2517 1859 2565 depositionem
1876 2529 1907 2555 ct
1930 2525 2076 2546 ‘mmmm-

1948 1411 1978 1432 De
1991 1411 2113 1436 recipiendo

1928 1438 2038 1458 Romanae
2075 1437 2114 1457 Ec-

1929 1465 1958 1485 rl:
1972 1464 2006 1485 iae
2022 1463 2099 1484 officio.

1972 2419 2107 2440 Confirmatio

1191 2582 1230 2617 (¹)
1250 2583 1334 2617 Epist.
1354 2583 1399 2614 29,
1421 2587 1447 2609 et
1464 2582 1524 2609 vide
1538 2583 1662 2617 superius
1683 2584 1707 2609 iu
1726 2584 1864 2611 llormisda
1881 2587 1906 2612 in

1157 2626 1299 2653 Constitut.
1317 2626 1372 2654 dat.
1390 2635 1458 2655 anno
1478 2628 1541 2659 517,
1560 2629 1700 2654 Bau-untia
1719 2629 1838 2656 Trinitas
1853 2636 1895 2657 eto
