2180 3205
39 223 90 252 An.
111 220 140 250 C.
158 221 225 250 1095

253 275 317 316 fiat,
338 279 432 320 atque
460 272 490 306 in
517 279 657 306 extremo
679 268 822 303 examine
845 266 1002 301 districtae

252 323 364 359 ultioni
397 322 568 356 subiaceat.
596 319 729 354 Cunctis
763 326 867 353 autem
900 315 1001 350 eidem

251 374 321 408 loco
356 373 435 406 iusta
473 369 672 404 servantibus
706 369 745 403 sit
781 379 840 414 pax
875 364 1001 400 Domini

251 421 350 458 nostri
372 421 445 455 lesu
471 419 600 454 Christi.
630 419 743 452 Amen.

299 470 415 505 Datum
438 469 619 504 Placentiae
642 479 696 514 per
722 477 849 500 manum
877 462 1003 498 Ioannis

251 528 378 557 sanctae
411 519 572 565 Romanae
599 516 760 552 Ecclesiae
782 514 905 548 diaconi
933 525 1003 547 car-

250 569 382 610 dinalis,
411 580 484 603 xvu
507 568 568 601 kal.
604 565 729 613 aprilis,
757 563 929 598 indictione
952 573 1001 601 ιιι,

251 631 333 655 anno
354 617 532 654 dominicae
554 614 778 652 incarnationis
800 623 902 653 mxcv,
922 623 1003 659 pon-

251 669 386 704 tificatus
423 674 527 701 autem
566 664 675 700 domni
709 662 828 698 Urbani
870 661 1002 697 secundi

249 717 356 766 Papae
379 727 462 751 anuo
487 727 559 749 v111.

302 773 363 804 Dat.
386 772 434 804 die
454 772 490 802 16
508 771 604 801 martii
624 779 699 800 anno
717 768 832 799 Domini
858 768 946 805 1095,

493 811 596 851 pontis.
612 820 688 841 anno
707 818 766 839 vni.

577 907 677 942 XXV.

254 968 432 1014 Decretum,
465 977 499 1004 ut
531 978 653 1004 mortuo
695 969 828 1003 Giraldo
865 969 1003 1013 episcopo

300 1019 512 1058 Arausicano,
536 1021 638 1054 nullus
660 1021 693 1053 in
713 1020 776 1053 eius
792 1020 891 1053 locum
912 1019 1005 1062 eliqa-

300 1075 367 1108 tur;
405 1070 457 1103 sed
492 1070 565 1103 haec
600 1069 738 1103 Ecclesia
772 1069 804 1101 in
838 1069 1004 1112 pristinam

299 1119 403 1151 redeat
425 1119 591 1162 unitatem,
617 1126 644 1152 et
665 1120 704 1152 ab
725 1119 863 1163 episcopo
895 1117 1004 1150 Trica-

300 1167 380 1200 stino
406 1175 531 1212 reqatur
553 1170 610 1211 (1).

523 1227 739 1258 SUMMARIUM

253 1277 456 1309 Controversia
475 1279 552 1309 inter
573 1281 771 1310 Arausicanos
788 1279 1004 1309 etTricastinos

292 1327 308 1348 a
330 1318 473 1357 Gregorio
495 1319 542 1349 Vll
562 1320 689 1349 examini
707 1321 854 1355 subice-[513
875 1320 926 1349 sed
947 1329 1004 1348 non

293 1357 429 1396 delinita3
447 1359 482 1388 ad
505 1358 654 1389 Urbanum
688 1359 741 1389 PP.
773 1360 882 1394 delata3
916 1363 944 1388 et
976 1359 1005 1388 in

294 1398 421 1428 concilio
443 1399 569 1436 cognita.
587 1416 627 1421 —
648 1399 831 1430 Tricastinae
855 1399 1005 1428 Ecclesiae

293 1437 358 1482 iura
377 1437 413 1468 ab
432 1439 571 1478 episcopo
600 1439 723 1478 prolata.
741 1455 781 1461 —
798 1438 930 1477 Gregorii
948 1438 1003 1467 ΡΙ).

293 1477 480 1516 privilegium
513 1479 548 1508 de
580 1480 699 1516 unione,
729 1479 764 1509 ab
797 1479 961 1508 Alexandro
983 1477 1006 1507 ΙΙ

294 1518 494 1547 confirmatur.
511 1535 552 1540 —
569 1518 755 1549 Monumenta
779 1519 808 1548 iu
826 1518 1006 1548 contrarium

295 1556 331 1586 ab
342 1558 482 1596 episcopo
496 1559 600 1588 Araus.
614 1559 903 1588 delata—Tandem
913 1559 1007 1587 Arau-

295 1597 394 1626 sicana
411 1597 544 1628 Ecclesia
567 1598 749 1629 Tricastinae
771 1599 920 1638 pontificio
951 1598 1006 1628 tle-

296 1641 375 1667 creto
400 1638 511 1667 unitur.

318 1694 441 1723 urbanus
460 1695 600 1732 episcopus
620 1703 715 1725 servus
733 1703 873 1725 servorum
888 1695 944 1724 Dei.

304 1748 356 1784 Ad
373 1750 586 1797 praesentium
608 1750 763 1791 notitiam,
786 1758 816 1785 et
831 1750 1006 1784 futurorum

257 1799 442 1834 memoriam
464 1811 526 1834 non
553 1800 650 1834 latere
672 1799 829 1839 volumus,
857 1799 1006 1845 quoniam

258 1849 340 1883 inter
371 1848 564 1884 Tricastinos
597 1857 628 1884 et
661 1849 832 1883 Arausicos
860 1849 1008 1882 diuturna

57 1903 241 1952 imgronffiggff
258 1898 418 1933 contentio
446 1898 550 1933 habita
572 1907 634 1939 est3
669 1898 853 1933 Tricastinis
879 1897 1008 1944 quidem

57 1962 94 2004 ¹¹3⁸
122 1959 143 1978 et
164 1957 242 2004 g‘i0.³'
259 1947 300 1982 de
325 1947 477 1989 unitione,
504 1948 667 1982 Arausicis
690 1959 762 1982 vero
789 1947 828 1981 de
852 1947 1009 1994 parochia·

58 1989 242 2057 iizf'viii‘qxzissiiii
260 2008 330 2032 rum
340 1996 553 2032 Ecclesiarum
566 1997 732 2036 divisione,
748 1996 1009 2031 contestantibus.

58 2041 82 2058 ³¹¹
98 2038 161 2061 '⁹⁰¹³’
261 2045 303 2080 Et
325 2046 517 2081 concertatio
544 2058 617 2081 cum
644 2045 909 2081 reverendissimo
932 2045 1012 2079 Pou-

261 2094 338 2129 tifici
374 2094 529 2142 Gregorio
566 2095 799 2142 praedecessori
837 2102 944 2129 nostro
949 2121 1008 2128 .....

261 2143 401 2179 Arausici
407 2171 466 2178 .....
492 2144 598 2178 literas
619 2144 771 2189 dirigens,
794 2143 930 2189 legatum
957 2155 1012 2189 pro

262 2193 358 2228 huius
373 2193 418 2228 rei
440 2193 637 2228 discussione
653 2193 692 2227 ad
714 2205 768 2227 eos
787 2205 820 2227 se
842 2193 1012 2226 missurum

263 2242 422 2290 pollicitus
448 2251 510 2283 est;
537 2242 623 2288 quod
656 2250 760 2276 tamen
785 2250 954 2288 postea.....
972 2241 1013 2275 in·

265 2291 380 2338 (lagare
404 2291 614 2338 nequivimus.
650 2291 686 2325 In
720 2291 778 2325 bac
811 2298 914 2325 autem
942 2302 1015 2325 sus-

266 2340 482 2388 pensione.....
516 2340 546 2375 G
549 2367 606 2375 .....
640 2340 815 2375 Ecclesiam
847 2340 1014 2386 episcopus

266 2389 386 2425 electus
419 2398 450 2425 et
484 2397 686 2425 consecratus
723 2397 780 2423 est.
819 2388 1015 2423 Tricastinus

266 2450 342 2485 ergo
361 2439 529 2486 episcopus
551 2439 676 2482 Pontio,
699 2438 935 2472 Aut-isicensem
961 2438 1015 2472 Ec-

267 2487 396 2524 clesiam
415 2500 560 2524 asserens
581 2500 636 2536 per
650 2487 766 2522 multos
788 2499 887 2522 anuos
913 2499 930 2522 a
951 2487 1016 2522 suis

79 2236 124 2266 §od
138 2243 180 2258 non
194 2237 244 2258 defi-

63 2265 114 2289 utta

304 2557 397 2593 (1)Ex
413 2558 572 2585 Sammarth.
601 2558 668 2585 Gall.
695 2557 792 2585 Christ.
814 2560 878 2584 tom.
902 2565 922 2589 1,
948 2557 1015 2584 inte·

270 2593 447 2621 Instrumenta
465 2594 594 2621 Ecclesiae
610 2594 781 2626 Tricastinae,
797 2601 870 2620 num.
889 2601 917 2619 11.

887 212 1033 237 ruamus
1060 212 1082 233 ΙΙ
1112 211 1160 232 1‘1‘.

1817 192 1868 223 An.
1889 191 1916 219 C.
1935 190 2002 218 1095

1680 198 1747 231 159

1047 262 1339 311 praedecessoribus
1363 262 1459 296 fuisse
1487 273 1682 309 possessam,
1719 274 1797 309 que-
1817 246 2002 296 rri'iieia'tha'ssnum

1045 314 1139 347 roiam
1177 313 1256 346 banc
1290 326 1361 346 cum
1388 313 1425 346 ad
1455 321 1576 346 nostras
1614 323 1704 346 aures
1741 323 1797 356 pro

1045 362 1150 396 multis
1168 361 1327 396 Ecclesiae
1345 361 1506 396 Romanae
1523 360 1797 407 persecutionibus

1034 412 1184 464 ⁴proferre
1206 423 1268 445 non
1298 418 1419 457 posset,
1442 410 1472 445 iu
1498 410 1642 458 pluribus
1665 411 1797 444 transal-

1045 461 1128 507 pinis
1155 459 1299 495 conciliis
1325 460 1437 506 exponi
1467 460 1653 507 procuravit.
1682 459 1796 494 Novis-

1044 510 1122 545 sime
1144 522 1216 544 eum
1245 509 1281 543 ad
1305 518 1442 543 nostram
1467 510 1607 544 notitiam
1636 509 1797 556 pervenis-

1043 567 1101 600 set,
1126 571 1183 593 nos
1201 570 1327 605 quoque
1350 570 1416 593 eam
1440 558 1476 592 ad
1500 559 1625 592 concilii
1655 559 1797 605 proxime

1044 607 1426 643 celebrandiaudientiam
1441 606 1557 641 differri
1573 608 1795 654 praecipimus

1044 657 1173 692 Interim
1196 656 1365 692 venerabili
1390 656 1474 691 fratri
1499 665 1606 691 nostro
1628 656 1797 692 Guillelmo

1044 706 1246 742 Arausicensi
1280 706 1429 752 episcopo
1461 705 1638 750 significare
1672 706 1799 740 curavi-

1044 769 1127 797 mus,
1152 765 1184 791 ut
1206 755 1244 790 ad
1266 754 1424 802 synodum
1447 755 1589 798 veniens,
1623 766 1655 790 sc
1677 755 1715 789 ad
1743 755 1799 790 dc-

1044 805 1238 840 sendendum
1263 803 1445 839 huiusmodi
1471 804 1632 849 negotium
1668 816 1800 851 praepa-

1044 863 1138 889 raret.
1161 854 1245 889 Cum
1272 861 1378 888 autem
1405 853 1553 894 venisset,
1579 853 1645 900 ipse
1668 853 1798 900 quidem

1045 904 1210 939 divisionis
1229 903 1320 938 istius
1342 903 1511 938 canonicas
1529 914 1640 937 causas
1659 902 1800 949 proferre

1045 966 1109 989 non
1138 953 1258 1001 potuit,-
1292 952 1491 987 Tricastinus
1525 963 1597 986 vero
1634 959 1704 999 post
1727 951 1800 986 diu-

1045 1011 1170 1038 turnam
1189 1011 1219 1038 et
1242 1002 1410 1050 plusquam
1433 1001 1646 1036 centenariam
1674 1013 1800 1048 posses-

1045 1053 1180 1097 siouem,
1213 1051 1440 1086 venerabilium
1468 1050 1660 1085 Pontificum
1685 1050 1802 1086 Roma-

1047 1114 1171 1142 norum,
1196 1109 1227 1136 et
1249 1100 1394 1147 Gregorii
1423 1108 1453 1135 et
1479 1099 1650 1134 Alexandri
1675 1100 1802 1147 privile-

1046 1152 1106 1198 giis
1128 1162 1241 1186 causae
1267 1162 1342 1185 suae
1371 1157 1475 1197 partes
1503 1149 1658 1184 tuebatur.
1695 1148 1802 1190 Quare

1047 1213 1104 1235 nos
1131 1200 1169 1235 ‹le
1200 1199 1345 1245 Gregorii
1386 1199 1531 1239 decreto,
1571 1210 1634 1245 quo
1669 1197 1707 1232 ab
1735 1198 1803 1243 ipsa

1046 1250 1105 1284 suit
1125 1249 1269 1284 Ecclesia
1290 1247 1607 1296 potitum,*quaedam
1631 1248 1712 1282 inter
1738 1246 1802 1281 fra-

1048 1307 1109 1333 tres
1137 1307 1262 1333 nostros
1299 1298 1444 1344 quaestio
1480 1304 1546 1331 orta
1581 1304 1648 1337 est,
1686 1295 1804 1343 placuit

1046 1349 1140 1383 alium
1157 1348 1260 1382 adbuc
1273 1346 1472 1381 definiendae
1494 1358 1608 1380 causae
1631 1346 1802 1379 terminum

1045 1397 1199 1441 adhiberi,
1224 1397 1254 1431 in
1270 1408 1333 1443 quo
1347 1404 1377 1430 et
1392 1395 1604 1430 Aurisicensis
1619 1394 1802 1441 episcopus,

1046 1447 1072 1481 si
1099 1459 1192 1494 quam
1218 1453 1334 1492 posset,
1358 1445 1576 1479 defensionem
1600 1444 1802 1478 nanciscere-

1839 551 1864 572 Et
1879 552 1900 581 in
1915 550 2005 572 concilio

1822 581 1914 605 cognita.

1048 1503 1115 1537 tur,
1143 1504 1173 1530 et
1208 1494 1402 1529 Tricastinae
1437 1493 1600 1528 Ecclesiae
1627 1492 1735 1528 clerici
1764 1492 1804 1526 de

1047 1545 1159 1580 eodem
1176 1544 1340 1592 privilegio
1362 1555 1420 1577 nos
1439 1542 1643 1577 iureiurando
1666 1542 1805 1576 facerent

1048 1595 1208 1630 certiores.
1252 1593 1400 1640 Cumque
1405 1619 1461 1626 .....
1497 1592 1736 1636 convenissent,
1774 1598 1806 1625 et

1049 1643 1205 1679 confrater
1231 1651 1337 1677 noster
1371 1641 1590 1676 Aransieensis
1611 1641 1805 1688 episcopus,

1048 1694 1130 1728 sicut
1152 1692 1351 1739 promiserat,
1374 1703 1437 1725 non
1460 1691 1610 1734 venisset,
1634 1702 1692 1724 nec
1714 1702 1807 1724 exeu-

1049 1743 1185 1778 sationes
1199 1742 1318 1789 aliquas
1333 1740 1556 1788 praemisisset,
1579 1748 1609 1774 et
1623 1745 1698 1774 tunc
1710 1738 1805 1773 nobis

1051 1792 1168 1840 placuit
1207 1791 1324 1837 negotii
1359 1790 1454 1824 linem
1493 1790 1524 1823 in
1554 1797 1678 1835 tempus
1713 1788 1802 1822 aliud

1051 1841 1208 1888 protelari.
1253 1840 1419 1875 Caeterum
1454 1839 1575 1874 clericis
1613 1846 1642 1873 et
1680 1837 1805 1871 itineris

1051 1891 1269 1934 difficultates,
1303 1897 1333 1924 et
1359 1901 1465 1923 rerum
1504 1887 1598 1933 longa
1637 1886 1806 1933 dispendia

1053 1939 1345 1987 praetendentibus,
1369 1951 1426 1972 nec
1448 1937 1606 1984 longiores
1629 1948 1721 1983 posse
1742 1947 1808 1970 mo-

1053 2002 1101 2024 ras
1144 1989 1205 2036 pati
1248 1987 1474 2022 instantissime
1515 1985 1806 2033 proclamantibus,

1052 2039 1153 2073 visum
1176 2046 1222 2072 est
1244 2037 1393 2071 fratribus
1415 2035 1530 2070 nostris
1553 2043 1614 2069 tam
1633 2034 1805 2080 episcopis,

1053 2100 1147 2134 quam
1182 2095 1214 2121 et
1252 2094 1376 2121 nostrae
1410 2084 1611 2132 Apostolicae
1644 2083 1807 2117 Ecclesiae

1054 2135 1278 2174 cardinalibus,
1302 2143 1336 2169 ut
1353 2134 1601 2169 Tricastinorum
1620 2132 1807 2167 clericorum

1054 2185 1300 2220 satisfactionem
1323 2184 1485 2228 suscipere
1507 2182 1706 2216 deberemus.
1729 2181 1808 2215 Tres

1056 2235 1161 2281 itaque
1182 2233 1376 2268 Tricastinae
1402 2232 1563 2266 Ecclesiae
1588 2231 1691 2265 clerici
1713 2242 1809 2276 super

1056 2283 1226 2328 Evangelia
1247 2289 1446 2317 sacrosancta
1469 2281 1622 2323 iurarunt,
1645 2291 1678 2313 se
1693 2279 1809 2314 vidisse

1056 2340 1086 2367 et
1127 2333 1240 2378 legisse
1278 2331 1414 2365 Romani
1459 2329 1622 2364 Pontificis
1663 2327 1809 2374 Gregorii

1058 2381 1208 2416 bullatum
1228 2380 1439 2427 privilegium,
1458 2378 1621 2413 Bonisacio
1632 2377 1808 2412 Tricastiuo

1057 2432 1206 2477 episeopo
1228 2429 1426 2469 attributum,
1454 2440 1510 2474 per
1528 2427 1612 2474 quod
1630 2426 1809 2474 praedictae

1057 2480 1218 2515 Ecclesiae
1246 2479 1368 2513 fueraut
1399 2477 1555 2512 counitae.
1594 2476 1695 2511 Cuius
1716 2475 1810 2510 vide-
1839 2493 1841 2495 ·

1058 2530 1130 2563 licet
1152 2528 1305 2576 privilegii
1329 2535 1468 2562 tenorem
1488 2533 1616 2560 secutus
1638 2538 1663 2560 s.
1687 2537 1810 2559 memo-

1058 2579 1120 2614 riae
1171 2578 1315 2612 Pontit'ex
1364 2575 1543 2612 Alexander
1583 2575 1612 2610 Π
1654 2574 1809 2623 praefatas

1883 1544 2016 1564 Tricastinae

1831 1571 1941 1592 Ecclesiae
1969 1572 2015 1590 iura

1846 1598 1872 1618 ab
1902 1598 2002 1622 episcopo

1832 1624 1922 1650 prolata.

1870 2179 1965 2206 Gregorii
1979 2178 2021 2199 FP.

1838 2207 1971 2237 privilegium
1995 2205 2021 2226 de

1836 2239 1921 2258 unione,
