2180 3205
22 313 70 342 Αη.
90 313 118 340 C.
137 312 203 341 1105

857 313 1032 335 PASCHAUS
1054 313 1078 335 lt
1102 313 1148 334 ΙΨ.

232 373 294 401 tcm
308 365 411 410 sitam,
427 365 499 401 item
513 364 678 401 ecclesiam
694 364 801 401 Sancti
818 366 981 402 Michaelis
1026 373 1177 414 potestate
1200 367 1384 407 subsistunt,
1404 367 1501 404 libera
1524 368 1597 413 sint,
1621 378 1650 405 et
1669 371 1774 406 omnis

233 414 312 449 insra
336 415 479 449 camdem
507 415 674 454 civitatem,
710 416 782 450 item
814 415 979 450 ecclesiam

231 464 338 499 Sancti
359 463 520 499 Michaelis
543 464 573 498 in
599 465 667 498 loco
705 464 757 511 qni
779 464 894 498 dicitur
915 465 979 499 Tc-

231 513 324 557 liore,
351 512 503 560 capellam
532 514 638 548 Sancti
661 513 823 547 Michaelis
849 513 888 548 de
914 513 979 548 Co-

230 562 381 597 turlione:
411 562 441 596 in
465 563 647 609 episcopatu
670 562 892 597 Metamoccnsi
917 575 980 597 mo-

228 611 402 646 nasterium
424 611 532 646 Sancti
556 611 713 658 Cipi-iani:
743 611 772 645 in
795 611 977 658 episcopatu

227 660 408 695 Tarvisiano
442 660 606 695 ecclesiam
640 659 774 694 Sanctae
798 660 914 695 Elenae
946 662 976 695 in

227 709 297 744 loco
331 710 384 756 qui
412 710 528 744 dicitur
557 710 713 744 Tassaria.
741 709 885 743 Mantuae
916 709 977 744 lio-

226 758 369 804 spitalem
397 758 526 793 domum
555 758 675 793 noviter
695 769 711 792 a
731 758 887 793 comitissa
909 759 976 793 Ma-

227 807 324 842 tbilda
348 815 573 848 constructam,
597 815 627 842 et
651 806 741 841 vobis
758 808 975 850 commissam,

226 868 298 891 cum
314 856 431 903 capella
447 864 477 891 et
491 856 641 891 omnibus
656 856 720 891 suis
735 856 974 902 pertinentibus:

225 905 299 940 item
334 906 365 940 in
393 905 493 952 burgo
520 905 626 940 Sancti
662 905 824 940 Benedicti
856 906 975 953 baptis-

226 954 339 990 malem
375 955 539 990 ecclesiam
573 954 678 990 Sancti
707 955 866 999 Floriani,
900 956 972 990 item

225 1004 391 1039 ecclesiam
429 1003 536 1039 Sancti
571 1003 635 1039 Siri
671 1004 702 1038 in
733 1003 834 1039 insula
867 1004 973 1040 Sancti

226 1052 390 1088 Benedicti
410 1053 519 1088 sitam:
548 1053 621 1088 item
638 1053 855 1100 baptismalem
877 1054 975 1089 eccle-

225 1102 302 1136 siam
337 1102 443 1137 Sancti
470 1102 566 1137 Marci
607 1103 637 1137 in
671 1102 740 1138 loco
775 1103 829 1150 qui
860 1103 975 1138 dicitur

225 1150 351 1191 Villnla,
374 1164 445 1186 cum
468 1151 601 1186 decimis
633 1160 663 1187 et
699 1152 789 1187 terris
816 1152 874 1186 sibi
903 1165 975 1199 per-

225 1200 413 1236 tinentibus:
443 1201 516 1235 item
553 1200 583 1235 in
620 1200 718 1247 burgo
741 1201 845 1236 Sancti
868 1201 974 1237 Bene-

226 1249 300 1284 dicti
315 1250 399 1297 apud
412 1249 607 1296 Gonzagam,
621 1262 693 1285 cum
706 1251 824 1297 capella
840 1250 974 1286 Sanctae

223 1297 340 1334 Mariae
365 1300 442 1334 intra
469 1307 606 1334 castrum
630 1311 701 1334 cum
729 1300 820 1335 terris
841 1308 871 1334 et
892 1300 974 1335 dcci-

224 1348 285 1383 ntis
311 1348 454 1383 eiusdem
492 1348 603 1389 villae,
637 1360 715 1395 quas
749 1361 848 1396 usque
880 1349 973 1384 bodie

224 1397 308 1432 idem
325 1397 550 1432 monasterium
570 1398 730 1444 possidere
744 1397 876 1439 videtur,
889 1398 973 1433 salvo

224 1446 291 1481 iure
335 1446 577 1493 obedientiaque
610 1446 778 1492 Regiensis
814 1447 970 1494 episcopi:

224 1496 376 1543 capellam
399 1495 506 1531 Sancti
530 1495 608 1530 Sixti
633 1495 663 1530 in
686 1495 754 1531 loco
781 1497 833 1543 qui
860 1496 974 1532 dicitur

223 1544 354 1580 Lectum
384 1545 595 1580 paludanum:
625 1545 655 1579 in
674 1553 775 1580 castro
798 1545 913 1580 Ariano
928 1558 973 1581 ec·

223 1593 350 1629 clcsiam
373 1594 480 1629 Sancti
507 1594 667 1639 Prosperi,
703 1595 774 1629 item
800 1595 973 1642 baptisma-

224 1642 285 1678 lem
312 1643 476 1678 ecclesiam
505 1642 538 1678 S.
570 1642 679 1678 Vitatis
711 1656 782 1678 cum
806 1645 972 1680 medietate

223 1692 416 1727 decimarum
440 1701 472 1727 et
496 1692 626 1727 aliarum
652 1705 755 1727 rerum
783 1693 841 1728 sibi
877 1695 973 1740 perti-

223 1742 383 1787 nentium⁷
411 1742 484 1776 item
499 1742 665 1776 ecclesiam
685 1741 790 1777 Sancti
809 1743 972 1789 Domnini,

224 1791 389 1826 ecclesiam
417 1791 524 1826 Sancti
552 1791 716 1838 Prosperi,
751 1800 780 1826 et
807 1793 970 1827 ecclesiam

223 1839 330 1874 Sancti
369 1839 529 1886 Gregorii:
559 1840 589 1874 in
617 1841 800 1887 episcopatu
836 1841 970 1877 Luceusi

225 1890 450 1924 monasterium
473 1889 579 1923 Sancti
599 1889 723 1924 Martini
744 1891 772 1924 in
792 1889 881 1925 Colle
900 1904 970 1925 cum

224 1937 348 1973 duabus
370 1938 511 1973 ecclesiis
533 1938 591 1973 sibi
615 1939 862 1986 pcrtinentibus,
892 1940 972 1975 vidc-

225 1987 296 2021 licet
317 1987 450 2022 Sanctae
472 1987 587 2023 Mariae
615 1989 643 2021 in
671 1988 741 2023 loco
780 1989 831 2035 qni
860 1989 972 2024 dicitur

223 2035 401 2077 Turrilum,
423 2045 453 2071 et
479 2036 586 2071 Sancti
618 2036 789 2072 Salvatoris
811 2039 893 2072 iuxta
917 2051 972 2073 ca-

223 2093 322 2120 strum
344 2085 562 2127 Vivenarium;
582 2087 655 2121 item
677 2087 840 2121 ecclesiam
864 2087 970 2122 Sancti

222 2134 454 2169 Bartliolomaei
490 2135 572 2170 iuxta
603 2136 757 2170 civitatem
782 2136 970 2171 Lucensem.

223 2183 309 2218 Haec
335 2192 365 2218 et
391 2191 512 2219 caetera
546 2184 612 2219 loca
641 2185 688 2219 vel
723 2185 861 2232 praedia,
890 2198 970 2232 quae

224 2241 327 2267 vestro
353 2233 506 2268 coenobio
534 2234 593 2268 iam
617 2233 729 2268 donata
757 2243 841 2278 sunt,
870 2236 917 2269 vel
940 2236 969 2269 in

225 2281 366 2316 futurum
387 2282 456 2317 Deo
485 2282 651 2317 miserante
673 2284 753 2317 iuste
781 2295 816 2318 ac
843 2285 969 2318 rationa

224 2329 327 2365 biliter
347 2330 456 2366 donari
485 2332 662 2377 contigerit,
690 2332 777 2365 firma
800 2332 887 2366 vobis
912 2344 970 2366 ve-

224 2380 361 2426 strisque
383 2380 619 2415 successoribus
641 2389 669 2415 et
696 2381 810 2415 illibata
847 2394 970 2428 perma—

1656 306 1724 338 237

1021 416 1175 451 exutionis
1205 418 1364 452 immunia.
1394 418 1459 453 Nec
1485 419 1635 454 cellarum
1660 429 1773 455 vestra-

1021 477 1089 499 rum
1132 465 1261 500 ubilibet
1294 468 1463 513 positarum
1492 468 1602 504 fratres
1639 469 1771 503 interdi-

1020 514 1134 553 ctione,
1169 515 1213 548 vel
1238 517 1564 552 excommunicatione
1602 519 1768 564 parochiae

1020 563 1196 597 divinorum
1226 564 1400 599 officiorum
1437 567 1677 612 suspensionem
1711 581 1769 614 pa-

1020 613 1152 653 tiantur;
1185 613 1239 647 sed
1277 622 1337 648 tam
1379 615 1523 648 monaclii
1554 616 1631 662 ipsi,
1672 629 1765 663 quam

1020 661 1124 696 famuli
1148 674 1269 702 eorum,
1291 671 1320 696 et
1342 663 1394 709 qui
1423 676 1456 697 se
1479 665 1670 699 monasticae
1695 679 1768 711 pro-

1020 710 1144 745 fessioni
1181 711 1391 753 devoverunt,
1421 712 1536 746 clausis
1562 714 1766 750 ecclesiarum

1019 760 1132 801 ianuis,
1160 772 1221 795 non
1241 761 1385 795 admissis
1407 761 1614 805 dioecesanis,
1643 763 1766 799 divinae

1017 809 1176 843 servitutis
1203 810 1301 844 officia
1325 810 1503 853 celebrent,
1531 819 1562 846 et
1588 812 1767 859 sepulturae

1017 857 1121 893 debita
1138 867 1296 905 peragant.
1320 859 1535 895 Concedimus
1557 861 1649 895 etiam
1667 862 1765 904 vobis,

1017 907 1113 942 laicos
1134 919 1189 942 seu
1217 908 1346 943 clericos
1373 910 1614 945 sacculareSaad
1637 923 1765 946 conver-

1016 957 1137 992 sionem
1167 970 1223 1004 per
1246 958 1311 993 loca
1340 967 1439 993 vestra
1467 960 1639 1006 suscipere,
1666 961 1766 995 etdo-

1017 1006 1237 1042 minicatorum
1261 1015 1434 1042 vestrorum
1459 1008 1596 1043 decimas
1611 1009 1763 1045 obtinere.

1015 1054 1047 1090 Si
1082 1056 1156 1102 quid
1194 1065 1351 1102 praeterea
1384 1057 1544 1093 Matltildis
1578 1059 1765 1095 venerabilis

1015 1105 1172 1140 comitissa
1195 1105 1323 1153 deipsis
1346 1106 1452 1151 rebus,
1474 1120 1553 1154 quas
1567 1120 1623 1155 per
1636 1108 1761 1144 beatum

1015 1153 1143 1189 Petrum
1169 1155 1325 1201 possidet,
1359 1165 1460 1191 vestro
1494 1157 1683 1192 monasterio
1705 1158 1765 1193 de-

1014 1203 1111 1248 derit,
1140 1204 1222 1238 salva
1251 1204 1414 1240 Romanae
1440 1205 1599 1240 Ecclesiae
1623 1208 1764 1254 proprie-

1015 1259 1088 1293 tate,
1111 1253 1326 1288 concedimus.
1354 1254 1466 1289 Missas
1493 1267 1568 1290 sane
1599 1256 1629 1290 in
1660 1265 1761 1292 vestro

1014 1302 1167 1337 coenobio
1206 1303 1346 1349 publicas
1382 1316 1436 1351 per
1470 1305 1654 1352 episcopum
1692 1305 1757 1340 fieri

1014 1351 1099 1385 omni
1125 1351 1219 1386 modo
1243 1352 1458 1399 probibemus,
1487 1366 1524 1388 ne
1547 1354 1577 1388 in
1600 1367 1761 1390 servorum

998 1399 1071 1433 ⁴Dei
1100 1401 1287 1446 recessibus,
1311 1402 1516 1449 popularibus
1531 1404 1652 1438 occasio
1677 1417 1763 1451 prae-

1015 1448 1124 1484 beatur
1166 1451 1225 1485 ulla
1266 1451 1483 1486 conventibus.
1523 1451 1669 1487 Obeunte
1709 1461 1760 1495 te,

1016 1511 1100 1533 nunc
1127 1500 1195 1534 eius
1220 1499 1279 1535 loci
1307 1500 1433 1541 abbate,
1456 1501 1551 1537 abbas
1573 1514 1587 1536 a
1612 1502 1760 1539 fratribus

1013 1559 1083 1582 cum
1106 1561 1263 1584 consensu
1285 1557 1315 1584 et
1337 1550 1519 1585 auctoritate
1541 1550 1762 1588 Cluniacensis

1013 1596 1134 1632 abbatis
1162 1599 1344 1644 regulariter
1378 1599 1520 1646 eligatur.
1565 1601 1693 1636 Electus
1724 1603 1762 1637 ab

1013 1647 1163 1694 episcopo
1185 1649 1367 1689 Mantuano,
1390 1649 1413 1683 si
1437 1650 1607 1685 canonicus
1629 1651 1761 1686 catholi-

1013 1707 1068 1730 cus
1084 1696 1187 1740 fuerit,
1210 1698 1277 1732 sine
1292 1698 1397 1733 oneris
1410 1700 1583 1740 exactione,
1607 1701 1761 1746 muneris,

1013 1754 1065 1779 aut
1092 1747 1221 1791 servitii,
1247 1756 1298 1782 aut
1327 1748 1530 1795 usurpatione
1551 1749 1760 1788 conditionis,

1014 1794 1234 1837 benedicatur,
1262 1796 1327 1831 sive
1353 1797 1431 1832 alias
1460 1797 1640 1833 Romanum
1670 1812 1761 1846 prae-

1013 1844 1113 1878 sulem
1141 1853 1305 1892 expectet,
1339 1848 1582 1882 consecrandus.
1617 1847 1759 1883 Clericos

1014 1896 1194 1929 monasterii
1208 1895 1276 1930 sine
1287 1896 1494 1942 possessionis
1510 1897 1555 1931 vel
1568 1897 1758 1933 conditionis

1012 1944 1175 1978 exactione
1201 1944 1368 1979 cuiuslibet
1400 1955 1513 1992 sponte
1546 1955 1576 1982 et
1607 1947 1759 1988 libenter,

1012 1991 1051 2026 ab
1072 1992 1183 2028 abbate
1205 1993 1362 2034 invitatus,
1386 1995 1519 2029 ordinet.
1556 1995 1700 2030 Oratoria
1722 1996 1760 2030 ab

1012 2043 1056 2075 eis
1083 2042 1113 2076 in
1146 2043 1221 2077 locis
1242 2051 1443 2084 constructa,
1472 2044 1522 2078 ubi
1551 2045 1680 2080 evidens
1703 2057 1760 2080 ne-

1012 2092 1140 2125 cessitas
1164 2094 1351 2139 poposcerit,
1371 2094 1466 2139 gratis
1487 2102 1660 2129 consecret.
1685 2094 1758 2130 Cri-

1012 2139 1222 2179 sma,Oleum
1246 2151 1388 2176 sanctum
1412 2143 1603 2177 monasterio
1627 2143 1672 2178 vel
1691 2144 1759 2178 eius

1013 2195 1152 2228 ecclesiis
1179 2194 1417 2241 baptismalibus
1452 2204 1566 2242 sponte
1589 2196 1759 2243 indulgeat.

1012 2247 1167 2282 Abbatem
1197 2249 1242 2283 vel
1266 2249 1438 2283 monachos
1464 2251 1760 2295 excommunicare,

1013 2301 1088 2346 ipsis
1115 2302 1161 2334 vel
1186 2302 1244 2348 ipsi
1268 2302 1422 2336 coenobio
1446 2302 1676 2338 interdictionis
1689 2317 1759 2339 sen-

1013 2356 1140 2388 lGnliffll]
1173 2355 1291 2401 absque
1325 2364 1429 2390 ssOSU'il
1458 2356 1504 2390 Vel
1537 2369 1757 2393 successorum

1795 325 1844 352 Αιι.
1864 325 1892 352 C.
1911 325 1979 353 1¹05

1794 864 1893 885 Facuttas
1912 865 1978 886 dandi

1793 891 1893 912 habitum
1914 892 1979 912 clf-ri—

1793 918 1826 939 cis
1839 921 1862 939 et
1876 919 1947 939 taicts.

1821 1258 1928 1285 Episcopo
1951 1265 1978 1280 ne

1792 1285 1887 1306 liceatin
1904 1291 1978 1306 mona-

1793 1313 1859 1333 sterio
1870 1313 1976 1333 s⁰¹emuta

1792 1343 1905 1365 peragere.

1836 1453 1906 1475 Abbas
1914 1454 1979 1479 eliga-

1793 1482 1829 1500 tur
1843 1486 1854 1500 a
1865 1481 1979 1501 monachis

1792 1508 1882 1532 praevio
1927 1513 1978 1528 con-

1792 1539 1859 1554 sensu
1895 1534 1979 1554 abbatis

1791 1560 1950 1582 cluniacensis.

1821 1650 1836 1670 Α
1860 1650 1880 1670 Μ
1887 1653 1978 1670 «ntuano

1792 1679 1868 1696 tamen
1875 1678 1978 1702 episcopo

1791 1705 1927 1724 consecranti
1931 1710 1964 1728 us;

1792 1844 1834 1869 Qui
1845 1845 1935 1866 ordines
1944 1851 1977 1866 sa-

1791 1877 1842 1892 cros
1865 1872 1977 1893 monacbis

1791 1899 1863 1919 conset
1870 1902 1899 1922 εἰς
1908 1903 1977 1919 caete-

1790 1931 1857 1951 raque
1877 1929 1978 1946 exerceat

1790 1957 1851 1972 sacra
1876 1953 1977 1972 ministe-

1791 1979 1837 2003 ria.
1860 1979 1877 1999 si
1902 1982 1974 1999 tamen

1790 2006 1911 2026 catholicus
1933 2006 1976 2030 sit:

1790 2034 1812 2052 et
1859 2033 1975 2057 pecuniam

1790 2063 1830 2083 pro
1840 2059 1874 2078 his
1885 2064 1927 2079 non
1942 2064 1974 2079 re-

1789 2085 1872 2110 quirat.
1887 2088 1909 2105 et
1927 2086 1976 2105 data

1790 2112 1831 2131 sibi
1844 2117 1886 2131 non
1898 2112 1977 2131 abuta-

1790 2141 1826 2158 tur
1837 2139 1975 2159 auctoritate.

29 2444 153 2473 Decretum,
170 2453 198 2469 ne

19 2470 41 2492 tn
68 2473 198 2497 prioratibus

17 2495 103 2520 abbates
116 2500 197 2527 eligan-

17 2526 65 2554 turg
79 2526 112 2546 vel
127 2527 197 2548 Eccle-

18 2554 61 2571 me
87 2554 196 2574 exactioni

17 2576 64 2601 nm.
73 2581 111 2598 aut
121 2579 198 2601 tratres

17 2602 108 2625 ubilibet
121 2611 197 2627 censu-

16 2628 48 2678 tris
76 2630 198 2654 subiician-

224 2436 328 2463 neant.
350 2428 399 2463 Ad
423 2429 499 2464 baec
520 2429 697 2470 adiicimus,
721 2437 753 2464 ut
773 2431 801 2464 in
825 2430 970 2465 omnibns
989 2415 993 2494 Ι
1013 2417 1190 2467 ”Quorum
1211 2409 1332 2468 hcem'ii
1352 2421 1412 2444 non
1441 2419 1618 2469 praesumit
1635 2411 1760 2447 'nferre‘

225 2477 414 2525 prioratibus
441 2486 471 2513 et
503 2478 608 2519 cellis,
640 2491 720 2525 quae
757 2486 858 2513 vestro
886 2492 969 2514 nunc
989 2497 993 2529 ¹
1011 2461 1043 2522 δ’
1079 2470 1181 2520 funem
1215 2474 1387 2521 ‚canomfflfs
1424 2471 1455 2518 ⁶².
1476 2463 1664 2522 ,efflimhcus
1697 2477 1760 2523 ⁰⁰,n

225 2527 367 2573 regimini
406 2527 544 2562 suffecta
571 2535 654 2567 sum,
690 2527 797 2562 nunus
831 2541 968 2576 unquam
1012 2518 1117 2558 luerit,
1136 2515 1183 2549 vel
1197 2528 1221 2549 st
1237 2516 1315 2574 ultra
1330 2515 1458 2575 aliquod
1475 2516 1616 2577 illicitum
1637 2529 1693 2565 pro
1713 2517 1761 2553 bis

226 2575 338 2611 suturis
354 2576 550 2623 temporibus
564 2576 707 2612 abbatem
723 2578 868 2612 ordinare
885 2590 970 2625 prae·
1013 2580 1163 2615 usurpare
1183 2568 1325 2610 VOlUssffla
1348 2569 1438 2604 hoefll
1459 2570 1577 2629 abbqtla
1600 2583 1693 2618 quem
1710 2584 1762 2607 VO·

225 2633 340 2659 sumat.
367 2624 488 2660 Omnes
514 2635 616 2660 antem
643 2625 812 2671 ecclesiae,
838 2639 894 2661 seu
917 2639 971 2661 ca·
1013 2623 1113 2666 luerit,
1129 2623 1315 2657 catholicum
1331 2624 1415 2657 adire
1431 2625 1763 2672 atllistttem,elquae-

226 2674 343 2720 pellae,
377 2674 424 2709 vel
458 2677 664 2720 caemeteria,
691 2687 770 2722 quae
804 2677 836 2711 in
870 2684 969 2711 vestra
989 2693 994 2723 1
1012 2679 1464 2726 cumquenecessitasexpetit,
1478 2678 1595 2726 abipso
1607 2679 1759 2730 recipere.
