2180 3205
39 256 87 284 Λη.
108 255 137 283 C.
155 255 221 282 ¹¹22

289 311 548 351 metropolitanos;
566 329 605 335 —
621 312 718 344 Donec
738 318 833 343 tamen
854 313 881 342 in
901 313 1004 352 pristi-

287 360 358 420 nu'm
378 356 487 382 statum
511 353 691 391 redigantur.
717 371 756 376 —
783 353 891 383 Solitae
924 352 1004 382 clan-

289 399 325 420 su
341 400 386 421 ae.

247 455 351 486 Galixtus
366 457 574 496 episcopusservus
591 468 708 488 servoruiii
729 458 780 496 Dei,
794 457 919 487 tenorahili
941 457 1003 486 tratri

288 499 406 530 Bernardo
435 501 548 531 Toletano
580 503 680 541 primati,
710 502 805 539 eiusque
835 501 1003 531 successoribus

287 545 398 574 eanonIce
420 544 595 581 substituendis,
612 546 633 574 in
656 550 803 584 perpetuum.

64 609 189 631 ssmfflffiffl·
295 609 468 658 Postquam
485 623 641 658 supernae
664 611 875 646 miserationis
896 611 1000 657 digna

247 658 290 694 tio
313 660 469 706 insignem
497 659 670 714 quondam,
694 668 723 695 et
739 661 819 694 intei
837 660 1001 706 Hispania-

245 720 315 743 rum
356 709 447 744 urbes
491 721 597 755 magni
636 709 796 752 nominis,
840 709 997 744 civitatem

243 757 441 802 Toletanam,
465 758 571 796 studio
588 767 617 793 et
637 758 743 793 labore
765 758 920 804 gloriosae
937 770 999 793 me-

245 807 363 842 moriae
398 807 481 853 regis
507 807 656 842 Ildefonsi
692 807 732 842 de
766 807 996 842 Saracenorum

243 856 645 903 tyrannideliberaverunt,
667 856 784 891 domini
808 857 997 903 praedeces-

243 917 330 940 sores
356 906 454 941 nostri
484 915 611 941 sanetae
639 905 864 940 recordationis
890 905 996 941 Urba-

242 967 314 999 nus,
348 963 378 989 et
418 955 590 996 Pasclialis,
634 955 795 995 Ecclesiae
834 954 996 990 Romanae

241 1002 424 1045 Pontifices,
441 1004 581 1039 eiusdem
595 1004 728 1039 civitatis
742 1003 913 1038 Ecclesiam
930 1005 997 1050 pri-

241 1053 344 1088 stinae
356 1054 547 1088 studuerunt
569 1054 732 1088 restituere
753 1053 908 1099 dignitati.
926 1053 996 1088 Un-

241 1101 293 1147 de,
324 1103 585 1138 reterendissiine
621 1103 715 1138 frater
741 1111 770 1137 et
807 1103 994 1149 coepiscope

240 1150 412 1192 Bernarde,
441 1151 570 1200 pallium
595 1151 662 1195 tibi,
688 1151 879 1199 pontificalis
905 1152 994 1186 iide-

241 1199 315 1235 licet
336 1201 429 1235 officii
459 1201 701 1248 plenitudinem
729 1201 939 1241 conserentes,
962 1201 992 1235 iu

239 1250 314 1284 totis
358 1249 584 1297 Hispaniarum
624 1250 729 1295 regnis
768 1252 935 1296 primatem
965 1259 992 1285 te

239 1299 476 1346 privilegiorum
517 1311 645 1334 suornm
687 1299 902 1333 sanctionibus
928 1307 993 1333 sta-—

243 1356 391 1382 luerunt:
419 1349 498 1383 sicut
521 1348 781 1395 praedecessores
803 1356 874 1382 tuos
901 1360 993 1395 prae-

156 1403 170 1423 t*
242 1397 344 1432 dictae
369 1397 457 1432 urbis
482 1397 655 1432 Pontifices
676 1405 797 1432 constat
818 1397 992 1443 antiquitus

239 1446 396 1481 extitisse:
410 1459 546 1502 qnorum
570 1447 715 1480 nimirum
731 1454 854 1501 patrum
873 1454 993 1481 nostro—

240 1507 309 1530 rum
330 1496 470 1542 vestigiis
500 1496 690 1540 insistentes,
717 1504 778 1530 tani
802 1495 874 1538 tuis,
896 1508 989 1542 quam

239 1552 270 1579 et
299 1545 554 1579 reverendissimi
578 1546 701 1591 nepotis
723 1545 818 1579 nostri
842 1544 991 1579 Ildesonsi

240 1594 324 1640 regis
351 1594 510 1641 precibus,
544 1594 693 1628 duximus
714 1593 933 1632 annuendum,
958 1602 992 1628 ut

239 1643 373 1678 authore
400 1642 550 1687 Domino,
585 1643 732 1678 eumdem
769 1643 835 1683 tibi,
866 1643 991 1690 tuisque

238 1692 477 1727 successoribus
504 1693 668 1733 honorem,
696 1701 726 1727 et
748 1705 802 1739 per
826 1705 880 1726 ros
902 1692 993 1727 Tole-

239 1748 329 1776 tanae
361 1741 522 1777 Ecclesiae
549 1742 786 1776 confirmemus.
809 1742 990 1796 Apostoliea

239 1790 334 1837 igitur
354 1791 537 1825 auctoritate
568 1792 747 1835 statuimus,
776 1798 809 1825 ut
831 1803 885 1837 per
912 1791 991 1825 uni-

238 1851 326 1874 versa
349 1839 577 1889 Hispaniarum
601 1852 696 1886 regna
719 1840 874 1887 primatus
908 1840 991 1874 obti-

238 1901 314 1924 neas
341 1884 536 1935 dignitatem.
570 1889 688 1924 Verum
711 1901 882 1944 personam
906 1897 990 1923 tuam

238 1937 269 1972 in
310 1950 405 1973 manu
430 1948 536 1973 nostra
571 1939 766 1985 propensiori
791 1939 887 1984 gratia
916 1939 992 1972 reti-

241 1994 364 2028 nentes,
385 1999 566 2028 censemus
586 1997 619 2022 ut
642 1988 739 2022 solius
761 1974 894 2022 Romani
910 1987 993 2022 Pon

240 2037 332 2071 tificis
359 2036 476 2071 iudicio
507 2037 576 2071 eius
603 2049 708 2075 caiisa,
744 2037 768 2071 si
792 2049 851 2083 qua
887 2036 989 2076 fuerit,

238 2085 412 2120 decidatur.
437 2085 481 2120 Te
495 2086 596 2132 itaque
612 2086 746 2120 universi
767 2085 991 2132 Hispaniarum

240 2135 402 2182 praesules
425 2136 589 2181 primatem
613 2135 799 2180 respicieiit;
827 2143 856 2169 et
883 2135 920 2168 ad
951 2143 990 2175 te,

238 2184 263 2218 si
292 2183 368 2230 quid
390 2184 472 2218 inter
493 2196 548 2218 eos
575 2185 759 2230 quaestione
782 2184 913 2229 dignum
937 2196 992 2218 ex-

241 2240 345 2267 ortum
385 2231 490 2276 fuerit,
518 2233 669 2266 referent:
703 2232 785 2266 salva
824 2240 926 2265 taimen
960 2233 990 2265 in

238 2281 387 2316 omnibus
407 2281 570 2315 Romanae
601 2281 762 2315 Ecclesiae
797 2282 991 2323 anctoritate,

239 2339 269 2365 et
290 2330 384 2365 salvis
407 2330 719 2376 metropolitanorum
741 2330 911 2376 privilegiis
925 2330 992 2363 sin-

238 2379 394 2426 gulorum.
417 2378 500 2413 Sane
515 2379 698 2413 Toletanaiii
718 2378 890 2412 Ecclesiam
909 2391 992 2425 prae-

240 2429 340 2464 sentis
354 2429 507 2475 privilegii
524 2428 689 2462 stabilitate
707 2428 879 2466 munimus,
895 2428 993 2461 Com-

239 2477 419 2525 pltitensem
452 2478 480 2511 ei
522 2477 702 2523 parochiam
737 2489 809 2511 ctini
851 2477 993 2510 terminis

239 2528 318 2566 suis,
350 2538 474 2560 necnon
502 2534 531 2560 et
566 2526 716 2559 ecclesias
751 2538 872 2564 omnes,
899 2534 992 2572 atque

241 2576 414 2618 dioeceses,
449 2587 526 2622 qiias
563 2576 629 2608 iiii-e
663 2575 788 2621 proprio
821 2576 994 2620 antiquitus

241 2626 422 2673 possedisse
444 2634 655 2671 cognoscitur,
673 2627 912 2659 continuantes:
931 2624 995 2671 epi·

61 901 165 923 Toletum
178 901 219 922 Ee-

35 928 99 950 eiai-
113 930 151 954 ρει·
165 928 220 948 nde·

37 954 123 976 rausum
144 959 218 980 regem

37 982 64 1003 fle
72 981 173 1002 inanibus
182 982 219 1002 sa-

37 1013 164 1030 nctuarum
173 1008 220 1028 vin-

36 1035 104 1056 dicata
122 1041 134 1056 a
152 1035 219 1055 Sum-

38 1061 80 1083 mis
106 1061 220 1088 igonufici-

37 1087 78 1109 bus
115 1089 220 1114 pristinae

37 1115 120 1136 nauita
150 1115 219 1141 digni-

64 1492 80 1513 Δ
90 1491 173 1513 salino
180 1491 219 1512 PP.

37 1519 131 1545 antiquis
151 1519 220 1539 dona-

38 1547 74 1566 mr
91 1545 218 1572 priviiegtis.

129 1676 148 1691 fl

63 1756 118 1778 Cum
125 1757 220 1778 datan-

40 1783 98 1804 tione
111 1784 166 1805 iuris
174 1785 220 1810 pri-

39 1810 138 1831 muniis.

61 2376 222 2400 confirmantur

40 2403 110 2425 daem
137 2405 221 2431 antiqui

43 2431 138 2456 nemini,
152 2437 190 2452 ece
199 2438 222 2452 ο·

41 2457 128 2504 ἓᾶῗιυε
150 2459 222 2480 subie-

874 259 911 282 CA
917 260 945 282 Li
952 259 1031 281 XTL’S
1053 259 1076 281 11
1100 259 1148 281 ΡΡ.

1677 247 1745 280 327

1046 312 1189 359 scopales
1212 320 1368 359 praeterea
1391 313 1483 348 sedes
1509 313 1658 354 ovetum,
1683 313 1796 360 Legio-

1047 374 1130 401 nem,
1144 361 1314 396 Palentiain
1327 363 1428 397 eidem
1443 362 1611 398 Toletanae
1624 362 1795 408 Ecclesiae,

1045 418 1205 457 tamquam
1231 412 1407 459 metropoli,
1431 412 1573 447 subditas
1594 424 1664 446 esse
1685 412 1797 448 decer-

1046 460 1166 494 nimus:
1197 459 1332 507 reliquas
1356 473 1445 505 vero,
1481 473 1562 509 quae
1595 461 1733 508 antiquis
1765 463 1793 497 ei

1045 509 1238 555 temporibus
1275 509 1497 554 subiacebant,
1530 522 1600 545 eum
1637 510 1795 546 Dominus

1043 559 1243 604 omnipotens
1265 558 1506 593 christianorum
1536 560 1707 594 restituerit
1729 572 1794 607 po·—

1042 607 1157 647 testati,
1180 618 1255 641 suae
1279 607 1461 653 dignatione
1477 608 1722 653 misericordiae,
1753 610 1793 644 ad

1041 664 1134 703 caput
1157 656 1319 703 proprium
1343 656 1522 692 referendas
1549 657 1665 692 decreti
1694 658 1788 694 liuius

1039 705 1227 740 authoritate
1250 705 1420 741 sancimus.
1449 706 1547 741 Porro
1565 706 1687 742 illarum
1701 707 1791 743 dioe-

1040 766 1128 789 ceses
1159 754 1333 795 civitatum,
1361 767 1452 801 quae,
1480 755 1663 791 Sarracenis
1697 757 1793 792 inva-

1039 803 1199 848 dentibus,
1221 804 1481 850 metropolitanos
1505 806 1648 851 proprios
1675 806 1792 842 amise-

1039 862 1122 894 runt,
1138 865 1175 888 eo
1191 861 1299 888 tenore
1318 861 1438 888 vestrae
1457 853 1646 889 subiicimns
1665 854 1790 897 ditioni,

1038 910 1070 936 ut
1093 902 1197 949 quoad
1224 903 1292 937 sine
1320 903 1455 950 propriis
1485 903 1644 938 extiterint
1671 912 1791 939 metro-

1038 951 1195 1005 politanis,
1218 951 1286 993 tibi,
1316 959 1349 986 ut
1371 953 1510 1000 proprio,
1544 952 1679 988 debeant
1710 953 1789 988 sub-

1037 1001 1152 1036 iacere:
1188 1000 1274 1035 salio
1304 1009 1412 1036 tenore
1446 1002 1623 1048 privilegii,
1650 1002 1735 1048 quod
1772 1015 1788 1037 a

1037 1050 1128 1085 nobis
1149 1049 1426 1097 Compostellanae
1454 1051 1612 1086 Ecclesiae
1638 1051 1787 1086 Pontifici

1035 1106 1082 1133 est
1103 1099 1264 1134 collatum.
1284 1100 1317 1134 Si
1338 1112 1398 1146 qua
1421 1108 1526 1135 autem
1549 1100 1740 1147 metropoles
1756 1101 1787 1135 in

1035 1156 1149 1182 statum
1186 1148 1280 1182 suerit
1316 1150 1480 1196 proprium
1527 1151 1687 1193 restituta,
1730 1162 1789 1185 suo

1035 1209 1178 1244 quaeque
1202 1198 1356 1232 dioecesis
1372 1198 1612 1244 metropolitano
1635 1199 1788 1233 restitua—

1036 1254 1096 1290 tur,
1115 1254 1146 1280 ut
1160 1246 1219 1281 snb
1239 1247 1355 1293 proprii
1373 1248 1505 1294 pastoris
1522 1248 1674 1293 regimine
1689 1260 1785 1295 super

1034 1295 1130 1329 divini
1153 1296 1319 1331 collatione
1335 1296 1476 1331 beneficii
1494 1297 1654 1343 glorietur.
1671 1297 1704 1332 Si
1725 1310 1786 1344 qua

1035 1345 1132 1389 igitur
1161 1345 1191 1379 iu
1226 1344 1364 1379 futurum
1401 1346 1611 1380 ecelesiastica
1645 1348 1787 1381 saecula-

1035 1395 1115 1429 risve
1139 1406 1283 1440 persona,
1309 1395 1387 1429 lianc
1406 1403 1531 1429 nostrae
1546 1396 1783 1430 constitutionis

1035 1445 1179 1490 paginam
1203 1444 1317 1484 sciens,
1334 1454 1442 1479 contra
1458 1457 1525 1478 eain
1546 1453 1663 1479 temere
1679 1445 1784 1480 venire

1032 1493 1209 1536 tentaverit,
1225 1493 1365 1527 secundo
1389 1494 1517 1528 tertiove
1536 1494 1741 1532 commonita,
1760 1495 1784 1527 si

1033 1554 1094 1576 non
1130 1542 1343 1576 satisfactione
1382 1554 1521 1589 congrua
1555 1543 1785 1582 emendaverit,

1034 1591 1195 1638 potestatis
1222 1591 1419 1638 honorisque
1437 1592 1484 1626 sni
1509 1592 1659 1638 dignitate
1671 1600 1785 1632 careat,

1033 1652 1180 1687 reamque
1196 1652 1229 1675 se
1251 1640 1360 1675 divino
1379 1641 1495 1676 iudicio
1508 1642 1643 1676 existere
1657 1641 1697 1675 de
1712 1654 1786 1688 per-

1034 1698 1151 1735 petrata
1180 1690 1346 1736 iniquitate
1373 1699 1556 1737 cognoscat,
1579 1698 1610 1725 et
1637 1702 1652 1724 a
1676 1702 1788 1724 sacra-

1032 1739 1153 1773 tissimo
1196 1738 1338 1785 Corpore
1378 1752 1413 1774 ac
1451 1739 1614 1786 Sanguine
1660 1739 1715 1773 Dei
1757 1747 1787 1774 et

1033 1788 1160 1822 Domini
1186 1787 1410 1835 Redemptoris
1437 1788 1507 1823 [esu
1541 1788 1658 1823 Christi
1687 1788 1788 1822 aliena

1033 1837 1096 1876 fiat,
1119 1846 1213 1884 atque
1241 1838 1272 1871 in
1296 1845 1438 1872 extremo
1457 1838 1602 1872 examine
1628 1838 1788 1871 districtae

1033 1887 1141 1920 ultioni
1178 1886 1348 1921 subiaceat.
1377 1887 1510 1921 Cunctis
1545 1895 1649 1921 antem
1683 1886 1787 1920 eidem

1033 1936 1223 1970 monasterio
1247 1939 1290 1980 (l)
1318 1937 1398 1970 iusta
1432 1936 1630 1970 servantibus
1661 1936 1700 1970 sit
1729 1948 1788 1982 pax

1034 1985 1160 2019 Domini
1195 1985 1293 2019 nostri
1322 1985 1392 2019 Iesu
1421 1985 1553 2026 Christi,
1578 1993 1735 2031 quatenus
1757 1992 1787 2018 et

1033 2034 1083 2068 liic
1105 2034 1241 2068 fructum
1264 2034 1365 2068 bonae
1387 2035 1521 2068 actionis
1551 2034 1736 2080 percipiant,
1759 2041 1790 2066 et

1032 2087 1115 2134 apud
1139 2087 1317 2122 districtum
1332 2087 1471 2122 Iudicem
1488 2088 1625 2135 praemia
1644 2094 1789 2122 aeternae

1035 2142 1120 2188 pacis
1143 2142 1314 2175 inveniant.

1081 2194 1196 2228 Datum
1211 2194 1358 2235 Maiitiae,
1373 2206 1428 2241 per
1444 2206 1571 2228 manum
1588 2193 1787 2241 Chrysogoni

1033 2247 1066 2282 S.
1094 2248 1133 2282 R.
1172 2247 1209 2281 E.
1244 2248 1324 2282 diae.
1347 2249 1526 2288 cardinalis,
1553 2260 1588 2282 ac
1619 2247 1790 2281 bibliothe-

1034 2301 1121 2340 carii,
1148 2312 1187 2333 iii
1210 2312 1309 2335 nonas
1333 2302 1523 2344 novembris,
1544 2301 1713 2335 indictione
1731 2313 1789 2340 xv,

1035 2353 1259 2388 incarnationis
1274 2354 1450 2388 dominicae
1471 2366 1554 2388 anno
1569 2365 1698 2391 ueniti,
1715 2365 1792 2400 pon-

1034 2407 1169 2441 tilicatiis
1206 2415 1309 2441 autem
1337 2407 1456 2441 domini
1479 2407 1591 2441 Calixti
1627 2407 1653 2440 ll
1686 2406 1791 2453 Papae

1035 2473 1119 2495 anno
1152 2473 1197 2495 iv.

1068 2521 1128 2551 Dat.
1147 2522 1193 2551 die
1216 2522 1233 2551 3
1252 2521 1420 2551 novembris
1436 2530 1512 2550 anno
1530 2520 1646 2550 Domini
1671 2520 1754 2557 1122,

1285 2570 1389 2609 pontis.
1409 2579 1485 2598 aiiiio
1505 2577 1540 2598 tv.

1072 2635 1110 2670 (l)
1129 2636 1194 2670 Lege
1212 2638 1429 2667 metropolitanae
1446 2635 1582 2661 Ecclesiae.
1603 2634 1640 2670 (tt.
1662 2634 1701 2669 T.)

1814 243 1864 269 Λη.
1885 243 1911 269 C.
1932 243 1997 269 1122

1840 699 1926 723 timue,
1942 705 1998 724 quae

1812 727 1913 751 propitiis
1922 732 1956 746 aiii
1967 731 1999 747 se-

1814 759 1836 772 ie
1852 754 1999 778 inetmpotita-

1814 784 1863 804 nos;

1841 1079 1863 1099 D,
1874 1084 1913 1099 nec
1925 1083 1937 1099 t:
1948 1085 1997 1099 nien

1815 1106 1836 1125 in
1880 1108 1997 1131 piist=iiiiiii

1814 1136 1915 1152 stamini«
1928 1134 2000 1158 tigan-

1815 1163 1857 1179 tur.

1840 1291 1919 1312 solitae
1940 1292 2000 1312 clau-

1815 1319 1876 1338 sutae
