<?xml version="1.0" encoding="UTF-8"?>
<!DOCTYPE html PUBLIC "-//W3C//DTD XHTML 1.0 Transitional//EN"
    "http://www.w3.org/TR/xhtml1/DTD/xhtml1-transitional.dtd">
<html xmlns="http://www.w3.org/1999/xhtml" xml:lang="en" lang="en">
 <head>
  <title>
</title>
<meta http-equiv="Content-Type" content="text/html;charset=utf-8" />
  <meta name='ocr-system' content='tesseract 3.04.00' />
  <meta name='ocr-capabilities' content='ocr_page ocr_carea ocr_par ocr_line ocrx_word'/>
</head>
<body>
  <div class='ocr_page' id='page_1' title='image "./bullarumdiplomat02cath_0081.png"; bbox 0 0 2180 3205; ppageno 0'>
   <div class='ocr_carea' id='block_1_1' title="bbox 26 233 208 264">
    <p class='ocr_par' dir='ltr' id='par_1_1' title="bbox 26 233 208 264">
     <span class='ocr_line' id='line_1_1' title="bbox 26 233 208 264; baseline 0 -4"><span class='ocrx_word' id='word_1_1' title='bbox 26 234 76 261; x_wconf 79' lang='lat' dir='ltr'>An.</span> <span class='ocrx_word' id='word_1_2' title='bbox 89 233 117 260; x_wconf 90' lang='lat' dir='ltr'>C.</span> <span class='ocrx_word' id='word_1_3' title='bbox 138 234 208 264; x_wconf 62' lang='lat'>1074</span> 
     </span>
    </p>
   </div>
   <div class='ocr_carea' id='block_1_2' title="bbox 826 227 1210 250">
    <p class='ocr_par' dir='ltr' id='par_1_2' title="bbox 826 227 1210 250">
     <span class='ocr_line' id='line_1_2' title="bbox 826 227 1210 250; baseline 0 0"><span class='ocrx_word' id='word_1_4' title='bbox 826 227 851 250; x_wconf 80' lang='lat' dir='ltr'>S.</span> <span class='ocrx_word' id='word_1_5' title='bbox 875 227 1062 250; x_wconf 68' lang='lat' dir='ltr'>Gnssfiomts</span> <span class='ocrx_word' id='word_1_6' title='bbox 1088 228 1134 249; x_wconf 64' lang='lat' dir='ltr'>ttt</span> <span class='ocrx_word' id='word_1_7' title='bbox 1161 228 1210 250; x_wconf 75' lang='lat' dir='ltr'>PP-</span> 
     </span>
    </p>
   </div>
   <div class='ocr_carea' id='block_1_3' title="bbox 227 280 982 772">
    <p class='ocr_par' dir='ltr' id='par_1_3' title="bbox 227 280 980 772">
     <span class='ocr_line' id='line_1_3' title="bbox 227 280 979 328; baseline -0.001 -12"><span class='ocrx_word' id='word_1_8' title='bbox 227 281 599 320; x_wconf 70' lang='lat' dir='ltr'>excommunicationem</span> <span class='ocrx_word' id='word_1_9' title='bbox 627 293 721 328; x_wconf 82' lang='lat' dir='ltr'>quam</span> <span class='ocrx_word' id='word_1_10' title='bbox 740 280 898 315; x_wconf 84' lang='lat' dir='ltr'>Geraldus</span> <span class='ocrx_word' id='word_1_11' title='bbox 913 281 979 315; x_wconf 75' lang='lat' dir='ltr'>tlo-</span> 
     </span>
     <span class='ocr_line' id='line_1_4' title="bbox 228 330 982 386; baseline -0.001 -22"><span class='ocrx_word' id='word_1_12' title='bbox 228 332 355 366; x_wconf 84' lang='lat' dir='ltr'>stiensis</span> <span class='ocrx_word' id='word_1_13' title='bbox 381 331 551 386; x_wconf 85' lang='lat' dir='ltr'>episcopus</span> <span class='ocrx_word' id='word_1_14' title='bbox 579 343 649 365; x_wconf 92' lang='lat' dir='ltr'>cum</span> <span class='ocrx_word' id='word_1_15' title='bbox 674 330 873 365; x_wconf 75' lang='lat' dir='ltr'>Re&#39;inbaldo</span> <span class='ocrx_word' id='word_1_16' title='bbox 868 341 925 364; x_wconf 78' lang='lat' dir='ltr'>int</span> <span class='ocrx_word' id='word_1_17' title='bbox 918 330 982 364; x_wconf 86' lang='lat' dir='ltr'>Mu-</span> 
     </span>
     <span class='ocr_line' id='line_1_5' title="bbox 229 379 979 427; baseline -0.001 -13"><span class='ocrx_word' id='word_1_18' title='bbox 229 380 357 416; x_wconf 90' lang='lat' dir='ltr'>nionem</span> <span class='ocrx_word' id='word_1_19' title='bbox 371 381 593 420; x_wconf 86' lang='lat' dir='ltr'>simoniacum,</span> <span class='ocrx_word' id='word_1_20' title='bbox 607 381 659 427; x_wconf 85' lang='lat' dir='ltr'>qui</span> <span class='ocrx_word' id='word_1_21' title='bbox 676 392 800 426; x_wconf 84' lang='lat' dir='ltr'>super</span> <span class='ocrx_word' id='word_1_22' title='bbox 789 379 979 425; x_wconf 49' lang='lat' dir='ltr'>Simeonem</span> 
     </span>
     <span class='ocr_line' id='line_1_6' title="bbox 227 429 979 464; baseline -0.003 0"><span class='ocrx_word' id='word_1_23' title='bbox 227 429 440 464; x_wconf 76' lang='lat' dir='ltr'>venerabilem</span> <span class='ocrx_word' id='word_1_24' title='bbox 469 430 594 463; x_wconf 84' lang='lat' dir='ltr'>fia·ttem</span> <span class='ocrx_word' id='word_1_25' title='bbox 630 436 771 463; x_wconf 86' lang='lat' dir='ltr'>nostium</span> <span class='ocrx_word' id='word_1_26' title='bbox 801 430 979 464; x_wconf 83' lang='lat' dir='ltr'>Oscensem</span> 
     </span>
     <span class='ocr_line' id='line_1_7' title="bbox 228 478 980 525; baseline -0.003 -11"><span class='ocrx_word' id='word_1_27' title='bbox 228 479 416 525; x_wconf 81' lang='lat' dir='ltr'>episcopum</span> <span class='ocrx_word' id='word_1_28' title='bbox 443 478 607 513; x_wconf 87' lang='lat' dir='ltr'>ordinatus</span> <span class='ocrx_word' id='word_1_29' title='bbox 628 486 693 512; x_wconf 87' lang='lat' dir='ltr'>crat</span> <span class='ocrx_word' id='word_1_30' title='bbox 712 480 770 521; x_wconf 74' lang='lat' dir='ltr'>(ll,</span> <span class='ocrx_word' id='word_1_31' title='bbox 798 487 894 513; x_wconf 83' lang='lat' dir='ltr'>ratam</span> <span class='ocrx_word' id='word_1_32' title='bbox 912 489 980 512; x_wconf 87' lang='lat' dir='ltr'>esse</span> 
     </span>
     <span class='ocr_line' id='line_1_8' title="bbox 228 527 979 575; baseline -0.003 -13"><span class='ocrx_word' id='word_1_33' title='bbox 228 527 428 563; x_wconf 79' lang='lat' dir='ltr'>decrevimus</span> <span class='ocrx_word' id='word_1_34' title='bbox 446 537 538 575; x_wconf 87' lang='lat' dir='ltr'>atque</span> <span class='ocrx_word' id='word_1_35' title='bbox 556 527 759 570; x_wconf 81' lang='lat' dir='ltr'>firmavimus,</span> <span class='ocrx_word' id='word_1_36' title='bbox 789 539 888 573; x_wconf 86' lang='lat' dir='ltr'>usque</span> <span class='ocrx_word' id='word_1_37' title='bbox 903 527 979 561; x_wconf 92' lang='lat' dir='ltr'>dum</span> 
     </span>
     <span class='ocr_line' id='line_1_9' title="bbox 228 575 979 624; baseline -0.004 -12"><span class='ocrx_word' id='word_1_38' title='bbox 228 577 418 624; x_wconf 76' lang='lat' dir='ltr'>resipiscens</span> <span class='ocrx_word' id='word_1_39' title='bbox 443 576 482 611; x_wconf 92' lang='lat' dir='ltr'>de</span> <span class='ocrx_word' id='word_1_40' title='bbox 504 576 705 623; x_wconf 74' lang='lat' dir='ltr'>episcopatu,</span> <span class='ocrx_word' id='word_1_41' title='bbox 728 588 822 623; x_wconf 91' lang='lat' dir='ltr'>quem</span> <span class='ocrx_word' id='word_1_42' title='bbox 841 575 979 611; x_wconf 74' lang='lat' dir='ltr'>indebite</span> 
     </span>
     <span class='ocr_line' id='line_1_10' title="bbox 227 625 980 672; baseline -0.003 -11"><span class='ocrx_word' id='word_1_43' title='bbox 227 627 341 666; x_wconf 79' lang='lat' dir='ltr'>tenuit,</span> <span class='ocrx_word' id='word_1_44' title='bbox 369 626 428 661; x_wconf 90' lang='lat' dir='ltr'>sibi</span> <span class='ocrx_word' id='word_1_45' title='bbox 457 625 645 665; x_wconf 68' lang='lat' dir='ltr'>satisfaciat,</span> <span class='ocrx_word' id='word_1_46' title='bbox 674 634 767 672; x_wconf 84' lang='lat' dir='ltr'>atque</span> <span class='ocrx_word' id='word_1_47' title='bbox 796 625 869 660; x_wconf 92' lang='lat' dir='ltr'>inde</span> <span class='ocrx_word' id='word_1_48' title='bbox 893 637 980 659; x_wconf 89' lang='lat' dir='ltr'>rece-</span> 
     </span>
     <span class='ocr_line' id='line_1_11' title="bbox 228 674 979 721; baseline -0.003 -11"><span class='ocrx_word' id='word_1_49' title='bbox 228 675 292 711; x_wconf 89' lang='lat' dir='ltr'>dat.</span> <span class='ocrx_word' id='word_1_50' title='bbox 323 675 391 710; x_wconf 88' lang='lat' dir='ltr'>Dat.</span> <span class='ocrx_word' id='word_1_51' title='bbox 420 674 540 709; x_wconf 81' lang='lat' dir='ltr'>Romae</span> <span class='ocrx_word' id='word_1_52' title='bbox 567 674 804 721; x_wconf 77' lang='lat' dir='ltr'>decimoquarto</span> <span class='ocrx_word' id='word_1_53' title='bbox 829 674 979 709; x_wconf 74' lang='lat' dir='ltr'>kalendas</span> 
     </span>
     <span class='ocr_line' id='line_1_12' title="bbox 227 722 761 772; baseline -0.004 -13"><span class='ocrx_word' id='word_1_54' title='bbox 227 724 346 772; x_wconf 80' lang='lat' dir='ltr'>aprilis,</span> <span class='ocrx_word' id='word_1_55' title='bbox 365 724 537 758; x_wconf 67' lang='lat' dir='ltr'>indictione</span> <span class='ocrx_word' id='word_1_56' title='bbox 560 722 761 758; x_wconf 83' lang='lat' dir='ltr'>duodecima.</span> 
     </span>
    </p>
   </div>
   <div class='ocr_carea' id='block_1_4' title="bbox 283 780 920 860">
    <p class='ocr_par' dir='ltr' id='par_1_4' title="bbox 283 780 920 860">
     <span class='ocr_line' id='line_1_13' title="bbox 283 780 920 818; baseline -0.003 -7"><span class='ocrx_word' id='word_1_57' title='bbox 283 781 344 811; x_wconf 80' lang='lat' dir='ltr'>Dat.</span> <span class='ocrx_word' id='word_1_58' title='bbox 363 781 410 811; x_wconf 83' lang='lat' dir='ltr'>tlie</span> <span class='ocrx_word' id='word_1_59' title='bbox 433 781 465 810; x_wconf 86' lang='lat'>18</span> <span class='ocrx_word' id='word_1_60' title='bbox 484 781 586 818; x_wconf 80' lang='lat' dir='ltr'>aprilis</span> <span class='ocrx_word' id='word_1_61' title='bbox 605 790 681 810; x_wconf 86' lang='lat' dir='ltr'>anno</span> <span class='ocrx_word' id='word_1_62' title='bbox 700 780 814 810; x_wconf 83' lang='lat' dir='ltr'>Domini</span> <span class='ocrx_word' id='word_1_63' title='bbox 835 781 920 817; x_wconf 61' lang='lat' dir='ltr'>ton,</span> 
     </span>
     <span class='ocr_line' id='line_1_14' title="bbox 490 821 725 860; baseline 0.004 -12"><span class='ocrx_word' id='word_1_64' title='bbox 490 821 593 860; x_wconf 65' lang='lat' dir='ltr'>pontif.</span> <span class='ocrx_word' id='word_1_65' title='bbox 612 830 688 850; x_wconf 78' lang='lat' dir='ltr'>anno</span> <span class='ocrx_word' id='word_1_66' title='bbox 708 830 725 849; x_wconf 94' lang='grc' dir='ltr'>ι.</span> 
     </span>
    </p>
   </div>
   <div class='ocr_carea' id='block_1_5' title="bbox 555 964 638 1012">
    <p class='ocr_par' dir='ltr' id='par_1_5' title="bbox 555 964 638 1012">
     <span class='ocr_line' id='line_1_15' title="bbox 555 964 638 1012; baseline 0.012 -11"><span class='ocrx_word' id='word_1_67' title='bbox 555 964 638 1012; x_wconf 46' lang='lat' dir='ltr'>,vir</span> 
     </span>
    </p>
   </div>
   <div class='ocr_carea' id='block_1_6' title="bbox 228 1044 980 1233">
    <p class='ocr_par' dir='ltr' id='par_1_6' title="bbox 228 1044 980 1224">
     <span class='ocr_line' id='line_1_16' title="bbox 228 1044 980 1088; baseline -0.004 -10"><span class='ocrx_word' id='word_1_68' title='bbox 228 1045 431 1087; x_wconf 77' lang='lat' dir='ltr'>Prt&#39;rileqium</span> <span class='ocrx_word' id='word_1_69' title='bbox 444 1055 501 1088; x_wconf 82' lang='lat' dir='ltr'>pro</span> <span class='ocrx_word' id='word_1_70' title='bbox 527 1044 663 1077; x_wconf 76' lang='lat' dir='ltr'>Ecclesia</span> <span class='ocrx_word' id='word_1_71' title='bbox 680 1044 714 1076; x_wconf 78' lang='lat' dir='ltr'>S.</span> <span class='ocrx_word' id='word_1_72' title='bbox 734 1044 855 1077; x_wconf 61' lang='lat' dir='ltr'>Hilarii</span> <span class='ocrx_word' id='word_1_73' title='bbox 878 1044 980 1076; x_wconf 69' lang='lat' dir='ltr'>Picta-</span> 
     </span>
     <span class='ocr_line' id='line_1_17' title="bbox 274 1094 980 1178; baseline -0.004 -52"><span class='ocrx_word' id='word_1_74' title='bbox 274 1105 396 1132; x_wconf 71' lang='lat' dir='ltr'>nensis,</span> <span class='ocrx_word' id='word_1_75' title='bbox 419 1106 497 1137; x_wconf 77' lang='lat' dir='ltr'>qnae</span> <span class='ocrx_word' id='word_1_76' title='bbox 518 1094 572 1126; x_wconf 79' lang='lat' dir='ltr'>sub</span> <span class='ocrx_word' id='word_1_77' title='bbox 584 1100 774 1178; x_wconf 75' lang='lat' dir='ltr'>protectione</span> <span class='ocrx_word' id='word_1_78' title='bbox 795 1094 883 1125; x_wconf 64' lang='lat' dir='ltr'>sedis</span> <span class='ocrx_word' id='word_1_79' title='bbox 898 1094 980 1136; x_wconf 69' lang='grc' dir='ltr'>4μο-</span> 
     </span>
     <span class='ocr_line' id='line_1_18' title="bbox 276 1142 980 1186; baseline -0.003 -11"><span class='ocrx_word' id='word_1_80' title='bbox 276 1143 398 1175; x_wconf 76' lang='lat' dir='ltr'>scoticae</span> <span class='ocrx_word' id='word_1_81' title='bbox 415 1142 980 1186; x_wconf 67' lang='lat' dir='ltr'>1·&#39;&#39;-sec21›11w)..(Si&#39;mi!epiit›leqmm</span> 
     </span>
     <span class='ocr_line' id='line_1_19' title="bbox 276 1191 978 1233; baseline -0.001 -10"><span class='ocrx_word' id='word_1_82' title='bbox 276 1192 358 1224; x_wconf 79' lang='lat' dir='ltr'>dedic</span> <span class='ocrx_word' id='word_1_83' title='bbox 388 1192 565 1224; x_wconf 69' lang='lat' dir='ltr'>Alexander</span> <span class='ocrx_word' id='word_1_84' title='bbox 598 1191 635 1224; x_wconf 90' lang='lat' dir='ltr'>II</span> <span class='ocrx_word' id='word_1_85' title='bbox 662 1192 728 1224; x_wconf 86' lang='lat' dir='ltr'>PP.</span> <span class='ocrx_word' id='word_1_86' title='bbox 754 1202 837 1224; x_wconf 76' lang='grc' dir='ltr'><strong>αιιιιο</strong></span> <span class='ocrx_word' id='word_1_87' title='bbox 875 1191 978 1233; x_wconf 74' lang='lat'>1075,</span> 
     </span>
    </p>
   </div>
   <div class='ocr_carea' id='block_1_7' title="bbox 276 1238 710 1340">
    <p class='ocr_par' dir='ltr' id='par_1_7' title="bbox 276 1238 710 1340">
     <span class='ocr_line' id='line_1_20' title="bbox 276 1238 646 1282; baseline -0.003 -9"><span class='ocrx_word' id='word_1_88' title='bbox 276 1247 370 1274; x_wconf 81' lang='lat' dir='ltr'>const.</span> <span class='ocrx_word' id='word_1_89' title='bbox 398 1238 555 1273; x_wconf 79' lang='lat' dir='ltr'>Convenit</span> <span class='ocrx_word' id='word_1_90' title='bbox 580 1242 646 1282; x_wconf 84' lang='lat' dir='ltr'>etc.)</span> 
     </span>
     <span class='ocr_line' id='line_1_21' title="bbox 495 1308 710 1340; baseline -0.009 0"><span class='ocrx_word' id='word_1_91' title='bbox 495 1309 592 1340; x_wconf 57' lang='lat' dir='ltr'>Suilli</span> <span class='ocrx_word' id='word_1_92' title='bbox 598 1308 710 1339; x_wconf 68' lang='lat' dir='ltr'>Altum</span> 
     </span>
    </p>
   </div>
   <div class='ocr_carea' id='block_1_8' title="bbox 227 1374 977 1682">
    <p class='ocr_par' dir='ltr' id='par_1_8' title="bbox 227 1374 977 1682">
     <span class='ocr_line' id='line_1_22' title="bbox 227 1374 977 1414; baseline -0.004 -9"><span class='ocrx_word' id='word_1_93' title='bbox 227 1375 304 1405; x_wconf 83' lang='lat' dir='ltr'>Bona</span> <span class='ocrx_word' id='word_1_94' title='bbox 322 1375 419 1404; x_wconf 86' lang='lat' dir='ltr'>omnia</span> <span class='ocrx_word' id='word_1_95' title='bbox 436 1380 464 1404; x_wconf 89' lang='lat' dir='ltr'>et</span> <span class='ocrx_word' id='word_1_96' title='bbox 479 1375 544 1414; x_wconf 82' lang='lat' dir='ltr'>piae</span> <span class='ocrx_word' id='word_1_97' title='bbox 559 1374 732 1404; x_wconf 81' lang='lat' dir='ltr'>donationes</span> <span class='ocrx_word' id='word_1_98' title='bbox 757 1374 977 1403; x_wconf 77' lang='lat' dir='ltr'>confirmantur.</span> 
     </span>
     <span class='ocr_line' id='line_1_23' title="bbox 264 1413 977 1452; baseline -0.003 -8"><span class='ocrx_word' id='word_1_99' title='bbox 264 1413 455 1444; x_wconf 81' lang='lat' dir='ltr'>—Canonici</span> <span class='ocrx_word' id='word_1_100' title='bbox 474 1423 541 1443; x_wconf 87' lang='lat' dir='ltr'>vero</span> <span class='ocrx_word' id='word_1_101' title='bbox 560 1423 616 1443; x_wconf 89' lang='lat' dir='ltr'>non</span> <span class='ocrx_word' id='word_1_102' title='bbox 636 1414 692 1442; x_wconf 87' lang='lat' dir='ltr'>nisi</span> <span class='ocrx_word' id='word_1_103' title='bbox 704 1415 780 1452; x_wconf 77' lang='lat' dir='ltr'>Aspo</span> <span class='ocrx_word' id='word_1_104' title='bbox 768 1414 887 1442; x_wconf 75' lang='lat' dir='ltr'>toliCie</span> <span class='ocrx_word' id='word_1_105' title='bbox 909 1413 977 1442; x_wconf 71' lang='lat' dir='ltr'>Setli</span> 
     </span>
     <span class='ocr_line' id='line_1_24' title="bbox 266 1453 977 1491; baseline -0.003 -8"><span class='ocrx_word' id='word_1_106' title='bbox 266 1454 326 1484; x_wconf 90' lang='lat' dir='ltr'>sint</span> <span class='ocrx_word' id='word_1_107' title='bbox 353 1453 489 1484; x_wconf 86' lang='lat' dir='ltr'>subiecti.</span> <span class='ocrx_word' id='word_1_108' title='bbox 513 1470 553 1475; x_wconf 93' lang='lat'>—</span> <span class='ocrx_word' id='word_1_109' title='bbox 582 1453 758 1482; x_wconf 85' lang='lat' dir='ltr'>Eorumdetn</span> <span class='ocrx_word' id='word_1_110' title='bbox 785 1453 930 1491; x_wconf 72' lang='lat' dir='ltr'>exemptio</span> <span class='ocrx_word' id='word_1_111' title='bbox 962 1462 977 1481; x_wconf 87' lang='lat' dir='ltr'>a</span> 
     </span>
     <span class='ocr_line' id='line_1_25' title="bbox 263 1492 976 1533; baseline -0.004 -10"><span class='ocrx_word' id='word_1_112' title='bbox 263 1502 450 1533; x_wconf 87' lang='lat' dir='ltr'>quocumque</span> <span class='ocrx_word' id='word_1_113' title='bbox 476 1494 613 1532; x_wconf 84' lang='lat' dir='ltr'>episcopo</span> <span class='ocrx_word' id='word_1_114' title='bbox 636 1493 723 1522; x_wconf 82' lang='lat' dir='ltr'>etiam</span> <span class='ocrx_word' id='word_1_115' title='bbox 748 1493 777 1522; x_wconf 89' lang='lat' dir='ltr'>in</span> <span class='ocrx_word' id='word_1_116' title='bbox 809 1492 976 1531; x_wconf 75' lang='lat' dir='ltr'>receptione</span> 
     </span>
     <span class='ocr_line' id='line_1_26' title="bbox 264 1531 976 1563; baseline -0.004 0"><span class='ocrx_word' id='word_1_117' title='bbox 264 1537 524 1563; x_wconf 83' lang='lat' dir='ltr'>sacramentorum.</span> <span class='ocrx_word' id='word_1_118' title='bbox 555 1549 594 1554; x_wconf 97' lang='lat'><strong>—</strong></span> <span class='ocrx_word' id='word_1_119' title='bbox 620 1532 743 1561; x_wconf 70' lang='lat' dir='ltr'>Annuus</span> <span class='ocrx_word' id='word_1_120' title='bbox 772 1541 879 1561; x_wconf 82' lang='lat' dir='ltr'>census</span> <span class='ocrx_word' id='word_1_121' title='bbox 907 1531 976 1561; x_wconf 79' lang='lat' dir='ltr'>Setli</span> 
     </span>
     <span class='ocr_line' id='line_1_27' title="bbox 261 1571 977 1616; baseline -0.003 -14"><span class='ocrx_word' id='word_1_122' title='bbox 261 1573 362 1611; x_wconf 87' lang='lat' dir='ltr'>Apost.</span> <span class='ocrx_word' id='word_1_123' title='bbox 377 1572 599 1612; x_wconf 86' lang='lat' dir='ltr'>persolvendus.</span> <span class='ocrx_word' id='word_1_124' title='bbox 617 1589 656 1593; x_wconf 97' lang='lat'><strong>—</strong></span> <span class='ocrx_word' id='word_1_125' title='bbox 670 1571 723 1609; x_wconf 75' lang='lat' dir='ltr'>Dig</span> <span class='ocrx_word' id='word_1_126' title='bbox 716 1572 824 1601; x_wconf 86' lang='lat' dir='ltr'>nitatis</span> <span class='ocrx_word' id='word_1_127' title='bbox 844 1572 905 1610; x_wconf 73' lang='lat' dir='ltr'>prix</span> <span class='ocrx_word' id='word_1_128' title='bbox 909 1571 977 1616; x_wconf 76' lang='lat' dir='ltr'>itio,</span> 
     </span>
     <span class='ocr_line' id='line_1_28' title="bbox 261 1611 976 1651; baseline -0.003 -9"><span class='ocrx_word' id='word_1_129' title='bbox 261 1616 349 1651; x_wconf 83' lang='lat' dir='ltr'>atque</span> <span class='ocrx_word' id='word_1_130' title='bbox 367 1612 520 1642; x_wconf 85' lang='lat' dir='ltr'>anathema</span> <span class='ocrx_word' id='word_1_131' title='bbox 537 1617 636 1642; x_wconf 87' lang='lat' dir='ltr'>contra</span> <span class='ocrx_word' id='word_1_132' title='bbox 656 1612 813 1641; x_wconf 82' lang='lat' dir='ltr'>violatores</span> <span class='ocrx_word' id='word_1_133' title='bbox 829 1611 951 1650; x_wconf 55' lang='lat' dir='ltr'>privil&amp;D</span> <span class='ocrx_word' id='word_1_134' title='bbox 945 1611 976 1640; x_wconf 88' lang='lat' dir='ltr'>ii</span> 
     </span>
     <span class='ocr_line' id='line_1_29' title="bbox 261 1651 521 1682; baseline -0.004 0"><span class='ocrx_word' id='word_1_135' title='bbox 261 1651 353 1682; x_wconf 88' lang='lat' dir='ltr'>huius</span> <span class='ocrx_word' id='word_1_136' title='bbox 372 1652 521 1682; x_wconf 86' lang='lat' dir='ltr'>indicitur.</span> 
     </span>
    </p>
   </div>
   <div class='ocr_carea' id='block_1_9' title="bbox 222 1716 977 1837">
    <p class='ocr_par' dir='ltr' id='par_1_9' title="bbox 222 1716 977 1837">
     <span class='ocr_line' id='line_1_30' title="bbox 222 1716 977 1756; baseline -0.003 -9"><span class='ocrx_word' id='word_1_137' title='bbox 222 1717 349 1756; x_wconf 80' lang='lat' dir='ltr'>Gregorius</span> <span class='ocrx_word' id='word_1_138' title='bbox 366 1718 487 1756; x_wconf 82' lang='lat' dir='ltr'>episcopus</span> <span class='ocrx_word' id='word_1_139' title='bbox 507 1726 585 1746; x_wconf 68' lang='lat' dir='ltr'>servus</span> <span class='ocrx_word' id='word_1_140' title='bbox 605 1725 722 1746; x_wconf 80' lang='lat' dir='ltr'>servorum</span> <span class='ocrx_word' id='word_1_141' title='bbox 742 1716 794 1754; x_wconf 86' lang='lat' dir='ltr'>Dei,</span> <span class='ocrx_word' id='word_1_142' title='bbox 813 1716 904 1746; x_wconf 82' lang='lat' dir='ltr'>dilectis</span> <span class='ocrx_word' id='word_1_143' title='bbox 922 1716 977 1746; x_wconf 86' lang='lat' dir='ltr'>liliis</span> 
     </span>
     <span class='ocr_line' id='line_1_31' title="bbox 261 1761 976 1800; baseline -0.001 -9"><span class='ocrx_word' id='word_1_144' title='bbox 261 1762 379 1792; x_wconf 82' lang='lat' dir='ltr'>canonicis</span> <span class='ocrx_word' id='word_1_145' title='bbox 393 1762 416 1791; x_wconf 86' lang='lat' dir='ltr'>S.</span> <span class='ocrx_word' id='word_1_146' title='bbox 435 1761 517 1791; x_wconf 83' lang='lat' dir='ltr'>Hilarii</span> <span class='ocrx_word' id='word_1_147' title='bbox 534 1761 695 1800; x_wconf 69' lang='lat' dir='ltr'>Pictaiiensis‚</span> <span class='ocrx_word' id='word_1_148' title='bbox 711 1761 810 1790; x_wconf 81' lang='lat' dir='ltr'>salutent</span> <span class='ocrx_word' id='word_1_149' title='bbox 824 1765 845 1790; x_wconf 81' lang='lat' dir='ltr'>et</span> <span class='ocrx_word' id='word_1_150' title='bbox 865 1761 976 1800; x_wconf 78' lang='lat' dir='ltr'>apostoli·</span> 
     </span>
     <span class='ocr_line' id='line_1_32' title="bbox 261 1805 524 1837; baseline -0.004 -1"><span class='ocrx_word' id='word_1_151' title='bbox 261 1815 312 1836; x_wconf 84' lang='lat' dir='ltr'>cam</span> <span class='ocrx_word' id='word_1_152' title='bbox 326 1805 524 1837; x_wconf 78' lang='lat' dir='ltr'>benedictionem.</span> 
     </span>
    </p>
   </div>
   <div class='ocr_carea' id='block_1_10' title="bbox 222 1868 975 2643">
    <p class='ocr_par' dir='ltr' id='par_1_10' title="bbox 222 1868 975 2508">
     <span class='ocr_line' id='line_1_33' title="bbox 272 1868 974 1916; baseline -0.001 -13"><span class='ocrx_word' id='word_1_153' title='bbox 272 1868 444 1916; x_wconf 82' lang='lat' dir='ltr'>(5)·Igitut·</span> <span class='ocrx_word' id='word_1_154' title='bbox 469 1869 511 1903; x_wconf 91' lang='lat' dir='ltr'>ob</span> <span class='ocrx_word' id='word_1_155' title='bbox 533 1869 739 1904; x_wconf 87' lang='lat' dir='ltr'>reverentiam</span> <span class='ocrx_word' id='word_1_156' title='bbox 756 1868 839 1903; x_wconf 87' lang='lat' dir='ltr'>beati</span> <span class='ocrx_word' id='word_1_157' title='bbox 863 1868 974 1902; x_wconf 89' lang='lat' dir='ltr'>Hilarii</span> 
     </span>
     <span class='ocr_line' id='line_1_34' title="bbox 222 1918 975 1965; baseline -0.003 -11"><span class='ocrx_word' id='word_1_158' title='bbox 222 1918 427 1958; x_wconf 81' lang='lat' dir='ltr'>confessoris,</span> <span class='ocrx_word' id='word_1_159' title='bbox 455 1918 547 1953; x_wconf 92' lang='lat' dir='ltr'>cuius</span> <span class='ocrx_word' id='word_1_160' title='bbox 577 1930 694 1965; x_wconf 88' lang='lat' dir='ltr'>corpus</span> <span class='ocrx_word' id='word_1_161' title='bbox 723 1919 752 1952; x_wconf 91' lang='lat' dir='ltr'>in</span> <span class='ocrx_word' id='word_1_162' title='bbox 781 1918 905 1957; x_wconf 38' lang='lat' dir='ltr'>eadem‘</span> <span class='ocrx_word' id='word_1_163' title='bbox 922 1929 975 1952; x_wconf 91' lang='lat' dir='ltr'>ec-</span> 
     </span>
     <span class='ocr_line' id='line_1_35' title="bbox 222 1966 975 2015; baseline -0.003 -12"><span class='ocrx_word' id='word_1_164' title='bbox 222 1967 317 2003; x_wconf 86' lang='lat' dir='ltr'>clesia</span> <span class='ocrx_word' id='word_1_165' title='bbox 326 1968 507 2015; x_wconf 80' lang='lat' dir='ltr'>requiescit,</span> <span class='ocrx_word' id='word_1_166' title='bbox 522 1967 676 2014; x_wconf 88' lang='lat' dir='ltr'>cuiusque</span> <span class='ocrx_word' id='word_1_167' title='bbox 692 1967 854 2002; x_wconf 86' lang='lat' dir='ltr'>doetrinae</span> <span class='ocrx_word' id='word_1_168' title='bbox 869 1966 975 2013; x_wconf 90' lang='lat' dir='ltr'>splen·</span> 
     </span>
     <span class='ocr_line' id='line_1_36' title="bbox 222 2016 974 2064; baseline -0.003 -12"><span class='ocrx_word' id='word_1_169' title='bbox 222 2017 281 2053; x_wconf 90' lang='lat' dir='ltr'>dor</span> <span class='ocrx_word' id='word_1_170' title='bbox 312 2029 376 2052; x_wconf 92' lang='lat' dir='ltr'>non</span> <span class='ocrx_word' id='word_1_171' title='bbox 415 2017 519 2052; x_wconf 88' lang='lat' dir='ltr'>solum</span> <span class='ocrx_word' id='word_1_172' title='bbox 554 2017 592 2051; x_wconf 90' lang='lat' dir='ltr'>de</span> <span class='ocrx_word' id='word_1_173' title='bbox 619 2017 792 2051; x_wconf 88' lang='lat' dir='ltr'>Gallicanis</span> <span class='ocrx_word' id='word_1_174' title='bbox 830 2016 974 2064; x_wconf 88' lang='lat' dir='ltr'>partibus</span> 
     </span>
     <span class='ocr_line' id='line_1_37' title="bbox 223 2065 972 2113; baseline -0.003 -12"><span class='ocrx_word' id='word_1_175' title='bbox 223 2066 339 2102; x_wconf 90' lang='lat' dir='ltr'>erroris</span> <span class='ocrx_word' id='word_1_176' title='bbox 378 2066 525 2101; x_wconf 86' lang='lat' dir='ltr'>tenebras</span> <span class='ocrx_word' id='word_1_177' title='bbox 558 2067 695 2113; x_wconf 80' lang='lat' dir='ltr'>expulit,</span> <span class='ocrx_word' id='word_1_178' title='bbox 732 2078 838 2100; x_wconf 88' lang='lat' dir='ltr'>verum</span> <span class='ocrx_word' id='word_1_179' title='bbox 878 2065 972 2100; x_wconf 88' lang='lat' dir='ltr'>etiam</span> 
     </span>
     <span class='ocr_line' id='line_1_38' title="bbox 225 2114 974 2161; baseline -0.003 -11"><span class='ocrx_word' id='word_1_180' title='bbox 225 2115 392 2151; x_wconf 90' lang='lat' dir='ltr'>universali</span> <span class='ocrx_word' id='word_1_181' title='bbox 426 2115 588 2161; x_wconf 84' lang='lat' dir='ltr'>refulgens</span> <span class='ocrx_word' id='word_1_182' title='bbox 617 2115 722 2150; x_wconf 90' lang='lat' dir='ltr'>lumen</span> <span class='ocrx_word' id='word_1_183' title='bbox 758 2114 890 2150; x_wconf 85' lang='lat' dir='ltr'>contulit</span> <span class='ocrx_word' id='word_1_184' title='bbox 916 2114 974 2149; x_wconf 91' lang='lat' dir='ltr'>Ec-</span> 
     </span>
     <span class='ocr_line' id='line_1_39' title="bbox 223 2164 974 2210; baseline -0.003 -10"><span class='ocrx_word' id='word_1_185' title='bbox 223 2165 352 2208; x_wconf 86' lang='lat' dir='ltr'>clesiae,</span> <span class='ocrx_word' id='word_1_186' title='bbox 386 2165 525 2199; x_wconf 88' lang='lat' dir='ltr'>inclinati</span> <span class='ocrx_word' id='word_1_187' title='bbox 553 2165 663 2199; x_wconf 81' lang='lat' dir='ltr'>vestris</span> <span class='ocrx_word' id='word_1_188' title='bbox 691 2164 859 2210; x_wconf 80' lang='lat' dir='ltr'>precibus,</span> <span class='ocrx_word' id='word_1_189' title='bbox 889 2175 974 2210; x_wconf 89' lang='lat' dir='ltr'>prae-</span> 
     </span>
     <span class='ocr_line' id='line_1_40' title="bbox 223 2212 972 2249; baseline -0.004 0"><span class='ocrx_word' id='word_1_190' title='bbox 223 2214 316 2249; x_wconf 82' lang='lat' dir='ltr'>fatam</span> <span class='ocrx_word' id='word_1_191' title='bbox 343 2213 433 2248; x_wconf 81' lang='lat' dir='ltr'>Beati</span> <span class='ocrx_word' id='word_1_192' title='bbox 459 2213 571 2248; x_wconf 89' lang='lat' dir='ltr'>Hilarii</span> <span class='ocrx_word' id='word_1_193' title='bbox 597 2214 770 2248; x_wconf 79' lang='lat' dir='ltr'>Ecclesiam</span> <span class='ocrx_word' id='word_1_194' title='bbox 796 2225 812 2247; x_wconf 92' lang='lat' dir='ltr'>a</span> <span class='ocrx_word' id='word_1_195' title='bbox 840 2212 972 2247; x_wconf 88' lang='lat' dir='ltr'>Franco-</span> 
     </span>
     <span class='ocr_line' id='line_1_41' title="bbox 225 2261 972 2310; baseline -0.005 -11"><span class='ocrx_word' id='word_1_196' title='bbox 225 2276 295 2299; x_wconf 90' lang='lat' dir='ltr'>rum</span> <span class='ocrx_word' id='word_1_197' title='bbox 321 2263 460 2309; x_wconf 82' lang='lat' dir='ltr'>rcgibus,</span> <span class='ocrx_word' id='word_1_198' title='bbox 494 2271 526 2297; x_wconf 89' lang='lat' dir='ltr'>et</span> <span class='ocrx_word' id='word_1_199' title='bbox 550 2263 740 2310; x_wconf 83' lang='lat' dir='ltr'>Aquitaniae</span> <span class='ocrx_word' id='word_1_200' title='bbox 775 2261 972 2309; x_wconf 90' lang='lat' dir='ltr'>principibus</span> 
     </span>
     <span class='ocr_line' id='line_1_42' title="bbox 222 2311 972 2359; baseline -0.003 -11"><span class='ocrx_word' id='word_1_201' title='bbox 222 2320 448 2357; x_wconf 78' lang='lat' dir='ltr'>constructam,</span> <span class='ocrx_word' id='word_1_202' title='bbox 475 2324 649 2359; x_wconf 88' lang='lat' dir='ltr'>eorumque</span> <span class='ocrx_word' id='word_1_203' title='bbox 677 2311 826 2358; x_wconf 86' lang='lat' dir='ltr'>praediis,</span> <span class='ocrx_word' id='word_1_204' title='bbox 852 2323 888 2345; x_wconf 91' lang='lat' dir='ltr'>ac</span> <span class='ocrx_word' id='word_1_205' title='bbox 919 2311 972 2346; x_wconf 89' lang='lat' dir='ltr'>bo-</span> 
     </span>
     <span class='ocr_line' id='line_1_43' title="bbox 223 2360 971 2409; baseline -0.004 -12"><span class='ocrx_word' id='word_1_206' title='bbox 223 2363 273 2397; x_wconf 89' lang='lat' dir='ltr'>nis</span> <span class='ocrx_word' id='word_1_207' title='bbox 309 2362 439 2397; x_wconf 89' lang='lat' dir='ltr'>ditatam</span> <span class='ocrx_word' id='word_1_208' title='bbox 473 2361 504 2395; x_wconf 95' lang='lat' dir='ltr'>in</span> <span class='ocrx_word' id='word_1_209' title='bbox 543 2361 737 2409; x_wconf 89' lang='lat' dir='ltr'>protectione</span> <span class='ocrx_word' id='word_1_210' title='bbox 770 2373 805 2395; x_wconf 92' lang='lat' dir='ltr'>ac</span> <span class='ocrx_word' id='word_1_211' title='bbox 838 2360 971 2394; x_wconf 89' lang='lat' dir='ltr'>tuitione</span> 
     </span>
     <span class='ocr_line' id='line_1_44' title="bbox 222 2409 969 2458; baseline -0.003 -12"><span class='ocrx_word' id='word_1_212' title='bbox 222 2411 316 2446; x_wconf 86' lang='lat' dir='ltr'>Sedis</span> <span class='ocrx_word' id='word_1_213' title='bbox 335 2411 537 2458; x_wconf 87' lang='lat' dir='ltr'>Apostolicae</span> <span class='ocrx_word' id='word_1_214' title='bbox 563 2411 743 2457; x_wconf 85' lang='lat' dir='ltr'>specialiter</span> <span class='ocrx_word' id='word_1_215' title='bbox 765 2409 969 2456; x_wconf 83' lang='lat' dir='ltr'>suscipimus,</span> 
     </span>
     <span class='ocr_line' id='line_1_45' title="bbox 223 2459 972 2508; baseline -0.001 -14"><span class='ocrx_word' id='word_1_216' title='bbox 223 2460 318 2496; x_wconf 91' lang='lat' dir='ltr'>huius</span> <span class='ocrx_word' id='word_1_217' title='bbox 345 2460 541 2508; x_wconf 82' lang='lat' dir='ltr'>privilegium</span> <span class='ocrx_word' id='word_1_218' title='bbox 564 2460 758 2495; x_wconf 88' lang='lat' dir='ltr'>auctoritatis</span> <span class='ocrx_word' id='word_1_219' title='bbox 781 2467 905 2493; x_wconf 89' lang='lat' dir='ltr'>nostrae</span> <span class='ocrx_word' id='word_1_220' title='bbox 920 2459 972 2493; x_wconf 90' lang='lat' dir='ltr'>de-</span> 
     </span>
    </p>

    <p class='ocr_par' dir='ltr' id='par_1_11' title="bbox 223 2525 972 2643">
     <span class='ocr_line' id='line_1_46' title="bbox 259 2525 972 2562; baseline -0.004 -8"><span class='ocrx_word' id='word_1_221' title='bbox 259 2527 298 2562; x_wconf 93' lang='lat' dir='ltr'>(l)</span> <span class='ocrx_word' id='word_1_222' title='bbox 325 2527 404 2554; x_wconf 83' lang='lat' dir='ltr'>Forte</span> <span class='ocrx_word' id='word_1_223' title='bbox 424 2527 500 2554; x_wconf 80' lang='lat' dir='ltr'>deest</span> <span class='ocrx_word' id='word_1_224' title='bbox 520 2528 591 2552; x_wconf 78' lang='lat' dir='ltr'>tulit.</span> <span class='ocrx_word' id='word_1_225' title='bbox 631 2525 669 2560; x_wconf 68' lang='lat'>(2)</span> <span class='ocrx_word' id='word_1_226' title='bbox 691 2526 729 2551; x_wconf 78' lang='lat' dir='ltr'>Ex</span> <span class='ocrx_word' id='word_1_227' title='bbox 748 2525 813 2551; x_wconf 92' lang='lat' dir='ltr'>Cod.</span> <span class='ocrx_word' id='word_1_228' title='bbox 844 2526 909 2552; x_wconf 79' lang='lat'>1570</span> <span class='ocrx_word' id='word_1_229' title='bbox 929 2525 972 2552; x_wconf 92' lang='lat' dir='ltr'>Bi-</span> 
     </span>
     <span class='ocr_line' id='line_1_47' title="bbox 223 2565 969 2594; baseline -0.001 -2"><span class='ocrx_word' id='word_1_230' title='bbox 223 2565 315 2593; x_wconf 86' lang='lat' dir='ltr'>blioth.</span> <span class='ocrx_word' id='word_1_231' title='bbox 334 2566 500 2594; x_wconf 84' lang='lat' dir='ltr'>Colbertinae</span> <span class='ocrx_word' id='word_1_232' title='bbox 515 2566 595 2593; x_wconf 69' lang='lat' dir='ltr'>edidit</span> <span class='ocrx_word' id='word_1_233' title='bbox 612 2565 733 2592; x_wconf 84' lang='lat' dir='ltr'>Baluzius</span> <span class='ocrx_word' id='word_1_234' title='bbox 743 2565 886 2592; x_wconf 82' lang='lat' dir='ltr'>Misceltan.</span> <span class='ocrx_word' id='word_1_235' title='bbox 904 2568 969 2592; x_wconf 90' lang='lat' dir='ltr'>tom.</span> 
     </span>
     <span class='ocr_line' id='line_1_48' title="bbox 224 2606 629 2643; baseline -0.002 -11"><span class='ocrx_word' id='word_1_236' title='bbox 224 2612 271 2632; x_wconf 86' lang='lat' dir='ltr'>vu.</span> <span class='ocrx_word' id='word_1_237' title='bbox 311 2606 349 2641; x_wconf 81' lang='lat'>(5)</span> <span class='ocrx_word' id='word_1_238' title='bbox 368 2606 528 2643; x_wconf 86' lang='lat' dir='ltr'>Principium</span> <span class='ocrx_word' id='word_1_239' title='bbox 545 2606 629 2632; x_wconf 81' lang='lat' dir='ltr'>deest.</span> 
     </span>
    </p>
   </div>
   <div class='ocr_carea' id='block_1_11' title="bbox 993 1452 999 2067">
    <p class='ocr_par' dir='ltr' id='par_1_12' title="bbox 993 1452 999 2067">
     <span class='ocr_line' id='line_1_49' title="bbox 993 1452 999 2067; baseline 0 0"><span class='ocrx_word' id='word_1_240' title='bbox 993 1452 999 2067; x_wconf 95' lang='lat' dir='ltr'> </span> 
     </span>
    </p>
   </div>
   <div class='ocr_carea' id='block_1_12' title="bbox 1682 221 1730 253">
    <p class='ocr_par' dir='ltr' id='par_1_13' title="bbox 1682 221 1730 253">
     <span class='ocr_line' id='line_1_50' title="bbox 1682 221 1730 253; baseline 0.021 -1"><span class='ocrx_word' id='word_1_241' title='bbox 1682 221 1730 253; x_wconf 76' lang='lat'>65</span> 
     </span>
    </p>
   </div>
   <div class='ocr_carea' id='block_1_13' title="bbox 1022 282 1778 478">
    <p class='ocr_par' dir='ltr' id='par_1_14' title="bbox 1023 282 1778 478">
     <span class='ocr_line' id='line_1_51' title="bbox 1024 282 1778 329; baseline 0.005 -14"><span class='ocrx_word' id='word_1_242' title='bbox 1024 290 1109 315; x_wconf 85' lang='lat' dir='ltr'>creto</span> <span class='ocrx_word' id='word_1_243' title='bbox 1137 282 1345 329; x_wconf 78' lang='lat' dir='ltr'>indulgentes.</span> <span class='ocrx_word' id='word_1_244' title='bbox 1379 282 1504 318; x_wconf 68' lang='lat' dir='ltr'>Deinde</span> <span class='ocrx_word' id='word_1_245' title='bbox 1531 283 1719 324; x_wconf 82' lang='lat' dir='ltr'>statuimus,</span> <span class='ocrx_word' id='word_1_246' title='bbox 1743 293 1778 319; x_wconf 93' lang='lat' dir='ltr'>ut</span> 
     </span>
     <span class='ocr_line' id='line_1_52' title="bbox 1023 313 1776 379; baseline 0.007 -16"><span class='ocrx_word' id='word_1_247' title='bbox 1023 343 1242 378; x_wconf 72' lang='lat' dir='ltr'>quaecumqm</span> <span class='ocrx_word' id='word_1_248' title='bbox 1271 332 1348 366; x_wconf 87' lang='lat' dir='ltr'>bona</span> <span class='ocrx_word' id='word_1_249' title='bbox 1384 333 1519 379; x_wconf 71' lang='lat' dir='ltr'>praefata</span> <span class='ocrx_word' id='word_1_250' title='bbox 1560 333 1639 367; x_wconf 89' lang='lat' dir='ltr'>beati</span> <span class='ocrx_word' id='word_1_251' title='bbox 1668 313 1776 368; x_wconf 80' lang='lat' dir='ltr'>Hilarii</span> 
     </span>
     <span class='ocr_line' id='line_1_53' title="bbox 1026 380 1777 429; baseline 0.005 -16"><span class='ocrx_word' id='word_1_252' title='bbox 1026 380 1175 418; x_wconf 71' lang='lat' dir='ltr'>Ecclesia</span> <span class='ocrx_word' id='word_1_253' title='bbox 1203 394 1239 414; x_wconf 69' lang='lat' dir='ltr'>tx</span> <span class='ocrx_word' id='word_1_254' title='bbox 1267 382 1436 416; x_wconf 83' lang='lat' dir='ltr'>donatione</span> <span class='ocrx_word' id='word_1_255' title='bbox 1464 382 1700 429; x_wconf 82' lang='lat' dir='ltr'>praedictorum</span> <span class='ocrx_word' id='word_1_256' title='bbox 1727 395 1777 418; x_wconf 94' lang='lat' dir='ltr'>re-</span> 
     </span>
     <span class='ocr_line' id='line_1_54' title="bbox 1022 430 1775 478; baseline 0.007 -16.007"><span class='ocrx_word' id='word_1_257' title='bbox 1022 441 1097 474; x_wconf 78' lang='lat' dir='ltr'>gum</span> <span class='ocrx_word' id='word_1_258' title='bbox 1121 436 1150 463; x_wconf 88' lang='lat' dir='ltr'>et</span> <span class='ocrx_word' id='word_1_259' title='bbox 1174 430 1352 477; x_wconf 87' lang='lat' dir='ltr'>principum</span> <span class='ocrx_word' id='word_1_260' title='bbox 1377 431 1458 465; x_wconf 89' lang='lat' dir='ltr'>iuste</span> <span class='ocrx_word' id='word_1_261' title='bbox 1486 431 1637 478; x_wconf 73' lang='lat' dir='ltr'>possidet,</span> <span class='ocrx_word' id='word_1_262' title='bbox 1660 432 1775 467; x_wconf 82' lang='lat' dir='ltr'>sivein</span> 
     </span>
    </p>
   </div>
   <div class='ocr_carea' id='block_1_14' title="bbox 1011 457 1778 2634">
    <p class='ocr_par' dir='ltr' id='par_1_15' title="bbox 1011 457 1778 2634">
     <span class='ocr_line' id='line_1_55' title="bbox 1022 457 1778 533; baseline 0.005 -17.005"><span class='ocrx_word' id='word_1_263' title='bbox 1022 457 1160 517; x_wconf 80' lang='lat' dir='ltr'>futurum</span> <span class='ocrx_word' id='word_1_264' title='bbox 1189 483 1281 518; x_wconf 88' lang='lat' dir='ltr'>iustis</span> <span class='ocrx_word' id='word_1_265' title='bbox 1308 485 1410 519; x_wconf 88' lang='lat' dir='ltr'>modis</span> <span class='ocrx_word' id='word_1_266' title='bbox 1426 486 1540 531; x_wconf 90' lang='lat' dir='ltr'>poterit</span> <span class='ocrx_word' id='word_1_267' title='bbox 1561 486 1703 533; x_wconf 75' lang='lat' dir='ltr'>adipisci,</span> <span class='ocrx_word' id='word_1_268' title='bbox 1728 498 1778 520; x_wconf 81' lang='lat' dir='ltr'>vo-</span> 
     </span>
     <span class='ocr_line' id='line_1_56' title="bbox 1023 536 1777 587; baseline 0.007 -17"><span class='ocrx_word' id='word_1_269' title='bbox 1023 536 1070 570; x_wconf 87' lang='lat' dir='ltr'>bis</span> <span class='ocrx_word' id='word_1_270' title='bbox 1097 538 1228 584; x_wconf 86' lang='lat' dir='ltr'>perenni</span> <span class='ocrx_word' id='word_1_271' title='bbox 1258 546 1424 585; x_wconf 78' lang='lat' dir='ltr'>tempore,</span> <span class='ocrx_word' id='word_1_272' title='bbox 1460 547 1491 573; x_wconf 92' lang='lat' dir='ltr'>et</span> <span class='ocrx_word' id='word_1_273' title='bbox 1523 540 1592 575; x_wconf 90' lang='lat' dir='ltr'>sine</span> <span class='ocrx_word' id='word_1_274' title='bbox 1620 540 1777 587; x_wconf 84' lang='lat' dir='ltr'>inquietu-</span> 
     </span>
     <span class='ocr_line' id='line_1_57' title="bbox 1021 589 1776 639; baseline 0.008 -16"><span class='ocrx_word' id='word_1_275' title='bbox 1021 589 1094 624; x_wconf 91' lang='lat' dir='ltr'>dine</span> <span class='ocrx_word' id='word_1_276' title='bbox 1116 590 1221 638; x_wconf 88' lang='lat' dir='ltr'>aliqua</span> <span class='ocrx_word' id='word_1_277' title='bbox 1237 591 1353 626; x_wconf 86' lang='lat' dir='ltr'>illibata</span> <span class='ocrx_word' id='word_1_278' title='bbox 1377 602 1597 639; x_wconf 85' lang='lat' dir='ltr'>permancant;</span> <span class='ocrx_word' id='word_1_279' title='bbox 1621 594 1776 629; x_wconf 85' lang='lat' dir='ltr'>adiicien-</span> 
     </span>
     <span class='ocr_line' id='line_1_58' title="bbox 1021 645 1773 704; baseline 0.007 -27"><span class='ocrx_word' id='word_1_280' title='bbox 1021 651 1083 688; x_wconf 86' lang='lat' dir='ltr'>tes,</span> <span class='ocrx_word' id='word_1_281' title='bbox 1111 657 1150 679; x_wconf 88' lang='lat' dir='ltr'>ne</span> <span class='ocrx_word' id='word_1_282' title='bbox 1177 645 1345 704; x_wconf 80' lang='lat' dir='ltr'>quisquam</span> <span class='ocrx_word' id='word_1_283' title='bbox 1378 645 1530 693; x_wconf 80' lang='lat' dir='ltr'>deinceps</span> <span class='ocrx_word' id='word_1_284' title='bbox 1558 647 1773 694; x_wconf 88' lang='lat' dir='ltr'>archiepisco-</span> 
     </span>
     <span class='ocr_line' id='line_1_59' title="bbox 1022 699 1773 746; baseline 0.005 -14"><span class='ocrx_word' id='word_1_285' title='bbox 1022 710 1080 744; x_wconf 89' lang='lat' dir='ltr'>pus</span> <span class='ocrx_word' id='word_1_286' title='bbox 1113 706 1167 733; x_wconf 92' lang='lat' dir='ltr'>aut</span> <span class='ocrx_word' id='word_1_287' title='bbox 1194 699 1365 746; x_wconf 87' lang='lat' dir='ltr'>episcopus</span> <span class='ocrx_word' id='word_1_288' title='bbox 1397 699 1484 735; x_wconf 85' lang='lat' dir='ltr'>Beati</span> <span class='ocrx_word' id='word_1_289' title='bbox 1513 700 1620 735; x_wconf 83' lang='lat' dir='ltr'>Hilarii</span> <span class='ocrx_word' id='word_1_290' title='bbox 1654 701 1773 736; x_wconf 84' lang='lat' dir='ltr'>Eccle-</span> 
     </span>
     <span class='ocr_line' id='line_1_60' title="bbox 1021 751 1776 799; baseline 0.007 -14"><span class='ocrx_word' id='word_1_291' title='bbox 1021 751 1112 796; x_wconf 86' lang='lat' dir='ltr'>siam,</span> <span class='ocrx_word' id='word_1_292' title='bbox 1152 760 1206 786; x_wconf 90' lang='lat' dir='ltr'>aut</span> <span class='ocrx_word' id='word_1_293' title='bbox 1234 753 1336 799; x_wconf 89' lang='lat' dir='ltr'>ipsius</span> <span class='ocrx_word' id='word_1_294' title='bbox 1370 754 1539 789; x_wconf 89' lang='lat' dir='ltr'>canonicos</span> <span class='ocrx_word' id='word_1_295' title='bbox 1566 763 1618 789; x_wconf 87' lang='lat' dir='ltr'>aut</span> <span class='ocrx_word' id='word_1_296' title='bbox 1644 755 1776 790; x_wconf 83' lang='lat' dir='ltr'>clericos</span> 
     </span>
     <span class='ocr_line' id='line_1_61' title="bbox 1020 807 1775 856; baseline 0.008 -17"><span class='ocrx_word' id='word_1_297' title='bbox 1020 807 1314 848; x_wconf 85' lang='lat' dir='ltr'>excommunicare,</span> <span class='ocrx_word' id='word_1_298' title='bbox 1342 815 1394 842; x_wconf 91' lang='lat' dir='ltr'>aut</span> <span class='ocrx_word' id='word_1_299' title='bbox 1423 807 1613 843; x_wconf 88' lang='lat' dir='ltr'>interdicere</span> <span class='ocrx_word' id='word_1_300' title='bbox 1640 822 1775 856; x_wconf 84' lang='lat' dir='ltr'>praesu-</span> 
     </span>
     <span class='ocr_line' id='line_1_62' title="bbox 1021 860 1772 910; baseline 0.007 -16"><span class='ocrx_word' id='word_1_301' title='bbox 1021 868 1100 900; x_wconf 85' lang='lat' dir='ltr'>mat,</span> <span class='ocrx_word' id='word_1_302' title='bbox 1128 860 1182 894; x_wconf 90' lang='lat' dir='ltr'>sed</span> <span class='ocrx_word' id='word_1_303' title='bbox 1210 862 1295 895; x_wconf 90' lang='lat' dir='ltr'>omni</span> <span class='ocrx_word' id='word_1_304' title='bbox 1323 873 1433 896; x_wconf 90' lang='lat' dir='ltr'>eorum</span> <span class='ocrx_word' id='word_1_305' title='bbox 1461 873 1556 898; x_wconf 88' lang='lat' dir='ltr'>causa</span> <span class='ocrx_word' id='word_1_306' title='bbox 1584 864 1708 910; x_wconf 71' lang='lat' dir='ltr'>gravior</span> <span class='ocrx_word' id='word_1_307' title='bbox 1736 876 1772 899; x_wconf 84' lang='lat' dir='ltr'>ex</span> 
     </span>
     <span class='ocr_line' id='line_1_63' title="bbox 1020 914 1772 963; baseline 0.004 -15"><span class='ocrx_word' id='word_1_308' title='bbox 1020 914 1220 961; x_wconf 80' lang='lat' dir='ltr'>Apostolicae</span> <span class='ocrx_word' id='word_1_309' title='bbox 1247 915 1341 950; x_wconf 88' lang='lat' dir='ltr'>Sedis</span> <span class='ocrx_word' id='word_1_310' title='bbox 1368 915 1484 950; x_wconf 89' lang='lat' dir='ltr'>iudicio</span> <span class='ocrx_word' id='word_1_311' title='bbox 1500 916 1646 963; x_wconf 88' lang='lat' dir='ltr'>pendeat.</span> <span class='ocrx_word' id='word_1_312' title='bbox 1675 917 1772 951; x_wconf 84' lang='lat' dir='ltr'>Chri-</span> 
     </span>
     <span class='ocr_line' id='line_1_64' title="bbox 1020 968 1774 1013; baseline 0.005 -11"><span class='ocrx_word' id='word_1_313' title='bbox 1020 980 1086 1003; x_wconf 88' lang='lat' dir='ltr'>sma</span> <span class='ocrx_word' id='word_1_314' title='bbox 1127 981 1215 1013; x_wconf 86' lang='lat' dir='ltr'>vero,</span> <span class='ocrx_word' id='word_1_315' title='bbox 1255 968 1370 1004; x_wconf 90' lang='lat' dir='ltr'>Oleum</span> <span class='ocrx_word' id='word_1_316' title='bbox 1408 977 1571 1011; x_wconf 86' lang='lat' dir='ltr'>sanctum,</span> <span class='ocrx_word' id='word_1_317' title='bbox 1605 982 1774 1006; x_wconf 88' lang='lat' dir='ltr'>consecra-</span> 
     </span>
     <span class='ocr_line' id='line_1_65' title="bbox 1020 1021 1774 1066; baseline 0.004 -10"><span class='ocrx_word' id='word_1_318' title='bbox 1020 1021 1121 1056; x_wconf 88' lang='lat' dir='ltr'>tiones</span> <span class='ocrx_word' id='word_1_319' title='bbox 1148 1022 1309 1064; x_wconf 85' lang='lat' dir='ltr'>altarium,</span> <span class='ocrx_word' id='word_1_320' title='bbox 1344 1023 1409 1059; x_wconf 78' lang='lat' dir='ltr'>sive</span> <span class='ocrx_word' id='word_1_321' title='bbox 1436 1023 1656 1066; x_wconf 79' lang='lat' dir='ltr'>basilicarum,</span> <span class='ocrx_word' id='word_1_322' title='bbox 1684 1025 1774 1060; x_wconf 84' lang='lat' dir='ltr'>ordi-</span> 
     </span>
     <span class='ocr_line' id='line_1_66' title="bbox 1021 1076 1775 1126; baseline 0.007 -18"><span class='ocrx_word' id='word_1_323' title='bbox 1021 1076 1162 1110; x_wconf 84' lang='lat' dir='ltr'>nationes</span> <span class='ocrx_word' id='word_1_324' title='bbox 1175 1076 1398 1111; x_wconf 89' lang='lat' dir='ltr'>canonicornm</span> <span class='ocrx_word' id='word_1_325' title='bbox 1412 1086 1441 1112; x_wconf 90' lang='lat' dir='ltr'>et</span> <span class='ocrx_word' id='word_1_326' title='bbox 1452 1077 1652 1123; x_wconf 88' lang='lat' dir='ltr'>clericorum,</span> <span class='ocrx_word' id='word_1_327' title='bbox 1669 1091 1685 1113; x_wconf 89' lang='lat' dir='ltr'>a</span> <span class='ocrx_word' id='word_1_328' title='bbox 1699 1091 1775 1126; x_wconf 90' lang='lat' dir='ltr'>quo-</span> 
     </span>
     <span class='ocr_line' id='line_1_67' title="bbox 1019 1130 1772 1180; baseline 0.007 -18"><span class='ocrx_word' id='word_1_329' title='bbox 1019 1140 1155 1176; x_wconf 85' lang='lat' dir='ltr'>cumque</span> <span class='ocrx_word' id='word_1_330' title='bbox 1191 1130 1364 1165; x_wconf 84' lang='lat' dir='ltr'>malueritis</span> <span class='ocrx_word' id='word_1_331' title='bbox 1397 1131 1551 1167; x_wconf 85' lang='lat' dir='ltr'>catholico</span> <span class='ocrx_word' id='word_1_332' title='bbox 1589 1134 1772 1180; x_wconf 82' lang='lat' dir='ltr'>suscipiatis</span> 
     </span>
     <span class='ocr_line' id='line_1_68' title="bbox 1019 1183 1768 1227; baseline 0.008 -11"><span class='ocrx_word' id='word_1_333' title='bbox 1019 1183 1167 1217; x_wconf 86' lang='lat' dir='ltr'>antistite.</span> <span class='ocrx_word' id='word_1_334' title='bbox 1207 1184 1255 1217; x_wconf 75' lang='lat' dir='ltr'>Ad</span> <span class='ocrx_word' id='word_1_335' title='bbox 1291 1184 1350 1219; x_wconf 83' lang='lat' dir='ltr'>ltoc</span> <span class='ocrx_word' id='word_1_336' title='bbox 1379 1185 1568 1227; x_wconf 81' lang='lat' dir='ltr'>adiicimus,</span> <span class='ocrx_word' id='word_1_337' title='bbox 1596 1195 1630 1221; x_wconf 91' lang='lat' dir='ltr'>ut</span> <span class='ocrx_word' id='word_1_338' title='bbox 1657 1187 1768 1223; x_wconf 88' lang='lat' dir='ltr'>eadem</span> 
     </span>
     <span class='ocr_line' id='line_1_69' title="bbox 1020 1236 1773 1277; baseline 0.009 -7"><span class='ocrx_word' id='word_1_339' title='bbox 1020 1236 1106 1271; x_wconf 85' lang='lat' dir='ltr'>Beati</span> <span class='ocrx_word' id='word_1_340' title='bbox 1136 1236 1244 1271; x_wconf 76' lang='lat' dir='ltr'>Hilarii</span> <span class='ocrx_word' id='word_1_341' title='bbox 1273 1237 1411 1273; x_wconf 85' lang='lat' dir='ltr'>Ecclesia</span> <span class='ocrx_word' id='word_1_342' title='bbox 1439 1239 1496 1274; x_wconf 91' lang='lat' dir='ltr'>soli</span> <span class='ocrx_word' id='word_1_343' title='bbox 1524 1240 1687 1276; x_wconf 85' lang='lat' dir='ltr'>Romanae</span> <span class='ocrx_word' id='word_1_344' title='bbox 1709 1241 1773 1277; x_wconf 89' lang='lat' dir='ltr'>Ec-</span> 
     </span>
     <span class='ocr_line' id='line_1_70' title="bbox 1019 1291 1769 1339; baseline 0.007 -14"><span class='ocrx_word' id='word_1_345' title='bbox 1019 1291 1114 1326; x_wconf 84' lang='lat' dir='ltr'>lesiae</span> <span class='ocrx_word' id='word_1_346' title='bbox 1151 1291 1275 1326; x_wconf 88' lang='lat' dir='ltr'>subdita</span> <span class='ocrx_word' id='word_1_347' title='bbox 1310 1301 1515 1339; x_wconf 89' lang='lat' dir='ltr'>permaneat,</span> <span class='ocrx_word' id='word_1_348' title='bbox 1552 1295 1647 1329; x_wconf 90' lang='lat' dir='ltr'>etde</span> <span class='ocrx_word' id='word_1_349' title='bbox 1684 1304 1769 1331; x_wconf 86' lang='lat' dir='ltr'>tanta</span> 
     </span>
     <span class='ocr_line' id='line_1_71' title="bbox 1018 1346 1772 1395; baseline 0.007 -16"><span class='ocrx_word' id='word_1_350' title='bbox 1018 1358 1145 1392; x_wconf 86' lang='lat' dir='ltr'>semper</span> <span class='ocrx_word' id='word_1_351' title='bbox 1175 1346 1330 1386; x_wconf 82' lang='lat' dir='ltr'>libertate,</span> <span class='ocrx_word' id='word_1_352' title='bbox 1357 1355 1450 1393; x_wconf 83' lang='lat' dir='ltr'>atque</span> <span class='ocrx_word' id='word_1_353' title='bbox 1472 1348 1656 1383; x_wconf 87' lang='lat' dir='ltr'>auctoritate</span> <span class='ocrx_word' id='word_1_354' title='bbox 1685 1362 1772 1395; x_wconf 82' lang='lat' dir='ltr'>gau-</span> 
     </span>
     <span class='ocr_line' id='line_1_72' title="bbox 1018 1400 1770 1448; baseline 0.005 -14"><span class='ocrx_word' id='word_1_355' title='bbox 1018 1400 1100 1434; x_wconf 89' lang='lat' dir='ltr'>deat.</span> <span class='ocrx_word' id='word_1_356' title='bbox 1125 1400 1172 1434; x_wconf 79' lang='lat' dir='ltr'>Ad</span> <span class='ocrx_word' id='word_1_357' title='bbox 1193 1400 1344 1435; x_wconf 89' lang='lat' dir='ltr'>iudicium</span> <span class='ocrx_word' id='word_1_358' title='bbox 1368 1409 1472 1435; x_wconf 78' lang='lat' dir='ltr'>autem</span> <span class='ocrx_word' id='word_1_359' title='bbox 1492 1410 1658 1448; x_wconf 84' lang='lat' dir='ltr'>perceptae</span> <span class='ocrx_word' id='word_1_360' title='bbox 1675 1403 1770 1438; x_wconf 83' lang='lat' dir='ltr'>liuius</span> 
     </span>
     <span class='ocr_line' id='line_1_73' title="bbox 1017 1454 1767 1502; baseline 0.005 -14"><span class='ocrx_word' id='word_1_361' title='bbox 1017 1466 1034 1489; x_wconf 84' lang='lat' dir='ltr'>a</span> <span class='ocrx_word' id='word_1_362' title='bbox 1066 1454 1210 1488; x_wconf 86' lang='lat' dir='ltr'>Romana</span> <span class='ocrx_word' id='word_1_363' title='bbox 1238 1454 1380 1489; x_wconf 83' lang='lat' dir='ltr'>Ecclesia</span> <span class='ocrx_word' id='word_1_364' title='bbox 1407 1455 1558 1490; x_wconf 86' lang='lat' dir='ltr'>libertatis</span> <span class='ocrx_word' id='word_1_365' title='bbox 1587 1468 1641 1502; x_wconf 91' lang='lat' dir='ltr'>per</span> <span class='ocrx_word' id='word_1_366' title='bbox 1667 1469 1767 1493; x_wconf 86' lang='lat' dir='ltr'>annos</span> 
     </span>
     <span class='ocr_line' id='line_1_74' title="bbox 1017 1508 1765 1554; baseline 0.004 -12"><span class='ocrx_word' id='word_1_367' title='bbox 1017 1508 1160 1554; x_wconf 81' lang='lat' dir='ltr'>singulos</span> <span class='ocrx_word' id='word_1_368' title='bbox 1193 1520 1284 1542; x_wconf 88' lang='lat' dir='ltr'>unam</span> <span class='ocrx_word' id='word_1_369' title='bbox 1313 1508 1380 1542; x_wconf 87' lang='lat' dir='ltr'>auri</span> <span class='ocrx_word' id='word_1_370' title='bbox 1409 1509 1534 1543; x_wconf 84' lang='lat' dir='ltr'>unciam</span> <span class='ocrx_word' id='word_1_371' title='bbox 1562 1509 1765 1546; x_wconf 74' lang='lat' dir='ltr'>Latet-attensi</span> 
     </span>
     <span class='ocr_line' id='line_1_75' title="bbox 1018 1562 1768 1610; baseline 0.005 -14"><span class='ocrx_word' id='word_1_372' title='bbox 1018 1563 1130 1608; x_wconf 87' lang='lat' dir='ltr'>palatio</span> <span class='ocrx_word' id='word_1_373' title='bbox 1157 1562 1321 1608; x_wconf 88' lang='lat' dir='ltr'>persolvat.</span> <span class='ocrx_word' id='word_1_374' title='bbox 1350 1562 1383 1596; x_wconf 88' lang='lat' dir='ltr'>Si</span> <span class='ocrx_word' id='word_1_375' title='bbox 1407 1563 1479 1610; x_wconf 87' lang='lat' dir='ltr'>quis</span> <span class='ocrx_word' id='word_1_376' title='bbox 1506 1572 1610 1598; x_wconf 89' lang='lat' dir='ltr'>autem</span> <span class='ocrx_word' id='word_1_377' title='bbox 1640 1566 1768 1600; x_wconf 84' lang='lat' dir='ltr'>archie-</span> 
     </span>
     <span class='ocr_line' id='line_1_76' title="bbox 1018 1617 1764 1666; baseline 0.007 -17"><span class='ocrx_word' id='word_1_378' title='bbox 1018 1617 1178 1663; x_wconf 79' lang='lat' dir='ltr'>piscopus,</span> <span class='ocrx_word' id='word_1_379' title='bbox 1200 1617 1387 1663; x_wconf 84' lang='lat' dir='ltr'>episcopus,</span> <span class='ocrx_word' id='word_1_380' title='bbox 1415 1625 1469 1651; x_wconf 90' lang='lat' dir='ltr'>aut</span> <span class='ocrx_word' id='word_1_381' title='bbox 1495 1617 1656 1663; x_wconf 82' lang='lat' dir='ltr'>quaelibet</span> <span class='ocrx_word' id='word_1_382' title='bbox 1685 1631 1764 1666; x_wconf 88' lang='lat' dir='ltr'>per-</span> 
     </span>
     <span class='ocr_line' id='line_1_77' title="bbox 1016 1670 1770 1719; baseline 0.001 -12"><span class='ocrx_word' id='word_1_383' title='bbox 1016 1684 1092 1707; x_wconf 83' lang='lat' dir='ltr'>sona</span> <span class='ocrx_word' id='word_1_384' title='bbox 1112 1671 1204 1706; x_wconf 92' lang='lat' dir='ltr'>huius</span> <span class='ocrx_word' id='word_1_385' title='bbox 1220 1671 1316 1705; x_wconf 90' lang='lat' dir='ltr'>nostri</span> <span class='ocrx_word' id='word_1_386' title='bbox 1336 1670 1493 1718; x_wconf 82' lang='lat' dir='ltr'>privilegii</span> <span class='ocrx_word' id='word_1_387' title='bbox 1512 1671 1656 1718; x_wconf 81' lang='lat' dir='ltr'>paginam</span> <span class='ocrx_word' id='word_1_388' title='bbox 1674 1685 1770 1719; x_wconf 83' lang='lat' dir='ltr'>agno-</span> 
     </span>
     <span class='ocr_line' id='line_1_78' title="bbox 1015 1725 1770 1773; baseline 0.003 -13"><span class='ocrx_word' id='word_1_389' title='bbox 1015 1738 1128 1769; x_wconf 90' lang='lat' dir='ltr'>scens,</span> <span class='ocrx_word' id='word_1_390' title='bbox 1162 1733 1270 1760; x_wconf 87' lang='lat' dir='ltr'>contra</span> <span class='ocrx_word' id='word_1_391' title='bbox 1302 1736 1370 1759; x_wconf 88' lang='lat' dir='ltr'>eam</span> <span class='ocrx_word' id='word_1_392' title='bbox 1399 1732 1516 1760; x_wconf 88' lang='lat' dir='ltr'>temere</span> <span class='ocrx_word' id='word_1_393' title='bbox 1550 1725 1656 1760; x_wconf 78' lang='lat' dir='ltr'>venire</span> <span class='ocrx_word' id='word_1_394' title='bbox 1678 1739 1770 1773; x_wconf 82' lang='lat' dir='ltr'>prae-</span> 
     </span>
     <span class='ocr_line' id='line_1_79' title="bbox 1015 1779 1768 1827; baseline -0.001 -12"><span class='ocrx_word' id='word_1_395' title='bbox 1015 1780 1209 1827; x_wconf 78' lang='lat' dir='ltr'>sumpserit,</span> <span class='ocrx_word' id='word_1_396' title='bbox 1235 1780 1261 1814; x_wconf 88' lang='lat' dir='ltr'>si</span> <span class='ocrx_word' id='word_1_397' title='bbox 1300 1791 1381 1826; x_wconf 87' lang='lat' dir='ltr'>quae</span> <span class='ocrx_word' id='word_1_398' title='bbox 1400 1779 1493 1814; x_wconf 85' lang='lat' dir='ltr'>-male</span> <span class='ocrx_word' id='word_1_399' title='bbox 1520 1779 1598 1814; x_wconf 85' lang='lat' dir='ltr'>sacta</span> <span class='ocrx_word' id='word_1_400' title='bbox 1634 1780 1768 1822; x_wconf 90' lang='lat' dir='ltr'>fuerint,</span> 
     </span>
     <span class='ocr_line' id='line_1_80' title="bbox 1015 1833 1765 1881; baseline 0 -12"><span class='ocrx_word' id='word_1_401' title='bbox 1015 1847 1078 1869; x_wconf 90' lang='lat' dir='ltr'>non</span> <span class='ocrx_word' id='word_1_402' title='bbox 1107 1833 1339 1877; x_wconf 85' lang='lat' dir='ltr'>emendaverit,</span> <span class='ocrx_word' id='word_1_403' title='bbox 1375 1834 1537 1880; x_wconf 91' lang='lat' dir='ltr'>potestatis</span> <span class='ocrx_word' id='word_1_404' title='bbox 1573 1834 1765 1881; x_wconf 88' lang='lat' dir='ltr'>honorisque</span> 
     </span>
     <span class='ocr_line' id='line_1_81' title="bbox 1015 1887 1767 1934; baseline 0 -12"><span class='ocrx_word' id='word_1_405' title='bbox 1015 1889 1062 1922; x_wconf 89' lang='lat' dir='ltr'>sui</span> <span class='ocrx_word' id='word_1_406' title='bbox 1090 1887 1242 1933; x_wconf 79' lang='lat' dir='ltr'>dignitate</span> <span class='ocrx_word' id='word_1_407' title='bbox 1268 1895 1383 1926; x_wconf 85' lang='lat' dir='ltr'>careat,</span> <span class='ocrx_word' id='word_1_408' title='bbox 1411 1899 1564 1934; x_wconf 85' lang='lat' dir='ltr'>reumque</span> <span class='ocrx_word' id='word_1_409' title='bbox 1598 1899 1633 1922; x_wconf 89' lang='lat' dir='ltr'>se</span> <span class='ocrx_word' id='word_1_410' title='bbox 1659 1887 1767 1923; x_wconf 89' lang='lat' dir='ltr'>divino</span> 
     </span>
     <span class='ocr_line' id='line_1_82' title="bbox 1015 1940 1767 1988; baseline 0.001 -12"><span class='ocrx_word' id='word_1_411' title='bbox 1015 1942 1132 1976; x_wconf 89' lang='lat' dir='ltr'>iudicio</span> <span class='ocrx_word' id='word_1_412' title='bbox 1164 1940 1298 1976; x_wconf 73' lang='lat' dir='ltr'>existere</span> <span class='ocrx_word' id='word_1_413' title='bbox 1326 1941 1365 1976; x_wconf 90' lang='lat' dir='ltr'>de</span> <span class='ocrx_word' id='word_1_414' title='bbox 1393 1949 1571 1988; x_wconf 87' lang='lat' dir='ltr'>perpetrata</span> <span class='ocrx_word' id='word_1_415' title='bbox 1602 1941 1767 1988; x_wconf 87' lang='lat' dir='ltr'>iniquitate</span> 
     </span>
     <span class='ocr_line' id='line_1_83' title="bbox 1014 1995 1766 2042; baseline 0 -11"><span class='ocrx_word' id='word_1_416' title='bbox 1014 2004 1200 2042; x_wconf 80' lang='lat' dir='ltr'>cognoscat,</span> <span class='ocrx_word' id='word_1_417' title='bbox 1230 2004 1260 2030; x_wconf 92' lang='lat' dir='ltr'>et</span> <span class='ocrx_word' id='word_1_418' title='bbox 1287 2008 1302 2029; x_wconf 89' lang='lat' dir='ltr'>a</span> <span class='ocrx_word' id='word_1_419' title='bbox 1330 1995 1543 2030; x_wconf 86' lang='lat' dir='ltr'>sacratissimo</span> <span class='ocrx_word' id='word_1_420' title='bbox 1576 2007 1709 2042; x_wconf 87' lang='lat' dir='ltr'>corpore</span> <span class='ocrx_word' id='word_1_421' title='bbox 1736 2006 1766 2031; x_wconf 88' lang='lat' dir='ltr'>et</span> 
     </span>
     <span class='ocr_line' id='line_1_84' title="bbox 1014 2048 1766 2097; baseline -0.001 -12"><span class='ocrx_word' id='word_1_422' title='bbox 1014 2050 1167 2097; x_wconf 83' lang='lat' dir='ltr'>sanguine</span> <span class='ocrx_word' id='word_1_423' title='bbox 1194 2050 1270 2089; x_wconf 83' lang='lat' dir='ltr'>Dei,</span> <span class='ocrx_word' id='word_1_424' title='bbox 1312 2058 1343 2084; x_wconf 84' lang='lat' dir='ltr'>et</span> <span class='ocrx_word' id='word_1_425' title='bbox 1376 2049 1504 2083; x_wconf 89' lang='lat' dir='ltr'>Domini</span> <span class='ocrx_word' id='word_1_426' title='bbox 1542 2048 1766 2095; x_wconf 87' lang='lat' dir='ltr'>Redemptoris</span> 
     </span>
     <span class='ocr_line' id='line_1_85' title="bbox 1015 2102 1766 2139; baseline -0.004 0"><span class='ocrx_word' id='word_1_427' title='bbox 1015 2104 1112 2139; x_wconf 86' lang='lat' dir='ltr'>nostri</span> <span class='ocrx_word' id='word_1_428' title='bbox 1139 2103 1209 2138; x_wconf 87' lang='lat' dir='ltr'>Iesu</span> <span class='ocrx_word' id='word_1_429' title='bbox 1232 2103 1350 2138; x_wconf 87' lang='lat' dir='ltr'>Christi</span> <span class='ocrx_word' id='word_1_430' title='bbox 1377 2103 1499 2137; x_wconf 87' lang='lat' dir='ltr'>alienus</span> <span class='ocrx_word' id='word_1_431' title='bbox 1526 2102 1578 2137; x_wconf 86' lang='lat' dir='ltr'>fiat</span> <span class='ocrx_word' id='word_1_432' title='bbox 1599 2111 1629 2137; x_wconf 87' lang='lat' dir='ltr'>et</span> <span class='ocrx_word' id='word_1_433' title='bbox 1655 2103 1686 2136; x_wconf 92' lang='lat' dir='ltr'>in</span> <span class='ocrx_word' id='word_1_434' title='bbox 1708 2115 1766 2137; x_wconf 90' lang='lat' dir='ltr'>ex-</span> 
     </span>
     <span class='ocr_line' id='line_1_86' title="bbox 1012 2156 1763 2193; baseline -0.004 0"><span class='ocrx_word' id='word_1_435' title='bbox 1012 2166 1114 2193; x_wconf 82' lang='lat' dir='ltr'>tremo</span> <span class='ocrx_word' id='word_1_436' title='bbox 1141 2158 1286 2192; x_wconf 82' lang='lat' dir='ltr'>examine</span> <span class='ocrx_word' id='word_1_437' title='bbox 1326 2157 1485 2191; x_wconf 85' lang='lat' dir='ltr'>districtae</span> <span class='ocrx_word' id='word_1_438' title='bbox 1521 2156 1633 2191; x_wconf 91' lang='lat' dir='ltr'>ultioni</span> <span class='ocrx_word' id='word_1_439' title='bbox 1660 2156 1763 2191; x_wconf 85' lang='lat' dir='ltr'>subia-</span> 
     </span>
     <span class='ocr_line' id='line_1_87' title="bbox 1013 2209 1762 2247; baseline -0.005 0"><span class='ocrx_word' id='word_1_440' title='bbox 1013 2220 1091 2247; x_wconf 88' lang='lat' dir='ltr'>ceat.</span> <span class='ocrx_word' id='word_1_441' title='bbox 1122 2211 1253 2246; x_wconf 86' lang='lat' dir='ltr'>Cunctis</span> <span class='ocrx_word' id='word_1_442' title='bbox 1280 2219 1385 2246; x_wconf 87' lang='lat' dir='ltr'>autem</span> <span class='ocrx_word' id='word_1_443' title='bbox 1407 2210 1450 2244; x_wconf 89' lang='lat' dir='ltr'>illi</span> <span class='ocrx_word' id='word_1_444' title='bbox 1478 2209 1547 2244; x_wconf 90' lang='lat' dir='ltr'>loco</span> <span class='ocrx_word' id='word_1_445' title='bbox 1578 2209 1658 2243; x_wconf 87' lang='lat' dir='ltr'>iusta</span> <span class='ocrx_word' id='word_1_446' title='bbox 1694 2221 1762 2244; x_wconf 88' lang='lat' dir='ltr'>ser-</span> 
     </span>
     <span class='ocr_line' id='line_1_88' title="bbox 1014 2262 1761 2312; baseline -0.004 -12"><span class='ocrx_word' id='word_1_447' title='bbox 1014 2265 1162 2300; x_wconf 83' lang='lat' dir='ltr'>vantibus</span> <span class='ocrx_word' id='word_1_448' title='bbox 1178 2265 1214 2300; x_wconf 86' lang='lat' dir='ltr'>sit</span> <span class='ocrx_word' id='word_1_449' title='bbox 1233 2278 1294 2312; x_wconf 82' lang='lat' dir='ltr'>pax</span> <span class='ocrx_word' id='word_1_450' title='bbox 1311 2264 1440 2303; x_wconf 87' lang='lat' dir='ltr'>Domini</span> <span class='ocrx_word' id='word_1_451' title='bbox 1458 2263 1553 2298; x_wconf 88' lang='lat' dir='ltr'>nostri</span> <span class='ocrx_word' id='word_1_452' title='bbox 1577 2263 1647 2297; x_wconf 88' lang='lat' dir='ltr'>Iesu</span> <span class='ocrx_word' id='word_1_453' title='bbox 1664 2262 1761 2298; x_wconf 91' lang='lat' dir='ltr'>Chri-</span> 
     </span>
     <span class='ocr_line' id='line_1_89' title="bbox 1012 2316 1764 2366; baseline -0.001 -13"><span class='ocrx_word' id='word_1_454' title='bbox 1012 2320 1070 2361; x_wconf 87' lang='lat' dir='ltr'>sti,</span> <span class='ocrx_word' id='word_1_455' title='bbox 1086 2327 1242 2366; x_wconf 83' lang='lat' dir='ltr'>quatenus</span> <span class='ocrx_word' id='word_1_456' title='bbox 1255 2319 1350 2353; x_wconf 89' lang='lat' dir='ltr'>ethic</span> <span class='ocrx_word' id='word_1_457' title='bbox 1364 2317 1500 2352; x_wconf 86' lang='lat' dir='ltr'>fructum</span> <span class='ocrx_word' id='word_1_458' title='bbox 1515 2317 1617 2351; x_wconf 87' lang='lat' dir='ltr'>bonae</span> <span class='ocrx_word' id='word_1_459' title='bbox 1631 2316 1764 2352; x_wconf 84' lang='lat' dir='ltr'>actionis</span> 
     </span>
     <span class='ocr_line' id='line_1_90' title="bbox 1013 2370 1762 2421; baseline -0.004 -14"><span class='ocrx_word' id='word_1_460' title='bbox 1013 2373 1211 2421; x_wconf 87' lang='lat' dir='ltr'>percipiant,</span> <span class='ocrx_word' id='word_1_461' title='bbox 1239 2380 1269 2407; x_wconf 87' lang='lat' dir='ltr'>et</span> <span class='ocrx_word' id='word_1_462' title='bbox 1302 2371 1384 2419; x_wconf 87' lang='lat' dir='ltr'>apud</span> <span class='ocrx_word' id='word_1_463' title='bbox 1412 2371 1587 2406; x_wconf 87' lang='lat' dir='ltr'>districtum</span> <span class='ocrx_word' id='word_1_464' title='bbox 1620 2370 1762 2405; x_wconf 87' lang='lat' dir='ltr'>Iudicem</span> 
     </span>
     <span class='ocr_line' id='line_1_91' title="bbox 1013 2424 1759 2474; baseline -0.004 -13"><span class='ocrx_word' id='word_1_465' title='bbox 1013 2427 1151 2474; x_wconf 86' lang='lat' dir='ltr'>praemia</span> <span class='ocrx_word' id='word_1_466' title='bbox 1174 2434 1318 2461; x_wconf 88' lang='lat' dir='ltr'>aeternae</span> <span class='ocrx_word' id='word_1_467' title='bbox 1342 2426 1427 2472; x_wconf 92' lang='lat' dir='ltr'>pacis</span> <span class='ocrx_word' id='word_1_468' title='bbox 1442 2425 1614 2460; x_wconf 80' lang='lat' dir='ltr'>inveniant.</span> <span class='ocrx_word' id='word_1_469' title='bbox 1640 2424 1759 2458; x_wconf 90' lang='lat' dir='ltr'>Datum</span> 
     </span>
     <span class='ocr_line' id='line_1_92' title="bbox 1011 2477 1760 2526; baseline -0.005 -10"><span class='ocrx_word' id='word_1_470' title='bbox 1011 2481 1156 2516; x_wconf 89' lang='lat' dir='ltr'>Laterani</span> <span class='ocrx_word' id='word_1_471' title='bbox 1184 2493 1205 2515; x_wconf 79' lang='lat' dir='ltr'>x</span> <span class='ocrx_word' id='word_1_472' title='bbox 1233 2480 1293 2514; x_wconf 79' lang='lat' dir='ltr'>kal.</span> <span class='ocrx_word' id='word_1_473' title='bbox 1324 2479 1408 2520; x_wconf 76' lang='lat' dir='ltr'>maii,</span> <span class='ocrx_word' id='word_1_474' title='bbox 1437 2491 1492 2526; x_wconf 88' lang='lat' dir='ltr'>per</span> <span class='ocrx_word' id='word_1_475' title='bbox 1517 2491 1646 2513; x_wconf 86' lang='lat' dir='ltr'>manum</span> <span class='ocrx_word' id='word_1_476' title='bbox 1676 2477 1760 2512; x_wconf 86' lang='lat' dir='ltr'>Petri</span> 
     </span>
     <span class='ocr_line' id='line_1_93' title="bbox 1011 2531 1759 2579; baseline -0.008 -8"><span class='ocrx_word' id='word_1_477' title='bbox 1011 2543 1136 2570; x_wconf 86' lang='lat' dir='ltr'>sanctae</span> <span class='ocrx_word' id='word_1_478' title='bbox 1179 2535 1341 2569; x_wconf 88' lang='lat' dir='ltr'>Romanae</span> <span class='ocrx_word' id='word_1_479' title='bbox 1380 2533 1541 2568; x_wconf 88' lang='lat' dir='ltr'>Ecclesiae</span> <span class='ocrx_word' id='word_1_480' title='bbox 1585 2531 1759 2579; x_wconf 72' lang='lat' dir='ltr'>presbyteri</span> 
     </span>
     <span class='ocr_line' id='line_1_94' title="bbox 1011 2587 1758 2634; baseline -0.009 -9"><span class='ocrx_word' id='word_1_481' title='bbox 1011 2589 1178 2625; x_wconf 85' lang='lat' dir='ltr'>cardinalis</span> <span class='ocrx_word' id='word_1_482' title='bbox 1204 2600 1239 2623; x_wconf 88' lang='lat' dir='ltr'>ac</span> <span class='ocrx_word' id='word_1_483' title='bbox 1272 2587 1502 2623; x_wconf 87' lang='lat' dir='ltr'>bibliothecarii</span> <span class='ocrx_word' id='word_1_484' title='bbox 1542 2587 1642 2634; x_wconf 89' lang='lat' dir='ltr'>primo</span> <span class='ocrx_word' id='word_1_485' title='bbox 1675 2597 1758 2620; x_wconf 84' lang='lat' dir='ltr'>anno</span> 
     </span>
    </p>
   </div>
   <div class='ocr_carea' id='block_1_15' title="bbox 1804 228 1986 255">
    <p class='ocr_par' dir='ltr' id='par_1_16' title="bbox 1804 228 1986 255">
     <span class='ocr_line' id='line_1_95' title="bbox 1804 228 1986 255; baseline 0.005 -1"><span class='ocrx_word' id='word_1_486' title='bbox 1804 229 1852 255; x_wconf 85' lang='grc' dir='ltr'><strong>Λιι.</strong></span> <span class='ocrx_word' id='word_1_487' title='bbox 1873 228 1900 255; x_wconf 88' lang='lat' dir='ltr'>C</span> <span class='ocrx_word' id='word_1_488' title='bbox 1919 228 1986 255; x_wconf 60' lang='lat'>1074</span> 
     </span>
    </p>
   </div>
   <div class='ocr_carea' id='block_1_16' title="bbox 1803 286 1977 387">
    <p class='ocr_par' dir='ltr' id='par_1_17' title="bbox 1803 286 1977 387">
     <span class='ocr_line' id='line_1_96' title="bbox 1829 286 1972 307; baseline -0.008 0"><span class='ocrx_word' id='word_1_489' title='bbox 1829 286 1872 307; x_wconf 67' lang='grc' dir='ltr'>ΒΜ]</span> <span class='ocrx_word' id='word_1_490' title='bbox 1862 293 1887 306; x_wconf 79' lang='lat' dir='ltr'>na</span> <span class='ocrx_word' id='word_1_491' title='bbox 1903 292 1935 306; x_wconf 74' lang='lat' dir='ltr'>oni</span> <span class='ocrx_word' id='word_1_492' title='bbox 1939 293 1949 306; x_wconf 89' lang='grc' dir='ltr'>ιι</span> <span class='ocrx_word' id='word_1_493' title='bbox 1953 293 1972 306; x_wconf 90' lang='grc' dir='ltr'>ι.</span> 
     </span>
     <span class='ocr_line' id='line_1_97' title="bbox 1803 316 1977 360; baseline 0.006 -1.036"><span class='ocrx_word' id='word_1_494' title='bbox 1803 316 1829 359; x_wconf 76' lang='lat' dir='ltr'>ti«</span> <span class='ocrx_word' id='word_1_495' title='bbox 1825 346 1864 360; x_wconf 90' lang='grc' dir='ltr'>ιι</span> <span class='ocrx_word' id='word_1_496' title='bbox 1904 341 1964 360; x_wconf 71' lang='lat' dir='ltr'>contii</span> <span class='ocrx_word' id='word_1_497' title='bbox 1971 350 1977 354; x_wconf 87' lang='lat'>-</span> 
     </span>
     <span class='ocr_line' id='line_1_98' title="bbox 1803 370 1890 387; baseline -0.013 0"><span class='ocrx_word' id='word_1_498' title='bbox 1803 373 1821 387; x_wconf 90' lang='grc' dir='ltr'>ιιι</span> <span class='ocrx_word' id='word_1_499' title='bbox 1823 370 1890 387; x_wconf 75' lang='lat' dir='ltr'>autur</span> 
     </span>
    </p>
   </div>
   <div class='ocr_carea' id='block_1_17' title="bbox 1801 717 1986 817">
    <p class='ocr_par' dir='ltr' id='par_1_18' title="bbox 1801 717 1986 817">
     <span class='ocr_line' id='line_1_99' title="bbox 1827 717 1986 738; baseline -0.006 -1"><span class='ocrx_word' id='word_1_500' title='bbox 1827 717 1927 737; x_wconf 51' lang='lat' dir='ltr'>(kanonici</span> <span class='ocrx_word' id='word_1_501' title='bbox 1938 723 1986 738; x_wconf 73' lang='lat' dir='ltr'>vern</span> 
     </span>
     <span class='ocr_line' id='line_1_100' title="bbox 1801 746 1975 769; baseline -0.006 -5"><span class='ocrx_word' id='word_1_502' title='bbox 1801 751 1820 764; x_wconf 89' lang='grc' dir='ltr'>η</span> <span class='ocrx_word' id='word_1_503' title='bbox 1824 750 1883 764; x_wconf 59' lang='lat' dir='ltr'>nutat</span> <span class='ocrx_word' id='word_1_504' title='bbox 1899 746 1975 769; x_wconf 62' lang='lat' dir='ltr'>Aposto</span> 
     </span>
     <span class='ocr_line' id='line_1_101' title="bbox 1802 771 1985 791; baseline 0 0"><span class='ocrx_word' id='word_1_505' title='bbox 1802 772 1823 791; x_wconf 74' lang='lat' dir='ltr'>ltt</span> <span class='ocrx_word' id='word_1_506' title='bbox 1818 777 1854 791; x_wconf 80' lang='lat' dir='ltr'>ae</span> <span class='ocrx_word' id='word_1_507' title='bbox 1876 771 1927 791; x_wconf 59' lang='lat' dir='ltr'>sinti</span> <span class='ocrx_word' id='word_1_508' title='bbox 1943 772 1985 791; x_wconf 77' lang='lat' dir='ltr'>siut.</span> 
     </span>
     <span class='ocr_line' id='line_1_102' title="bbox 1802 798 1899 817; baseline 0 0"><span class='ocrx_word' id='word_1_509' title='bbox 1802 798 1899 817; x_wconf 73' lang='lat' dir='ltr'>subtecti.</span> 
     </span>
    </p>
   </div>
   <div class='ocr_carea' id='block_1_18' title="bbox 1799 1035 1985 1189">
    <p class='ocr_par' dir='ltr' id='par_1_19' title="bbox 1799 1035 1985 1189">
     <span class='ocr_line' id='line_1_103' title="bbox 1827 1035 1985 1056; baseline 0 0"><span class='ocrx_word' id='word_1_510' title='bbox 1827 1035 1953 1056; x_wconf 49' lang='lat' dir='ltr'>corumdem</span> <span class='ocrx_word' id='word_1_511' title='bbox 1965 1042 1985 1056; x_wconf 74' lang='lat' dir='ltr'>o-</span> 
     </span>
     <span class='ocr_line' id='line_1_104' title="bbox 1800 1066 1985 1089; baseline -0.005 -6"><span class='ocrx_word' id='word_1_512' title='bbox 1800 1066 1891 1088; x_wconf 77' lang='lat' dir='ltr'>xetnptto</span> <span class='ocrx_word' id='word_1_513' title='bbox 1907 1070 1919 1083; x_wconf 74' lang='lat' dir='ltr'>a</span> <span class='ocrx_word' id='word_1_514' title='bbox 1935 1069 1985 1089; x_wconf 81' lang='lat' dir='ltr'>qno-</span> 
     </span>
     <span class='ocr_line' id='line_1_105' title="bbox 1800 1096 1983 1115; baseline 0.011 -8"><span class='ocrx_word' id='word_1_515' title='bbox 1800 1096 1889 1115; x_wconf 68' lang='lat' dir='ltr'>⁴⁴ll1thtle</span> <span class='ocrx_word' id='word_1_516' title='bbox 1919 1096 1983 1115; x_wconf 48' lang='lat' dir='ltr'>eylst&#39;,</span> 
     </span>
     <span class='ocr_line' id='line_1_106' title="bbox 1800 1117 1985 1136; baseline 0 0"><span class='ocrx_word' id='word_1_517' title='bbox 1800 1118 1864 1136; x_wconf 75' lang='lat' dir='ltr'>etl-tm</span> <span class='ocrx_word' id='word_1_518' title='bbox 1886 1117 1906 1136; x_wconf 86' lang='lat' dir='ltr'>in</span> <span class='ocrx_word' id='word_1_519' title='bbox 1927 1122 1985 1136; x_wconf 75' lang='lat' dir='ltr'>rece·</span> 
     </span>
     <span class='ocr_line' id='line_1_107' title="bbox 1807 1145 1976 1167; baseline 0.012 -6"><span class='ocrx_word' id='word_1_520' title='bbox 1807 1145 1878 1167; x_wconf 78' lang='lat' dir='ltr'>ptione</span> <span class='ocrx_word' id='word_1_521' title='bbox 1906 1149 1976 1163; x_wconf 74' lang='lat' dir='ltr'>sacra-</span> 
     </span>
     <span class='ocr_line' id='line_1_108' title="bbox 1799 1172 1923 1189; baseline 0 0"><span class='ocrx_word' id='word_1_522' title='bbox 1799 1172 1923 1189; x_wconf 66' lang='lat' dir='ltr'>mentorum.</span> 
     </span>
    </p>
   </div>
   <div class='ocr_carea' id='block_1_19' title="bbox 1798 1418 1984 1516">
    <p class='ocr_par' dir='ltr' id='par_1_20' title="bbox 1798 1418 1984 1516">
     <span class='ocr_line' id='line_1_109' title="bbox 1825 1418 1973 1437; baseline -0.007 0"><span class='ocrx_word' id='word_1_523' title='bbox 1825 1418 1909 1437; x_wconf 68' lang='lat' dir='ltr'>Annuus</span> <span class='ocrx_word' id='word_1_524' title='bbox 1936 1423 1973 1437; x_wconf 70' lang='lat' dir='ltr'>cen</span> 
     </span>
     <span class='ocr_line' id='line_1_110' title="bbox 1799 1445 1984 1469; baseline 0.005 -6"><span class='ocrx_word' id='word_1_525' title='bbox 1799 1450 1834 1463; x_wconf 69' lang='lat' dir='ltr'>sus</span> <span class='ocrx_word' id='word_1_526' title='bbox 1858 1445 1907 1464; x_wconf 60' lang='lat' dir='ltr'>stuli</span> <span class='ocrx_word' id='word_1_527' title='bbox 1931 1447 1984 1469; x_wconf 74' lang='grc' dir='ltr'><strong>Αιιυ·</strong></span> 
     </span>
     <span class='ocr_line' id='line_1_111' title="bbox 1798 1471 1983 1495; baseline 0.005 -6"><span class='ocrx_word' id='word_1_528' title='bbox 1798 1471 1885 1490; x_wconf 59' lang='lat' dir='ltr'>stolivae</span> <span class='ocrx_word' id='word_1_529' title='bbox 1905 1472 1983 1495; x_wconf 57' lang='lat' dir='ltr'>remot-</span> 
     </span>
     <span class='ocr_line' id='line_1_112' title="bbox 1799 1497 1883 1516; baseline 0 0"><span class='ocrx_word' id='word_1_530' title='bbox 1799 1497 1883 1516; x_wconf 60' lang='lat' dir='ltr'>venulus.</span> 
     </span>
    </p>
   </div>
   <div class='ocr_carea' id='block_1_20' title="bbox 1795 1784 1982 1938">
    <p class='ocr_par' dir='ltr' id='par_1_21' title="bbox 1795 1784 1982 1938">
     <span class='ocr_line' id='line_1_113' title="bbox 1818 1784 1981 1810; baseline 0 -6"><span class='ocrx_word' id='word_1_531' title='bbox 1818 1784 1930 1810; x_wconf 74' lang='lat' dir='ltr'>Dignitatis</span> <span class='ocrx_word' id='word_1_532' title='bbox 1941 1785 1981 1810; x_wconf 83' lang='lat' dir='ltr'>pri-</span> 
     </span>
     <span class='ocr_line' id='line_1_114' title="bbox 1797 1812 1981 1837; baseline 0.011 -8"><span class='ocrx_word' id='word_1_533' title='bbox 1797 1812 1864 1833; x_wconf 73' lang='lat' dir='ltr'>vatio.</span> <span class='ocrx_word' id='word_1_534' title='bbox 1880 1814 1944 1837; x_wconf 70' lang='lat' dir='ltr'>atque</span> <span class='ocrx_word' id='word_1_535' title='bbox 1960 1817 1981 1831; x_wconf 81' lang='lat' dir='ltr'>a·</span> 
     </span>
     <span class='ocr_line' id='line_1_115' title="bbox 1795 1837 1981 1858; baseline 0 -1"><span class='ocrx_word' id='word_1_536' title='bbox 1795 1837 1894 1858; x_wconf 72' lang='lat' dir='ltr'>nathema</span> <span class='ocrx_word' id='word_1_537' title='bbox 1909 1840 1981 1857; x_wconf 71' lang='lat' dir='ltr'>contra</span> 
     </span>
     <span class='ocr_line' id='line_1_116' title="bbox 1796 1864 1982 1890; baseline 0 -6"><span class='ocrx_word' id='word_1_538' title='bbox 1796 1864 1909 1884; x_wconf 33' lang='lat' dir='ltr'>violatores</span> <span class='ocrx_word' id='word_1_539' title='bbox 1919 1870 1982 1890; x_wconf 69' lang='grc' dir='ltr'><strong>[ιι-ιιι·</strong></span> 
     </span>
     <span class='ocr_line' id='line_1_117' title="bbox 1795 1891 1981 1916; baseline 0.005 -6"><span class='ocrx_word' id='word_1_540' title='bbox 1795 1891 1843 1916; x_wconf 68' lang='lat' dir='ltr'>legit</span> <span class='ocrx_word' id='word_1_541' title='bbox 1856 1891 1918 1911; x_wconf 84' lang='lat' dir='ltr'>huius</span> <span class='ocrx_word' id='word_1_542' title='bbox 1929 1891 1981 1911; x_wconf 73' lang='lat' dir='ltr'>incli-</span> 
     </span>
     <span class='ocr_line' id='line_1_118' title="bbox 1795 1918 1855 1938; baseline 0.017 -1"><span class='ocrx_word' id='word_1_543' title='bbox 1795 1918 1855 1938; x_wconf 84' lang='lat' dir='ltr'>citur.</span> 
     </span>
    </p>
   </div>
  </div>
 </body>
</html>
