2180 3205
56 219 104 248 An.
125 218 154 246 C.
172 218 239 246 ¹¹02

886 218 1061 240 0150111115
1089 218 1109 239 11
1140 218 1187 239 Pt‘.

1688 207 1760 240 223

82 279 239 310 remansura-
268 280 395 307 auctore
419 271 596 318 praesidere
629 272 845 317 cognosceris,
882 271 940 304 snb
968 279 1015 304 tn-
1062 270 1343 314 1111113101’1’113113,
1370 271 1535 305 ecclesiam
1559 270 1666 305 Sancti
1696 271 1806 317 Angeli

91 309 239 328 monasterium

55 311 181 359 {Sophiae
200 333 238 353 11111

56 359 141 381 tutelam
176 359 239 380 Sedis

56 386 188 412 Apontoticao
205 392 238 407 ro-

56 412 113 439 cipit.

63 913 235 941 continuati-qno

55 941 167 972 privilegiis
192 946 235 961 om·

55 967 234 1015 ”lffiosssoflifssss'

80 1019 215 1051 Pontificibus

55 1051 167 1072 contenis,

54 1146 76 1166 ot
87 1143 146 1165 bonis
156 1143 183 1164 ad
193 1149 234 1164 mo<

54 1172 166 1192 antei-ium
196 1170 234 1191 1111-

54 1196 141 1218 immadi
171 1197 234 1223 pei-ti-

54 1223 150 1246 uentibus
160 1240 165 1248 .
179 1229 234 1251 quae

35 1251 38 1255 ’
55 1253 167 1272 numerat.

264 320 358 355 telam
399 329 428 355 et
455 320 704 355 iurisdictionem
736 320 827 355 Sedis
855 320 1015 366 Apostoli-

265 381 332 410 cac,
355 370 435 404 sicut
459 370 610 404 hactenus
633 369 758 413 mansit,
782 378 934 416 perpetuo
950 381 1017 414 per-

264 430 393 453 manere
443 420 616 466 praesentis
657 419 787 464 paginae
831 418 1016 451 auctoritate

262 467 442 503 sancimus:
486 476 518 502 ut
559 468 616 502 soli
656 468 818 502 Romanae
853 466 1014 500 Ecclesiae

261 516 437 561 subditum,
459 517 499 551 ab
512 517 653 552 oninium
667 516 877 550 Ecclesiarum
893 527 1013 548 necnon

262 573 290 599 01
331 578 536 613 personarum
573 566 645 611 iugo
685 565 817 598 liberum
853 564 1012 598 habeatur.

262 612 385 649 Cuncta
404 616 510 659 0113111,
529 627 609 661 quae
629 613 927 660 praedecessoribus
943 613 1014 652 tuis,

262 663 310 698 vel
339 664 410 704 nbi,
437 664 474 699 ad
509 663 650 698 eiusdem
687 662 869 697 monasterii
899 662 1015 696 11111110-

261 712 412 757 nitatcm,
450 713 496 747 vel
538 712 796 759 possessionen),
835 719 1013 746 nostrorum

263 761 544 809 praedecessorum
573 769 646 796 sunt
669 761 838 807 privilegiis
856 761 1014 803 attributa,

261 822 322 845 nos
353 823 480 858 quoque
507 810 560 845 tibi
576 811 715 854 iuxta(l)
729 822 762 844 ac
778 809 1014 843 successoribus

265 859 329 894 tuis
367 860 551 906 regulariter
592 859 816 906 promovendis
857 858 1012 905 praesenti

264 909 430 956 privilegio
452 908 695 943 contribuimus.
722 908 827 942 Cellas
851 916 1013 954 propterea

264 957 313 992 vel
336 957 488 993 ecclesias
510 958 556 992 vel
584 957 685 996 villas,
719 969 799 1003 quae
828 956 1014 1003 praedeces-

264 1018 372 1041 sorum
398 1016 522 1042 tuorum
547 1007 592 1041 vel
611 1016 662 1041 tua
679 1006 831 1040 industria
856 1005 1014 1052 praedicto

265 1055 410 1091 videntur
436 1056 590 1091 coenobio
618 1057 697 1090 iuste
723 1068 759 1090 ac
787 1054 1015 1089 rationabiliter

263 1104 458 1151 adquisitae,
508 1105 713 1151 possidendas
753 1105 782 1138 in
829 1112 1013 1150 perpetuum

265 1155 508 1189 confirmamus:
537 1155 567 1188 id
595 1163 641 1189 cst
668 1153 835 1187 ecclesiam
863 1152 896 1187 8,
919 1153 1015 1187 Bene-

267 1203 340 1238 dicti
364 1216 444 1250 quae
473 1203 589 1237 dicitnr
614 1202 864 1238 xenodochium,
891 1202 924 1235 S.
959 1201 1014 1235 Iu—

269 1253 362 1287 311015
399 1253 611 1300 praecursoris
647 1252 775 1286 Domini
813 1252 910 1285 nostri
946 1250 1014 1284 lesu

270 1302 400 1339 Christi,
423 1301 456 1336 S.
481 1301 675 1348 Enplieniiae
698 1301 842 1346 virginis,
865 1300 898 1334 S.
921 1300 1014 1339 Petri,

267 1363 348 1397 quae
369 1351 485 1385 [licitur
506 1350 654 1389 Tonsuri,
677 1350 809 1385 Sanctae
824 1349 940 1383 Mariae
957 1348 1016 1382 Ro·

266 1399 384 1434 tundae
412 1401 490 1434 intra
531 1401 630 1447 ipsam
665 1400 820 1434 civitatem
848 1398 1014 1432 Beneven—

266 1457 394 1488 tanam,
426 1449 590 1484 ecclesiam
619 1449 751 1483 Sanctae
772 1448 888 1482 Mariae
909 1447 1015 1482 Geni-

270 1499 357 1533 tricis
382 1511 568 1546 semperque
589 1498 729 1544 Virginis
756 1510 790 1531 ac
813 1497 918 1531 Matris
945 1496 1012 1531 lesu

263 1546 402 1587 Christi,
424 1548 588 1582 ecetesiam
612 1548 717 1582 Sancti
740 1546 823 1581 Petri
847 1545 1014 1592 apostolo—

262 1610 331 1631 rum
370 1597 534 1644 principis,
568 1597 733 1631 ecclesiam
756 1596 863 1630 Sancti
892 1595 1012 1629 Nicotai

259 1647 416 1691 episcopi,
431 1645 538 1680 Sancti
552 1646 676 1680 Erasmi
688 1645 889 1683 confessoris,
905 1644 1012 1678 Sancti

259 1694 405 1728 Martiani
442 1695 607 1742 martyris,
633 1695 769 1730 Sanctae
790 1694 930 1740 Sophiae
953 1694 1014 1727 rir-

259 1744 355 1790 31015,
377 1743 485 1778 Sancti
515 1744 626 1790 Augeli
649 1744 732 1778 foras
758 1744 899 1778 eamdem
929 1743 1014 1777 civi-

262 1802 355 1827 taten·
380 1792 648 1836 Beneventauam,
670 1793 700 1827 in
728 1793 871 1827 Pantano
905 1792 1013 1826 eccle-

260 1843 340 1876 siam
386 1842 493 1877 Sancti
537 1842 721 1884 Benedicti,
758 1842 864 1876 Sancti
906 1840 1013 1876 Vitalis

262 1892 418 1938 martyris,
440 1891 546 1926 Sancti
576 1892 722 1926 Mercurii
743 1892 825 1937 apud
843 1890 1012 1930 Olivolarn,

260 1941 367 1975 Sancti
392 1941 524 1986 Angeli,
560 1941 695 1976 Sanctae
721 1941 836 1974 Mariae
859 1941 896 1974 de
929 1939 1012 1974 Scol-

260 1997 367 2024 catura
390 2002 462 2024 0001
486 1991 552 2024 suis
575 1990 725 2025 omnibus
748 1989 958 2037 pertinentiis,
982 1990 1011 2023 in

261 2038 339 2073 vado
361 2038 459 2073 Azara
489 2039 595 2073 Sancti
618 2039 795 2081 Benedicti,
831 2039 860 2072 in
884 2037 1013 2072 Fall'one

261 2087 368 2122 Sancti
393 2087 615 2127 Valentiniani,
651 2089 734 2134 apud
760 2087 876 2122 Votum
909 2087 1013 2121 eccle-

261 2137 338 2171 siam
359 2136 467 2171 Sancti
496 2137 610 2172 Felicis
633 2149 693 2172 una
720 2149 791 2172 cum
823 2136 913 2171 terris
934 2137 1012 2177 suis,

261 2186 294 2220 10
321 2185 460 2221 Corneto
486 2186 592 2221 Sancti
620 2186 795 2234 Sylvestri,
831 2186 860 2220 in
888 2185 1012 2220 duabus

262 2234 337 2269 rivis
362 2235 495 2270 Sanctae
517 2236 646 2279 Mariae,
675 2236 704 2270 in
728 2235 883 2270 Partitulo
905 2234 1011 2269 Sancti

261 2284 424 2329 Martiani,
446 2285 477 2319 10
504 2285 664 2320 Cucciano
686 2285 720 2319 S.
744 2284 828 2319 Petri
853 2283 1013 2331 apostolo-

262 2346 332 2369 rum
357 2333 522 2381 principis,
544 2335 574 2368 in
603 2334 726 2369 Pazano
747 2333 855 2369 Sancti
878 2333 1013 2376 Nicolai,

262 2382 337 2418 item
364 2383 540 2417 Beneventi
567 2383 600 2417 S.
628 2383 794 2430 Stephani,
818 2383 848 2416 in
872 2382 1012 2417 palearia

262 2431 398 2467 Sanctae
429 2432 545 2467 Mariae
568 2431 606 2467 dc
628 2432 822 2472 Lucernara,
858 2440 889 2466 01
911 2439 1014 2466 curtes

263 2480 353 2521 duas,
376 2482 490 2516 Sancta
513 2481 611 2516 Maria
634 2482 664 2515 in
687 2481 826 2521 Sableta,
848 2488 878 2515 ct
896 2480 1013 2515 Sancta

262 2529 359 2566 Maria
388 2531 418 2565 in
440 2530 612 2579 Templana
642 2531 672 2565 in
695 2530 819 2565 civitate
845 2541 926 2577 quae
949 2542 1015 2565 no-

298 2591 338 2632 (l)
355 2592 421 2629 Lege
438 2595 516 2621 iusta,

1059 332 1130 352 enin
1159 319 1247 353 cellis
1278 320 1355 358 suis,
1389 319 1423 354 S.
1451 319 1604 366 Stephani
1621 320 1650 354 in
1663 318 1807 359 Fronari.

1058 368 1164 402 Sancti
1196 367 1338 413 Gregorii
1368 369 1396 402 in
1426 368 1530 413 Escle,
1557 368 1664 404 Sancti
1693 369 1806 414 Angeli

1059 417 1087 449 in
1117 416 1239 455 l‘esclo,
1263 418 1291 450 in
1316 417 1466 464 Alipergo
1488 418 1653 453 0001051301
1673 417 1808 452 Sanctae

1059 465 1172 500 Mariae
1207 465 1363 511 Virginis,
1400 467 1564 501 ecelesiam
1599 467 1633 502 S.
1670 467 1806 513 Angeli,

1056 514 1163 549 Sancti
1204 514 1286 549 Petri
1323 515 1536 561 apostolorum
1572 516 1736 563 principis,
1768 515 1804 550 S.

1059 563 1165 602 Marri,
1189 563 1294 597 Sancti
1317 563 1456 607 10311015,
1483 564 1516 598 S.
1541 565 1698 600 Laurentii
1729 577 1808 599 mar·

1058 613 1131 659 tyris
1159 612 1331 655 fortissimi,
1356 612 1489 647 Sanctae
1513 613 1628 648 Luciae
1658 615 1806 659 virginis,

1058 662 1086 695 in
1110 660 1220 695 Casale
1243 661 1356 695 Alvulo
1378 661 1512 696 Sanctae
1533 662 1667 705 Mariae,
1699 664 1805 697 Sancti

1057 723 1182 757 quoqne
1205 710 1331 745 10301115
1354 711 1568 757 praecursoris
1595 711 1743 755 Domini,
1774 712 1805 746 in

1057 760 1161 793 Ascoli
1190 760 1296 793 Sancti
1321 759 1404 794 Petri
1429 761 1582 806 Apostoli,
1605 760 1712 795 Sancti
1740 760 1805 796 Dc-

1056 808 1160 842 sidcrii
1185 809 1214 842 in
1238 808 1367 850 illiceto,
1390 808 1496 843 Sancti
1522 809 1639 843 Ell'rern
1663 810 1693 844 in
1720 809 1806 844 Mor-

1057 865 1131 897 teto,
1156 857 1261 892 Sancti
1296 857 1379 891 Petri
1410 858 1492 904 apud
1515 858 1662 898 Asolam.
1698 859 1804 893 Sancti
1835 884 1845 892 .

1057 906 1200 941 Mercurii
1229 907 1312 954 apud
1345 906 1504 946 Biviuum,
1536 906 1644 942 Sancti
1680 907 1803 942 Martini

1056 956 1194 1002 episcopi
1222 956 1251 989 iu
1276 955 1414 1000 Biferno,
1444 957 1668 990 monasterium
1696 957 1804 992 Sancti

1057 1005 1170 1051 Angcli
1205 1017 1274 1038 cum
1304 1005 1390 1039 cellis
1417 1005 1501 1046 suis,
1532 1005 1560 1039 iu
1584 1005 1674 1040 Petra
1698 1006 1804 1040 Sancti

1057 1054 1181 1099 Angeli,
1216 1053 1249 1088 S.
1283 1054 1462 1096 Trinitatis,
1499 1055 1529 1088 in
1560 1054 1668 1089 Patara
1695 1055 1803 1089 Trindi

1056 1102 1162 1137 Sancti
1178 1102 1299 1148 Agelli,
1326 1103 1433 1138 Sancti
1462 1103 1544 1137 Petri
1573 1103 1603 1137 in
1632 1103 1750 1138 Balneo
1774 1105 1802 1137 in

1058 1152 1134 1186 valle
1159 1152 1310 1197 Luparia,
1345 1152 1479 1186 Sanctae
1506 1153 1617 1187 Crucis
1651 1154 1680 1186 in
1704 1153 1800 1187 Lino-

1057 1213 1144 1238 53110.
1166 1200 1273 1235 Sancti
1301 1201 1424 1235 Martini
1455 1202 1483 1235 in
1507 1201 1631 1243 illitale,
1658 1202 1691 1236 S.
1723 1202 1804 1235 Mar-

1056 1251 1147 1288 ciani,
1181 1250 1288 1284 Sancti
1316 1250 1429 1285 Istouis
1461 1250 1661 1295 archangeli.
1692 1250 1788 1286 Sanci

1056 1299 1207 1346 Stephani
1232 1301 1469 1346 protomartyris
1492 1301 1521 1333 iu
1547 1301 1592 1334 via
1620 1299 1788 1334 Tarentina

1058 1348 1086 1382 in
1116 1349 1160 1382 via
1188 1348 1294 1382 Terria
1317 1348 1351 1383 S.
1383 1349 1513 1393 Angeli,
1550 1349 1579 1382 111
1608 1349 1804 1383 1110151101·-

1056 1397 1145 1441 curii,
1168 1397 1201 1430 S.
1226 1397 1350 1436 Mariae,
1365 1397 1471 1431 Sancti
1495 1397 1601 1436 Marci,
1624 1397 1730 1432 Sancti
1748 1398 1803 1432 Sil-

1057 1447 1160 1485 vestri,
1188 1446 1322 1481 Sanctae
1350 1446 1464 1481 Mariae
1499 1446 1627 1481 Garoiui
1664 1447 1803 1489 abbatis,

1056 1496 1138 1541 apud
1161 1495 1307 1530 Sanctam
1331 1495 1483 1542 Agathan]
1507 1495 1540 1530 S.
1564 1496 1738 1537 Adiutoris,
1773 1497 1802 1530 in

1055 1544 1210 1579 Trevento
1232 1545 1314 1592 apud
1340 1545 1563 1579 monasterium
1587 1545 1620 1579 S.
1642 1546 1802 1579 Adiutoris

1055 1594 1162 1628 Sancti
1186 1594 1362 1633 Laurentii,
1397 1594 1480 1641 apud
1506 1593 1667 1628 Luceriam
1695 1593 1802 1629 Sancti

1054 1643 1220 1690 Stephani,
1247 1643 1328 1690 apud
1356 1643 1543 1678 Matalonem
1567 1643 1599 1677 S.
1624 1643 1748 1677 Martini
1769 1644 1799 1677 iu

1057 1692 1193 1733 Palmae,
1215 1692 1248 1727 S.
1273 1693 1470 1736 Aldeguudis
1497 1693 1626 1737 virginis
1657 1693 1685 1726 in
1708 1691 1803 1726 Galo-

1055 1741 1205 1784 Fechine,
1231 1741 1337 1776 Sancti
1360 1742 1525 1781 Mercurii,
1547 1742 1680 1776 Sanctae
1698 1741 1805 1788 Repa-

1055 1799 1149 1829 ratae,
1172 1790 1278 1825 Sancti
1295 1790 1458 1837 Stephani,
1483 1792 1511 1824 in
1535 1790 1751 1825 Galo-Noceto
1767 1791 1800 1825 S.

1055 1840 1157 1885 Magni
1199 1840 1307 1874 Heliae
1346 1841 1382 1874 ad
1419 1839 1568 1875 Sanctum
1606 1840 1802 1886 Stephanum

1055 1899 1221 1936 martyrem
1264 1889 1476 1923 invincibilem
1504 1890 1637 1924 Sanctae
1671 1889 1800 1926 Crucis.

1055 1938 1087 1972 S.
1110 1939 1246 1978 Martini,
1269 1938 1376 1973 Sancti
1398 1939 1559 1973 Simeonis
1582 1940 1610 1972 iu
1634 1938 1713 1973 Galo
1733 1939 1803 1973 Poi-

1055 1987 1154 2030 lucis,
1181 1987 1215 2022 S.
1239 1988 1390 2023 Iohannis
1417 1989 1446 2022 in
1477 1987 1591 2022 finibus
1618 1988 1803 2027 Lanieusis,

1054 2037 1187 2071 Sanctae
1210 2037 1325 2071 Mariae
1345 2037 1373 2071 in
1390 2036 1469 2071 Galo
1494 2037 1608 2077 Ellere,
1624 2037 1730 2071 Sancti
1751 2038 1805 2070 Ar—

1055 2086 1197 2132 changeli
1227 2087 1257 2120 in
1285 2085 1430 2129 Olicino,
1463 2086 1596 2121 Sanctae
1628 2087 1744 2120 Mariae
1773 2087 1803 2119 iu

1054 2133 1218 2179 Melanica,
1241 2135 1374 2170 Sanctae
1397 2135 1512 2170 Mariae.
1536 2136 1565 2169 in
1589 2135 1712 2170 civitate
1729 2135 1806 2169 Dra-

1055 2197 1186 2230 gonara,
1220 2184 1327 2219 Sancti
1352 2184 1514 2219 Benedicti
1542 2184 1623 2231 apud
1659 2183 1803 2227 Cannas,

1054 2234 1160 2268 8311011
1184 2233 1333 2268 1011301115
1356 2234 1385 2267 10
1410 2233 1571 2276 Abellino,
1598 2232 1705 2267 Sancti
1722 2232 1804 2267 Ger-

1056 2284 1154 2325 mani,
1181 2282 1315 2317 Sanctae
1337 2282 1452 2317 Mariae
1475 2283 1505 2316 in
1528 2282 1648 2317 Bellola
1672 2282 1701 2316 iu
1725 2281 1805 2316 Can-

1055 2331 1127 2371 diis,
1149 2331 1254 2366 Sancti
1279 2332 1390 2377 Angeli
1410 2343 1481 2366 cum
1501 2332 1602 2365 cellis:
1627 2331 1656 2365 in
1681 2331 1804 2366 civitate

1054 2380 1259 2426 Neapolitana
1291 2381 1427 2415 Sanctae
1455 2380 1567 2415 Crucis
1599 2381 1629 2414 in
1652 2380 1802 2415 Sessula.

1055 2430 1089 2464 S.
1112 2430 1276 2465 Michaelis
1303 2430 1480 2475 archangeli
1507 2430 1535 2463 in
1558 2429 1678 2470 Toceo,
1696 2430 1804 2464 Sancti

1056 2479 1168 2525 Angcli
1192 2480 1223 2513 10
1260 2488 1365 2513 monte
1393 2478 1643 2520 Foliolanensis,
1671 2479 1805 2514 Sanctae

1055 2528 1184 2563 Bennae
1212 2541 1273 2563 una
1295 2541 1365 2563 cum
1389 2528 1538 2563 omnibus
1565 2529 1706 2563 ecclesiis
1728 2529 1805 2572 suis,

1055 2577 1161 2613 Sancti
1186 2578 1334 2613 Marciani
1356 2586 1385 2612 et
1399 2577 1505 2617 Sancti
1527 2578 1639 2626 Angeli
1662 2578 1693 2613 10
1715 2578 1806 2615 Petra

1829 209 1879 237 Αη.
1900 210 1927 239 C.
1947 213 2013 241 110²
