2180 3205
792 236 966 263 enixi-wrm
1588 224 1593 229 ’
1641 235 1676 261 xi

81 295 160 344 qui,
205 293 413 343 longissimis
455 301 488 331 et
530 295 730 343 periculosis
773 294 937 330 consectis
985 294 1189 337 itineribus,
1233 294 1401 342 plurimos
1445 294 1482 330 in
1528 293 1678 330 tenebris

80 355 233 391 sedentes
259 361 292 390 et
319 353 442 389 untbra
466 353 588 389 mortis
615 354 656 389 ad
684 352 915 399 cognitionem
943 352 1011 387 veri
1040 352 1181 387 luminis
1208 353 1437 395 adduxeruut,
1457 352 1680 400 omnibusque

81 411 329 460 ‹mania-sacti,
360 411 562 447 innumeros
601 411 734 446 labores
772 410 985 445 exstulerunt
1024 416 1061 445 ut
1098 410 1231 445 Christo
1275 410 1463 458 permultos
1498 411 1679 446 lucriface-

83 477 158 507 rent
196 470 236 506 (¹³.
266 471 400 506 Suntne
437 469 603 505 barbarae
641 474 770 516 genteS,
809 479 897 515 (tuae
935 468 1024 503 Loca
1059 467 1185 503 Sancta
1223 479 1282 516 per
1317 469 1383 503 vim
1421 468 1486 504 sibi
1513 474 1681 516 usurpata

82 602 114 630 ‹ti
129 603 218 630 Roma
233 601 284 635 (11).
308 600 385 633 1589)
405 616 436 619 -
454 600 535 627 PETm
561 599 711 632 GallesiNu,
730 598 806 625 Ordo
822 598 1014 625 dedicationis
1029 598 1156 631 obelisci,
1178 607 1263 632 quem
1281 599 1316 625 D.
1335 598 1369 625 N.
1392 599 1491 626 Simius
1510 599 1533 626 V
1546 599 1579 626 P.
1598 599 1635 627 M.
1652 599 1681 625 in

81 649 144 683 soro
164 647 300 674 Vaticano
325 646 363 672 ast
379 645 485 672 limina
510 645 712 679 Apostolorum
735 643 827 671 erexit
850 646 900 670 ele.
926 642 1039 673 (lbidem
1063 643 1141 673 1587)
1159 658 1188 662 -
1205 642 1318 669 Gnoncu
1338 643 1436 673 zoam,
1458 644 1496 671 Dc
1521 644 1633 677 oriyine
1657 647 1683 671 el

84 699 137 720 usu
157 691 346 718 obeliscorum
362 689 476 725 (lbidcm
501 689 627 723 ¹1787J—
647 688 719 714 loAN.
742 687 822 714 [nvi.
844 687 980 718 (LPmANt,
998 688 1053 714 Sui
1077 687 1172 714 ‹loslz'ci
1188 687 1324 714 obelis-chi
1348 688 1432 722 essizi'i
1457 688 1506 714 che
1530 689 1683 714 adornano

83 737 111 763 la
127 736 197 764 citat
212 736 244 763 di
265 736 355 762 Roma
372 738 423 761 cti-1.
445 733 525 761 ilbiil.
550 734 625 766 ¹823}
639 749 670 752 —
683 733 785 760 :lunam
807 732 913 758 Maium
935 732 1062 763 Ramisi,
1081 733 1120 758 De
1135 732 1253 758 obelisco
1270 732 1402 759 Caesaris
1416 733 1541 766 „tityus-li
1555 741 1568 759 e
1585 733 1684 767 Campi

82 780 187 808 Martii
209 780 360 808 ruderibus
375 787 469 813 nuper
484 781 564 805 eruto
586 778 807 804 commentarius
822 776 901 811 (ibid.
924 776 1002 811 1750)
1018 792 1050 796 —
1065 777 1180 803 'l'nomn
1201 777 1325 808 (hamul,
1348 777 1546 804 Annotaziarii
1565 777 1684 804 storico-

82 825 204 853 crito-he
218 824 398 851 sult'obetisco
415 823 595 850 Sallus-ticino
610 822 690 857 (ibid.
714 821 791 851 1759}
805 837 836 841 —
856 821 978 848 Donttxtcl
1000 821 1137 855 FONTANA,
1157 822 1240 848 Delta
1256 823 1484 855 lrasporcazione
1500 821 1685 848 tletl'olieli'sco

88 869 223 897 Vaticano
237 867 320 903 (lbid.
343 866 422 901 1500,
443 870 469 893 et
489 866 574 902 Neap.
605 866 695 897 16111),
718 873 749 892 ac
769 865 876 892 demum
896 864 1072 896 lihnamon,
1092 866 1172 892 Delle
1188 874 1247 891 cose
1261 866 1433 899 qentilesrhe
1448 874 1462 892 e
1476 865 1596 900 prosarie
1611 869 1685 893 irae:-

81 916 194 949 portate
209 913 246 940 ad
260 921 309 939 mo
325 921 338 938 e
354 912 392 938 cul
406 914 576 938 ornanti-nlo
593 910 663 937 delle
677 911 777 938 chiese.
794 926 828 930 -
845 910 957 946 Reliqua
982 910 1104 937 consulto
1124 910 1290 943 omittimus3
1316 909 1414 936 etenim
1439 918 1517 937 nemo
1547 909 1684 937 historiam

83 957 214 986 honarum
234 957 351 991 artium,
374 956 412 984 rei
441 956 599 989 litterariae,
625 954 851 986 Universitatiun,
873 958 902 982 ut
930 959 1043 990 vocant,
1064 954 1340 990 Acadeniiarumque,
1363 955 1506 982 illustrium
1528 964 1687 983 monumen-

84 1005 171 1031 torum
201 1010 346 1038 rerumque
378 1000 597 1028 admirandarum
618 1000 699 1026 ullam
727 1003 773 1027 aut
801 999 857 1027 sere
887 999 969 1026 ullam
999 999 1139 1035 perleget,
1171 1001 1235 1035 quin
1265 999 1378 1026 alicuius
1409 1000 1519 1026 Romani
1551 1000 1686 1027 l‘ontiliris

83 1055 182 1075 nomen
202 1050 335 1075 occurrat.
367 1046 404 1073 Ex
433 1054 485 1082 quo
516 1045 554 1078 sil,
576 1048 606 1072 ut
633 1045 679 1081 qui
700 1044 842 1072 addiscere
874 1045 964 1080 cupiat
992 1053 1036 1071 res
1057 1044 1157 1080 optime
1179 1053 1226 1080 per
1246 1053 1293 1072 eos
1313 1044 1385 1072 domi
1406 1044 1525 1081 forisque
1544 1049 1644 1080 gestas,
1666 1045 1688 1072 is

85 1091 206 1128 perbelle
226 1091 349 1119 consulat
369 1090 464 1118 horum
485 1089 657 1125 biographos,
680 1089 706 1116 in
726 1089 825 1125 quihus
839 1111 846 1123 ,
876 1090 964 1116 missis
993 1087 1204 1116 accuratissimis
1235 1089 1456 1125 monographiis,
1477 1090 1550 1117 iuxta
1570 1094 1687 1117 mentem

84 1140 204 1164 nostram
223 1135 340 1171 plurima
360 1135 479 1162 inveniet
503 1134 643 1161 revolvens
666 1133 794 1160 CMETANJ
810 1133 933 1167 Monom,
949 1141 1016 1168 opus
1031 1133 1083 1160 iam
1099 1141 1181 1169 supra
1195 1137 1317 1160 notatum
1335 1134 1377 1160 cui
1395 1133 1496 1160 titulus:
1515 1134 1688 1161 Dizionari'o

84 1181 116 1209 di
129 1180 302 1209 erudizione
317 1178 629 1207 norico-ecclesiastica
645 1181 694 1204 etr.
714 1177 844 1212 (Venetiis
866 1178 1041 1212 1839-1861),
1059 1177 1105 1204 ubi
1122 1177 1211 1204 omnia
1227 1182 1289 1204 sunt
1311 1177 1448 1213 descripta
1467 1187 1537 1213 quae
1557 1179 1590 1206 ad
1606 1183 1688 1209 artes,

85 1224 119 1252 ad
134 1223 271 1258 scientias,
288 1223 321 1250 ad
337 1223 437 1250 bonum
453 1222 665 1258 promovendum
681 1225 762 1257 atquc
778 1220 996 1256 amplificandum
1012 1229 1122 1256 gessere
1138 1221 1165 1248 hi
1180 1221 1266 1248 sancti
1282 1221 1419 1255 homines,
1437 1222 1534 1249 deinde
1549 1223 1689 1249 Banrono-

87 1275 180 1296 uel-:un
201 1268 348 1299 ΡιΑΤΙΝΑΜ,
366 1267 401 1294 In
426 1267 498 1295 vitas
520 1274 700 1294 summorum
721 1266 907 1300 Pontificum,
923 1270 988 1300 etc„
1013 1265 1182 1300 Panvinium,
1205 1266 1351 1298 Baluzium,
1377 1266 1497 1301 Burium,
1523 1267 1688 1299 Sandinium‚

86 1312 253 1348 Sangassum,
270 1312 393 1348 Pagium,
411 1311 592 1345 simonium,
610 1310 763 1346 Oldoinum,
781 1310 991 1344 Guarnaccium,
1009 1310 1196 1346 Ciampinium,
1214 1311 1374 1346 Palazzium,
1392 1311 1553 1339 Novaesium
1569 1312 1690 1348 aliosque

86 1366 202 1394 quorum
222 1361 250 1385 et
267 1356 377 1385 nomina
396 1364 539 1383 recensere
556 1357 665 1391 longum
681 1359 763 1382 esset.

121 1401 160 1437 (1)
180 1401 266 1432 Quum
282 1401 315 1427 de
331 1401 458 1428 omnibus
478 1400 550 1435 loqui
570 1408 737 1435 nequeamus
752 1400 816 1435 quin
833 1399 859 1426 in
876 1400 1036 1426 immensum
1048 1404 1184 1427 i-xcrescal
1198 1401 1293 1434 oratio,
1310 1400 1412 1436 aliquid
1426 1401 1459 1428 de
1475 1410 1528 1428 una
1551 1403 1691 1430 Volicana

85 1445 262 1474 Bibliothnca
290 1445 410 1471 innuisse
440 1444 505 1471 satis
524 1444 569 1470 sit.
592 1444 648 1475 llla,
671 1444 692 1470 si
713 1444 791 1470 tidem
813 1443 962 1471 habeamus
983 1444 1114 1471 PANx'lxto
1132 1445 1188 1479 (De
1208 1445 1284 1472 Bibl.
1316 1446 1426 1480 Pontis.
1460 1447 1562 1481 Vatia,
1593 1446 1693 1474 Tarra-

86 1490 276 1524 conae158'1),
300 1489 431 1525 originem
451 1489 525 1516 ducit
545 1497 559 1515 a
579 1488 605 1515 S.
628 1488 766 1515 Clemente
786 1489 807 1521 J,
834 1489 880 1524 qui
900 1489 986 1524 primo
1008 1489 1145 1516 Ecclesiae
1166 1490 1273 1517 saeculo
1295 1498 1354 1516 eam
1380 1491 1466 1517 erexit
1485 1491 1628 1525 (Rispom,
1651 1492 1692 1518 De

88 1535 222 1563 Biblioth.
251 1535 389 1561 Latet-an.
411 1542 435 1560 c.
455 1540 512 1565 xiv,
534 1542 558 1569 p.
581 1533 654 1560 8211).
677 1534 706 1559 ln
727 1533 814 1560 Libro
845 1533 1011 1568 pontificati
1035 1534 1178 1561 Axasrasu
1197 1534 1396 1562 bibliothecarii
1418 1535 1515 1571 legitur
1535 1536 1560 1563 S.
1583 1537 1691 1564 llarium

88 1579 278 1607 Pont.Maxim.
291 1579 357 1606 duas
369 1578 549 1605 Bibliothecas
560 1577 745 1604 aedificavisse
755 1577 787 1605 ad
797 1578 952 1605 &Ioannis
963 1579 1001 1605 ad
1011 1579 1145 1613 Fontem,
1157 1579 1256 1614 quibus
1266 1580 1371 1607 tertiam
1385 1584 1478 1616 postea
1487 1581 1634 1616 Gregorius
1646 1582 1690 1614 Ill,

85 1624 194 1652 saeculo
213 1630 270 1658 vm,
292 1623 404 1652 addidit.
435 1623 527 1657 Haec,
549 1631 618 1658 quae
652 1622 833 1650 Bibliotheca
862 1623 986 1650 Sanctae
1015 1624 1097 1650 Sectis
1122 1623 1193 1651 dicta
1219 1629 1269 1654 est,
1291 1626 1318 1651 iii
1339 1625 1472 1652 Laterano
1493 1625 1542 1652 fuit
1563 1627 1691 1662 quamdiu

87 1667 154 1696 inibi
174 1667 286 1695 Romani
307 1668 453 1695 Pontifices
473 1667 572 1694 morati
586 1670 663 1694 sunt:
686 1668 741 1703 qui,
759 1667 806 1694 ubi
820 1667 936 1704 primum
957 1667 1038 1695 aedes
1058 1669 1204 1695 Vaticanas
1219 1669 1402 1705 incoluerunt,
1420 1670 1558 1698 illuceam
1574 1675 1692 1698 transtu<

85 1713 184 1740 leru'nt.
206 1713 281 1740 Hanc
308 1713 334 1740 S.
365 1712 507 1740 Zacliaiias
536 1721 606 1739 anno
636 1719 741 1739 Dcchu
757 1735 763 1745 ‚
785 1712 963 1747 instauravit,
986 1714 1141 1749 caeterique
1161 1713 1316 1744 Pontifices,
1338 1723 1423 1750 usque
1452 1715 1485 1742 ad
1506 1715 1651 1742 Clementis
1670 1716 1690 1742 V

87 1761 218 1794 tempora,
239 1757 285 1794 qui
305 1766 376 1785 anno
396 1764 482 1785 mcccv
503 1757 673 1784 Avenionem
694 1757 769 1784 duxit
788 1766 848 1785 cuin
870 1758 1003 1785 t'atredra
1033 1758 1172 1786 Pontificia
1201 1759 1409 1791 bibliothecam3
1430 1760 1502 1787 unde
1522 1761 1651 1788 Martinus
1671 1761 1691 1787 V

84 1803 265 1839 (ΜΠ-1631)
285 1803 394 1830 lloinam
414 1803 535 1835 reduxit,
556 1803 627 1830 illius
653 1803 777 1839 reliquiis
797 1803 851 1830 huc
872 1803 980 1832 demum
1009 1803 1151 1839 asportatis
1172 1803 1221 1831 sub
1244 1804 1289 1831 Pio
1309 1805 1332 1831 V
1351 1808 1378 1832 et
1398 1805 1430 1832 VI
1452 1806 1531 1840 (1566
1552 1809 1579 1833 et
1603 1806 1689 1841 1784).

87 1847 151 1876 Post
176 1847 442 1883 transmigrationem
471 1848 687 1875 Avenionensem
715 1847 873 1875 nominandi
902 1848 1013 1875 veniunt
1042 1848 1167 1875 Nicolaus
1188 1849 1207 1874 V
1228 1849 1284 1884 qui,
1312 1849 1391 1876 bonis
1412 1850 1517 1877 artibus
1545 1851 1688 1883 revocatis,

87 1893 190 1929 primus
209 1892 278 1920 hanc
298 1892 493 1920 bibliothecam
515 1893 702 1921 vetustissimis
723 1893 873 1925 codicibus,
896 1893 1027 1920 Graeciae
1043 1897 1070 1920 et
1085 1893 1203 1921 Ouientis
1223 1894 1326 1921 exuviis
1344 1895 1535 1930 (itm-1455),
1551 1896 1691 1922 exornavit

85 1937 128 1972 (V.
149 1937 254 1965 AENEAM
273 1937 392 1969 Savium,
414 1938 456 1964 De
471 1941 548 1965 statu
565 1939 698 1973 Europae
723 1939 772 1965 sub
798 1938 948 1965 Preterion
973 1939 1029 1971 III,
1055 1938 1125 1966 inter
1147 1939 1304 1973 Scriptores
1327 1940 1383 1967 ΒΗ,
1401 1941 1537 1968 German.
1561 1940 1688 1975 Famem,

86 1985 106 2010 t.
127 1989 156 2017 11,
177 1991 203 2019 p.
226 1982 278 2009 156
291 1986 318 2010 et
333 1983 422 2018 seq.);
445 1982 573 2009 Callixtus
589 1983 624 2009 lll
644 1983 746 2016 (1456),
767 1982 855 2009 S-xtus
873 1983 903 2009 lv
919 1982 1023 2017 (1480),
1040 1983 1093 2010 Leo
1113 1983 1133 2010 X
1147 1984 1250 2018 (1515),
1267 1983 1313 2019 qui
1332 1984 1405 2010 illam
1425 1984 1555 2017 ditarunt,
1573 1985 1690 2020 amplifi-

87 2031 193 2062 carunt,
212 2027 396 2054 instruxerunt
415 2027 600 2054 munificentia
621 2036 682 2054 vere
703 2027 796 2063 regali.
815 2028 876 2054 l'ost
896 2027 997 2055 Urbem
1018 2036 1033 2055 a
1053 2028 1185 2055 militibus
1206 2033 1336 2055 vastatam
1353 2029 1543 2056 Contestabilis
1564 2029 1690 2057 Boi-bonii

87 2075 170 2106 (anno
194 2072 284 2107 2527).
305 2072 370 2099 Pius
389 2073 422 2101 V.
443 2072 587 2107 Gregorius
615 2072 673 2099 xlll
694 2076 721 2099 et
741 2072 850 2099 Paullus
871 2072 887 2098 V
909 2072 1063 2099 vaticanam
1080 2073 1274 2100 Bibliothecam
1292 2082 1389 2109 magna
1408 2082 1441 2101 ex
1460 2078 1537 2109 parte
1556 2074 1689 2110 direptam

87 2121 116 2144 et.
134 2117 273 2144 iucensam
300 2121 478 2144 renovarunt:
502 2117 578 2144 cuius
605 2116 778 2144 nihilominus
807 2126 905 2153 parcns
934 2117 1067 2144 dicendus
1091 2122 1131 2144 est
1160 2118 1248 2145 Sixtus
1269 2119 1299 2152 V,
1321 2119 1366 2154 qui
1386 2127 1456 2146 anno
1479 2120 1557 2151 1586,
1581 2124 1688 2146 centum

87 2162 278 2189 caementariis
297 2162 530 2194 adlaboraniibus,
551 2166 578 2189 et
599 2166 706 2189 centum
726 2162 857 2197 pictoriae
872 2162 938 2189 artis
957 2163 1093 2197 magistris
1113 2163 1318 2195 exornaotibus,
1335 2172 1418 2191 novas
1437 2164 1519 2191 aedes
1540 2166 1690 2191 construxit

89 2206 165 2242 (Vide
185 2207 289 2234 ANGELt
311 2207 400 2234 RoccA
420 2215 487 2242 opus
506 2206 677 2242 inscriptum,
699 2207 879 2234 Bibliotheca
905 2208 1071 2242 Vaticano).
1090 2207 1197 2235 Paullus
1217 2208 1236 2235 V
1258 2208 1421 2235 tabularium
1442 2209 1556 2242 addidit,
1582 2213 1608 2236 et
1628 2210 1688 2236 osti—

89 2252 176 2279 cinam
206 2251 343 2279 librariam
373 2251 399 2278 iu
429 2251 537 2279 easdem
565 2251 646 2278 aedes
674 2251 766 2286 xoluit,
797 2260 879 2287 qnam
910 2251 971 2278 Pius
991 2252 1022 2279 1v
1044 2253 1120 2287 prius
1149 2253 1306 2286 dedicarat,
1329 2253 1420 2281 Paullo
1440 2253 1558 2280 Manutio
1578 2258 1689 2281 curante

88 2297 132 2329 (V.
152 2297 299 2324 Aucusrisl
319 2296 397 2328 ΤΑΙΑ,
422 2296 602 2324 Descrtzione
617 2296 663 2322 del
678 2297 800 2323 Patazzo
817 2296 981 2330 Apostolico
1000 2297 1148 2331 Vaticano,
1166 2297 1265 2324 Romae
1282 2298 1369 2331 1750).
1392 2298 1538 2333 Gregorius
1554 2299 1598 2325 XV
1617 2299 1690 2326 illam

90 2340 183 2368 ditavit
201 2340 288 2373 libris,
304 2349 372 2376 quos
389 2341 527 2368 Palatina
542 2341 790 2376 Heidelberqevisis
806 2341 939 2376 capiebat,
958 2341 1038 2368 misso
1054 2341 1087 2368 ad
1104 2341 1154 2369 hoc
1169 2342 1196 2368 in
1212 2343 1384 2369 Germaniam
1401 2343 1439 2369 Cl.
1456 2343 1545 2370 Leone
1561 2343 1687 2370 Allaccio:

91 2385 241 2413 Alexander
261 2385 303 2412 Yll
324 2394 418 2412 omnes
437 2385 531 2415 libros,
547 2394 616 2420 quos
637 2385 723 2412 Duces
742 2385 911 2413 Urbinatium
937 2387 1017 2422 longo
1045 2386 1133 2413 studio
1160 2391 1371 2422 congesserant,
1393 2391 1497 2423 emptos
1517 2388 1611 2415 decem
1631 2389 1690 2415 mil-

91 2429 162 2458 libus
182 2429 281 2464 aureis,
302 2429 329 2456 in
357 2438 416 2456 eam
436 2430 604 2465 deportavit:
627 2429 778 2457 Alexander
807 2435 895 2458 autem
926 2430 982 2458 Vlll
1013 2433 1148 2458 variarum
1178 2432 1332 2466 linguarum
1362 2432 1490 2467 codices,
1510 2441 1578 2468 quos
1598 2433 1693 2468 regina

90 2473 238 2502 Svedorum
257 2474 394 2501 Cliristina
408 2474 570 2502 lectissimos
590 2474 746 2510 reliquerat,
763 2475 882 2502 adiunxit
897 2475 936 2508 (V.
953 2476 1089 2508 BoNNANi,
1106 2477 1287 2504 Numz'smata
1304 2477 1488 2512 Pontificum,
1506 2481 1524 2504 t.
1542 2484 1569 2511 11,
1587 2486 1613 2513 p.
1630 2478 1691 2512 802)

91 2519 216 2546 Clemens
234 2518 267 2546 Xl
284 2519 404 2546 omnium
428 2519 485 2546 fere
507 2520 658 2554 linguarum
688 2520 835 2554 volumina,
857 2528 901 2547 an.
925 2527 1018 2555 nancei,
1045 2521 1157 2555 addidit,
1183 2530 1234 2548 nec
1256 2530 1311 2548 non
1338 2522 1445 2549 codices
1465 2521 1611 2549 orientales
1632 2524 1692 2558 plu-

90 2564 184 2597 rimas,
205 2563 294 2591 missis
314 2563 341 2590 in
356 2563 501 2600 AEgyptum
521 2569 548 2591 et
568 2564 702 2600 Assyriam
727 2564 814 2591 doct³s
835 2564 908 2598 viris,
930 2565 1101 2601 praesidente
1122 2566 1306 2597 Assemanno,
1327 2566 1373 2602 qui
1402 2566 1461 2593 illos
1490 2575 1586 2602 magno
1607 2567 1692 2602 pretio

92 2613 224 2636 emerent.
239 2608 315 2639 Quod
330 2612 357 2635 et
376 2609 501 2636 Clemens
514 2609 574 2643 Xll,
592 2613 619 2636 et
634 2608 796 2636 Benedictus
816 2609 880 2642 xlv,
896 2613 923 2636 et
937 2610 990 2637 duo
1011 2610 1163 2638 clementes
1183 2610 1241 2637 Xlll
1261 2615 1288 2637 et
1307 2611 1373 2646 xlv,
1390 2616 1417 2638 et
1437 2620 1531 2638 omnes
1547 2615 1693 2647 sequentes

91 2652 237 2680 Pontifices
250 2653 284 2680 ad
303 2653 374 2679 hanc
393 2653 475 2684 diem.
497 2662 605 2689 semper
624 2662 692 2681 novo
713 2654 802 2681 studio
829 2654 1032 2689 continuarunt,
1054 2659 1083 2682 ut
1103 2655 1195 2683 videre
1216 2660 1266 2690 est,
1288 2655 1358 2683 inter
1384 2656 1461 2689 alios,
1482 2657 1509 2683 in
1529 2656 1604 2683 hisce
1624 2657 1692 2683 scri-

91 2697 215 2733 ptoribus
237 2706 305 2733 quos
329 2697 446 2725 libenter
466 2698 509 2725 hic
532 2698 685 2732 referimus,
707 2703 736 2726 ut
754 2698 888 2726 bonorum
907 2707 1055 2727 consensus
1082 2708 1174 2728 rerum
1199 2700 1340 2728 veritatem
1361 2701 1433 2727 ultro
1454 2701 1551 2728 firmet.
1573 2701 1691 2734 Ganrru,

94 2743 204 2778 Greqor
226 2743 310 2775 XVI;
331 2743 392 2769 sein
409 2744 501 2770 Leben
526 2745 586 2771 und
609 2745 672 2771 sein
701 2744 828 2777 Wt'rken,
849 2745 1025 2773 Trouerrede
1041 2754 1069 2773 u.
1086 2755 1108 2773 s.
1125 2753 1160 2773 w.
1180 2746 1218 2781 (S.
1233 2745 1303 2773 Gall.
1318 2745 1406 2779 1846);
1427 2746 1503 2773 BERG
1518 2746 1690 2780 anmmus,
