<?xml version="1.0" encoding="UTF-8"?>
<!DOCTYPE html PUBLIC "-//W3C//DTD XHTML 1.0 Transitional//EN"
    "http://www.w3.org/TR/xhtml1/DTD/xhtml1-transitional.dtd">
<html xmlns="http://www.w3.org/1999/xhtml" xml:lang="en" lang="en">
 <head>
  <title>
</title>
<meta http-equiv="Content-Type" content="text/html;charset=utf-8" />
  <meta name='ocr-system' content='tesseract 3.04.00' />
  <meta name='ocr-capabilities' content='ocr_page ocr_carea ocr_par ocr_line ocrx_word'/>
</head>
<body>
  <div class='ocr_page' id='page_1' title='image "./bullarumdiplomat02cath/bullarumdiplomat02cath_0146.png"; bbox 0 0 2180 3205; ppageno 0'>
   <div class='ocr_carea' id='block_1_1' title="bbox 139 229 324 260">
    <p class='ocr_par' dir='ltr' id='par_1_1' title="bbox 139 229 324 260">
     <span class='ocr_line' id='line_1_1' title="bbox 139 229 324 260; baseline -0.032 0"><span class='ocrx_word' id='word_1_1' title='bbox 139 235 188 260; x_wconf 76' lang='lat' dir='ltr'>An.</span> <span class='ocrx_word' id='word_1_2' title='bbox 209 231 238 258; x_wconf 89' lang='lat' dir='ltr'>C.</span> <span class='ocrx_word' id='word_1_3' title='bbox 254 229 324 256; x_wconf 70' lang='lat'>1089</span> 
     </span>
    </p>
   </div>
   <div class='ocr_carea' id='block_1_2' title="bbox 139 287 325 494">
    <p class='ocr_par' dir='ltr' id='par_1_2' title="bbox 139 287 325 494">
     <span class='ocr_line' id='line_1_2' title="bbox 166 287 324 308; baseline -0.051 0"><span class='ocrx_word' id='word_1_4' title='bbox 166 287 201 308; x_wconf 80' lang='lat' dir='ltr'>Eis</span> <span class='ocrx_word' id='word_1_5' title='bbox 210 289 258 305; x_wconf 68' lang='lat' dir='ltr'>xero</span> <span class='ocrx_word' id='word_1_6' title='bbox 270 288 324 303; x_wconf 78' lang='lat' dir='ltr'>com·</span> 
     </span>
     <span class='ocr_line' id='line_1_3' title="bbox 139 314 324 336; baseline -0.049 0"><span class='ocrx_word' id='word_1_7' title='bbox 139 314 269 336; x_wconf 66' lang='lat' dir='ltr'>[nummulos</span> <span class='ocrx_word' id='word_1_8' title='bbox 283 315 324 329; x_wconf 87' lang='lat' dir='ltr'>nou</span> 
     </span>
     <span class='ocr_line' id='line_1_4' title="bbox 146 337 324 361; baseline -0.045 0"><span class='ocrx_word' id='word_1_9' title='bbox 146 337 309 361; x_wconf 70' lang='lat' dir='ltr'>oxroiumunicat</span> <span class='ocrx_word' id='word_1_10' title='bbox 321 351 324 356; x_wconf 82' lang='lat'>.</span> 
     </span>
     <span class='ocr_line' id='line_1_5' title="bbox 140 368 324 388; baseline -0.043 0"><span class='ocrx_word' id='word_1_11' title='bbox 140 368 176 388; x_wconf 76' lang='lat' dir='ltr'>sed</span> <span class='ocrx_word' id='word_1_12' title='bbox 213 371 232 385; x_wconf 82' lang='lat' dir='ltr'>in</span> <span class='ocrx_word' id='word_1_13' title='bbox 265 368 324 382; x_wconf 67' lang='lat' dir='ltr'>&lt;uam</span> 
     </span>
     <span class='ocr_line' id='line_1_6' title="bbox 147 391 315 417; baseline -0.036 -3"><span class='ocrx_word' id='word_1_14' title='bbox 147 391 315 417; x_wconf 75' lang='lat' dir='ltr'>communionem</span> 
     </span>
     <span class='ocr_line' id='line_1_7' title="bbox 139 420 325 446; baseline -0.043 -5"><span class='ocrx_word' id='word_1_15' title='bbox 139 422 274 446; x_wconf 77' lang='lat' dir='ltr'>nequaquam</span> <span class='ocrx_word' id='word_1_16' title='bbox 293 420 325 444; x_wconf 75' lang='lat'>,‘¹‘</span> 
     </span>
     <span class='ocr_line' id='line_1_8' title="bbox 140 445 325 471; baseline -0.038 -4"><span class='ocrx_word' id='word_1_17' title='bbox 140 453 165 467; x_wconf 75' lang='lat' dir='ltr'>ne</span> <span class='ocrx_word' id='word_1_18' title='bbox 183 445 325 471; x_wconf 72' lang='lat' dir='ltr'>poeniteutiae</span> 
     </span>
     <span class='ocr_line' id='line_1_9' title="bbox 141 470 323 494; baseline -0.044 0"><span class='ocrx_word' id='word_1_19' title='bbox 141 475 219 494; x_wconf 64' lang='lat' dir='ltr'>ultione</span> <span class='ocrx_word' id='word_1_20' title='bbox 241 470 323 494; x_wconf 70' lang='lat' dir='ltr'>recipit.</span> 
     </span>
    </p>
   </div>
   <div class='ocr_carea' id='block_1_3' title="bbox 143 723 329 1011">
    <p class='ocr_par' dir='ltr' id='par_1_3' title="bbox 143 723 328 904">
     <span class='ocr_line' id='line_1_10' title="bbox 183 723 315 748; baseline -0.03 -5"><span class='ocrx_word' id='word_1_21' title='bbox 183 723 315 748; x_wconf 70' lang='lat' dir='ltr'>Quicumque</span> 
     </span>
     <span class='ocr_line' id='line_1_11' title="bbox 143 749 327 776; baseline -0.038 -4"><span class='ocrx_word' id='word_1_22' title='bbox 143 752 262 776; x_wconf 65' lang='lat' dir='ltr'>ignorantia</span> <span class='ocrx_word' id='word_1_23' title='bbox 274 763 278 770; x_wconf 84' lang='lat'><em>.</em></span> <span class='ocrx_word' id='word_1_24' title='bbox 303 749 327 766; x_wconf 80' lang='lat'>11-</span> 
     </span>
     <span class='ocr_line' id='line_1_12' title="bbox 143 778 327 799; baseline -0.038 -1"><span class='ocrx_word' id='word_1_25' title='bbox 143 783 200 799; x_wconf 76' lang='lat' dir='ltr'>nioro</span> <span class='ocrx_word' id='word_1_26' title='bbox 213 793 217 798; x_wconf 84' lang='lat'>.</span> <span class='ocrx_word' id='word_1_27' title='bbox 242 778 281 795; x_wconf 66' lang='lat' dir='ltr'>clv.</span> <span class='ocrx_word' id='word_1_28' title='bbox 305 778 327 792; x_wconf 75' lang='lat' dir='ltr'>so</span> 
     </span>
     <span class='ocr_line' id='line_1_13' title="bbox 143 800 328 825; baseline -0.038 0"><span class='ocrx_word' id='word_1_29' title='bbox 143 805 242 825; x_wconf 60' lang='lat' dir='ltr'>consu-tu</span> <span class='ocrx_word' id='word_1_30' title='bbox 253 818 257 824; x_wconf 73' lang='grc'>,</span> <span class='ocrx_word' id='word_1_31' title='bbox 273 800 328 820; x_wconf 77' lang='lat' dir='ltr'>salu-</span> 
     </span>
     <span class='ocr_line' id='line_1_14' title="bbox 152 829 326 855; baseline -0.023 -4"><span class='ocrx_word' id='word_1_32' title='bbox 152 831 250 851; x_wconf 62' lang='lat' dir='ltr'>tatione,</span> <span class='ocrx_word' id='word_1_33' title='bbox 279 829 326 855; x_wconf 48' lang='lat' dir='ltr'>eto.</span> 
     </span>
     <span class='ocr_line' id='line_1_15' title="bbox 144 855 328 878; baseline -0.038 0"><span class='ocrx_word' id='word_1_34' title='bbox 144 855 328 878; x_wconf 66' lang='lat' dir='ltr'>contaminaverit,</span> 
     </span>
     <span class='ocr_line' id='line_1_16' title="bbox 152 882 320 904; baseline -0.036 0"><span class='ocrx_word' id='word_1_35' title='bbox 152 890 198 904; x_wconf 84' lang='lat' dir='ltr'>cum</span> <span class='ocrx_word' id='word_1_36' title='bbox 234 882 320 902; x_wconf 73' lang='lat' dir='ltr'>minoris</span> 
     </span>
    </p>

    <p class='ocr_par' dir='ltr' id='par_1_4' title="bbox 144 908 329 1011">
     <span class='ocr_line' id='line_1_17' title="bbox 164 908 309 936; baseline -0.021 -8"><span class='ocrx_word' id='word_1_37' title='bbox 164 908 309 936; x_wconf 65' lang='lat' dir='ltr'>poenitentiae</span> 
     </span>
     <span class='ocr_line' id='line_1_18' title="bbox 144 935 329 957; baseline -0.027 0"><span class='ocrx_word' id='word_1_38' title='bbox 144 936 250 957; x_wconf 75' lang='lat' dir='ltr'>medicina</span> <span class='ocrx_word' id='word_1_39' title='bbox 266 935 285 954; x_wconf 87' lang='lat' dir='ltr'>in</span> <span class='ocrx_word' id='word_1_40' title='bbox 296 938 329 953; x_wconf 79' lang='lat' dir='ltr'>so-</span> 
     </span>
     <span class='ocr_line' id='line_1_19' title="bbox 144 961 329 984; baseline -0.032 0"><span class='ocrx_word' id='word_1_41' title='bbox 144 965 244 984; x_wconf 69' lang='lat' dir='ltr'>cietatem</span> <span class='ocrx_word' id='word_1_42' title='bbox 256 961 329 981; x_wconf 78' lang='lat' dir='ltr'>admit.-</span> 
     </span>
     <span class='ocr_line' id='line_1_20' title="bbox 145 993 201 1011; baseline -0.036 0"><span class='ocrx_word' id='word_1_43' title='bbox 145 993 201 1011; x_wconf 76' lang='lat' dir='ltr'>titur.</span> 
     </span>
    </p>
   </div>
   <div class='ocr_carea' id='block_1_4' title="bbox 148 1175 334 1358">
    <p class='ocr_par' dir='ltr' id='par_1_5' title="bbox 148 1175 334 1358">
     <span class='ocr_line' id='line_1_21' title="bbox 162 1175 332 1201; baseline -0.035 -3"><span class='ocrx_word' id='word_1_44' title='bbox 162 1175 254 1201; x_wconf 74' lang='lat' dir='ltr'>E·›s.qni</span> <span class='ocrx_word' id='word_1_45' title='bbox 271 1180 332 1199; x_wconf 65' lang='lat' dir='ltr'>&lt;pon-</span> 
     </span>
     <span class='ocr_line' id='line_1_22' title="bbox 148 1200 333 1225; baseline -0.043 1"><span class='ocrx_word' id='word_1_46' title='bbox 148 1208 208 1225; x_wconf 76' lang='lat' dir='ltr'>tanee</span> <span class='ocrx_word' id='word_1_47' title='bbox 220 1205 255 1222; x_wconf 81' lang='lat' dir='ltr'>aut</span> <span class='ocrx_word' id='word_1_48' title='bbox 270 1200 333 1225; x_wconf 64' lang='lat' dir='ltr'>negti⁴</span> 
     </span>
     <span class='ocr_line' id='line_1_23' title="bbox 149 1228 332 1256; baseline -0.038 -4"><span class='ocrx_word' id='word_1_49' title='bbox 149 1233 221 1256; x_wconf 60' lang='lat' dir='ltr'>genter-</span> <span class='ocrx_word' id='word_1_50' title='bbox 254 1228 332 1255; x_wconf 71' lang='lat' dir='ltr'>inride-</span> 
     </span>
     <span class='ocr_line' id='line_1_24' title="bbox 149 1254 333 1283; baseline -0.038 -4"><span class='ocrx_word' id='word_1_51' title='bbox 149 1260 204 1281; x_wconf 82' lang='lat' dir='ltr'>runt,</span> <span class='ocrx_word' id='word_1_52' title='bbox 217 1256 254 1275; x_wconf 68' lang='lat' dir='ltr'>suh</span> <span class='ocrx_word' id='word_1_53' title='bbox 271 1254 333 1283; x_wconf 70' lang='lat' dir='ltr'>disci-</span> 
     </span>
     <span class='ocr_line' id='line_1_25' title="bbox 148 1282 333 1311; baseline -0.038 -6"><span class='ocrx_word' id='word_1_54' title='bbox 148 1286 218 1311; x_wconf 69' lang='lat' dir='ltr'>plinae</span> <span class='ocrx_word' id='word_1_55' title='bbox 254 1282 333 1310; x_wconf 35' lang='lat' dir='ltr'>coer-ci—</span> 
     </span>
     <span class='ocr_line' id='line_1_26' title="bbox 148 1312 334 1334; baseline -0.032 -3"><span class='ocrx_word' id='word_1_56' title='bbox 148 1315 205 1331; x_wconf 71' lang='lat' dir='ltr'>trcne</span> <span class='ocrx_word' id='word_1_57' title='bbox 215 1313 293 1334; x_wconf 81' lang='lat' dir='ltr'>suscipi</span> <span class='ocrx_word' id='word_1_58' title='bbox 303 1312 334 1326; x_wconf 86' lang='lat' dir='ltr'>in-</span> 
     </span>
     <span class='ocr_line' id='line_1_27' title="bbox 150 1338 192 1358; baseline -0.024 0"><span class='ocrx_word' id='word_1_59' title='bbox 150 1338 192 1358; x_wconf 76' lang='lat' dir='ltr'>bet.</span> 
     </span>
    </p>
   </div>
   <div class='ocr_carea' id='block_1_5' title="bbox 151 1560 339 1750">
    <p class='ocr_par' dir='ltr' id='par_1_6' title="bbox 151 1560 339 1750">
     <span class='ocr_line' id='line_1_28' title="bbox 191 1560 336 1583; baseline -0.028 0"><span class='ocrx_word' id='word_1_60' title='bbox 191 1562 284 1583; x_wconf 68' lang='lat' dir='ltr'>ciericos</span> <span class='ocrx_word' id='word_1_61' title='bbox 310 1560 336 1580; x_wconf 79' lang='lat' dir='ltr'>ab</span> 
     </span>
     <span class='ocr_line' id='line_1_29' title="bbox 151 1587 337 1611; baseline -0.027 0"><span class='ocrx_word' id='word_1_62' title='bbox 151 1587 337 1611; x_wconf 73' lang='lat' dir='ltr'>excommunicatis</span> 
     </span>
     <span class='ocr_line' id='line_1_30' title="bbox 152 1614 338 1643; baseline -0.027 -5"><span class='ocrx_word' id='word_1_63' title='bbox 152 1616 257 1643; x_wconf 75' lang='lat' dir='ltr'>episcopis</span> <span class='ocrx_word' id='word_1_64' title='bbox 282 1614 338 1634; x_wconf 81' lang='lat' dir='ltr'>ordi-</span> 
     </span>
     <span class='ocr_line' id='line_1_31' title="bbox 152 1641 338 1664; baseline -0.027 0"><span class='ocrx_word' id='word_1_65' title='bbox 152 1646 212 1664; x_wconf 78' lang='lat' dir='ltr'>natos</span> <span class='ocrx_word' id='word_1_66' title='bbox 225 1648 245 1662; x_wconf 85' lang='lat' dir='ltr'>in</span> <span class='ocrx_word' id='word_1_67' title='bbox 260 1641 338 1661; x_wconf 79' lang='lat' dir='ltr'>ordini-</span> 
     </span>
     <span class='ocr_line' id='line_1_32' title="bbox 152 1671 339 1695; baseline -0.021 -5"><span class='ocrx_word' id='word_1_68' title='bbox 152 1671 198 1692; x_wconf 76' lang='lat' dir='ltr'>bus.</span> <span class='ocrx_word' id='word_1_69' title='bbox 210 1674 262 1695; x_wconf 73' lang='lat' dir='ltr'>quos</span> <span class='ocrx_word' id='word_1_70' title='bbox 278 1673 339 1687; x_wconf 59' lang='lat' dir='ltr'>accu-</span> 
     </span>
     <span class='ocr_line' id='line_1_33' title="bbox 153 1698 338 1723; baseline -0.022 -6"><span class='ocrx_word' id='word_1_71' title='bbox 153 1698 236 1723; x_wconf 76' lang='lat' dir='ltr'>perunt,</span> <span class='ocrx_word' id='word_1_72' title='bbox 255 1699 338 1715; x_wconf 71' lang='lat' dir='ltr'>manure</span> 
     </span>
     <span class='ocr_line' id='line_1_34' title="bbox 153 1723 268 1750; baseline -0.026 -6"><span class='ocrx_word' id='word_1_73' title='bbox 153 1723 268 1750; x_wconf 74' lang='lat' dir='ltr'>pei-iniitii3</span> 
     </span>
    </p>
   </div>
   <div class='ocr_carea' id='block_1_6' title="bbox 162 2318 347 2420">
    <p class='ocr_par' dir='ltr' id='par_1_7' title="bbox 162 2318 347 2420">
     <span class='ocr_line' id='line_1_35' title="bbox 189 2318 347 2343; baseline -0.013 -4"><span class='ocrx_word' id='word_1_74' title='bbox 189 2318 233 2339; x_wconf 81' lang='lat' dir='ltr'>Sed</span> <span class='ocrx_word' id='word_1_75' title='bbox 248 2318 274 2338; x_wconf 82' lang='lat' dir='ltr'>ad</span> <span class='ocrx_word' id='word_1_76' title='bbox 286 2323 347 2343; x_wconf 76' lang='lat' dir='ltr'>supe·</span> 
     </span>
     <span class='ocr_line' id='line_1_36' title="bbox 162 2344 347 2367; baseline -0.016 0"><span class='ocrx_word' id='word_1_77' title='bbox 162 2346 228 2367; x_wconf 77' lang='lat' dir='ltr'>riores</span> <span class='ocrx_word' id='word_1_78' title='bbox 264 2344 347 2365; x_wconf 82' lang='lat' dir='ltr'>ordines</span> 
     </span>
     <span class='ocr_line' id='line_1_37' title="bbox 162 2372 347 2393; baseline -0.011 0"><span class='ocrx_word' id='word_1_79' title='bbox 162 2372 277 2393; x_wconf 77' lang='lat' dir='ltr'>ascendere</span> <span class='ocrx_word' id='word_1_80' title='bbox 307 2376 347 2391; x_wconf 91' lang='lat' dir='ltr'>non</span> 
     </span>
     <span class='ocr_line' id='line_1_38' title="bbox 163 2399 268 2420; baseline -0.019 0"><span class='ocrx_word' id='word_1_81' title='bbox 163 2399 268 2420; x_wconf 68' lang='lat' dir='ltr'>concedit.</span> 
     </span>
    </p>
   </div>
   <div class='ocr_carea' id='block_1_7' title="bbox 405 215 474 248">
    <p class='ocr_par' dir='ltr' id='par_1_8' title="bbox 405 215 474 248">
     <span class='ocr_line' id='line_1_39' title="bbox 405 215 474 248; baseline 0.014 -1"><span class='ocrx_word' id='word_1_82' title='bbox 405 215 474 248; x_wconf 71' lang='lat'>128</span> 
     </span>
    </p>
   </div>
   <div class='ocr_carea' id='block_1_8' title="bbox 350 271 1118 2297">
    <p class='ocr_par' dir='ltr' id='par_1_9' title="bbox 350 271 1105 712">
     <span class='ocr_line' id='line_1_40' title="bbox 350 271 1103 320; baseline -0.013 -5"><span class='ocrx_word' id='word_1_83' title='bbox 350 280 442 314; x_wconf 89' lang='lat' dir='ltr'>matis</span> <span class='ocrx_word' id='word_1_84' title='bbox 482 277 613 312; x_wconf 89' lang='lat' dir='ltr'>vinculis</span> <span class='ocrx_word' id='word_1_85' title='bbox 643 274 876 320; x_wconf 83' lang='lat' dir='ltr'>adstringentes</span> <span class='ocrx_word' id='word_1_86' title='bbox 893 299 902 316; x_wconf 88' lang='lat'>,</span> <span class='ocrx_word' id='word_1_87' title='bbox 941 273 970 306; x_wconf 92' lang='lat' dir='ltr'>in</span> <span class='ocrx_word' id='word_1_88' title='bbox 1013 271 1103 306; x_wconf 83' lang='lat' dir='ltr'>tertio</span> 
     </span>
     <span class='ocr_line' id='line_1_41' title="bbox 350 321 1102 375; baseline -0.015 -10"><span class='ocrx_word' id='word_1_89' title='bbox 350 329 450 375; x_wconf 80' lang='lat' dir='ltr'>gradu</span> <span class='ocrx_word' id='word_1_90' title='bbox 490 325 760 362; x_wconf 87' lang='lat' dir='ltr'>communicantes</span> <span class='ocrx_word' id='word_1_91' title='bbox 796 323 842 357; x_wconf 87' lang='lat' dir='ltr'>eis</span> <span class='ocrx_word' id='word_1_92' title='bbox 880 333 937 356; x_wconf 86' lang='lat' dir='ltr'>nos</span> <span class='ocrx_word' id='word_1_93' title='bbox 976 321 1102 367; x_wconf 79' lang='lat' dir='ltr'>quidem</span> 
     </span>
     <span class='ocr_line' id='line_1_42' title="bbox 352 371 1103 418; baseline -0.013 -5"><span class='ocrx_word' id='word_1_94' title='bbox 352 391 414 412; x_wconf 90' lang='lat' dir='ltr'>non</span> <span class='ocrx_word' id='word_1_95' title='bbox 443 375 774 413; x_wconf 51' lang='lat' dir='ltr'>excommunicati-ruffi</span> <span class='ocrx_word' id='word_1_96' title='bbox 803 372 856 406; x_wconf 83' lang='lat' dir='ltr'>scd</span> <span class='ocrx_word' id='word_1_97' title='bbox 887 371 961 418; x_wconf 83' lang='lat' dir='ltr'>qnia</span> <span class='ocrx_word' id='word_1_98' title='bbox 990 371 1046 417; x_wconf 86' lang='lat' dir='ltr'>ipsi</span> <span class='ocrx_word' id='word_1_99' title='bbox 1070 383 1103 404; x_wconf 86' lang='lat' dir='ltr'>se</span> 
     </span>
     <span class='ocr_line' id='line_1_43' title="bbox 351 421 1104 461; baseline -0.011 0"><span class='ocrx_word' id='word_1_100' title='bbox 351 439 460 461; x_wconf 81' lang='lat' dir='ltr'>eorum</span> <span class='ocrx_word' id='word_1_101' title='bbox 488 423 713 460; x_wconf 89' lang='lat' dir='ltr'>communione</span> <span class='ocrx_word' id='word_1_102' title='bbox 737 421 979 461; x_wconf 86' lang='lat' dir='ltr'>commaculant,</span> <span class='ocrx_word' id='word_1_103' title='bbox 998 421 1027 454; x_wconf 93' lang='lat' dir='ltr'>in</span> <span class='ocrx_word' id='word_1_104' title='bbox 1045 432 1104 454; x_wconf 93' lang='lat' dir='ltr'>no—</span> 
     </span>
     <span class='ocr_line' id='line_1_44' title="bbox 351 470 1104 517; baseline -0.011 -7"><span class='ocrx_word' id='word_1_105' title='bbox 351 485 446 510; x_wconf 82' lang='lat' dir='ltr'>stram</span> <span class='ocrx_word' id='word_1_106' title='bbox 482 486 536 509; x_wconf 86' lang='lat' dir='ltr'>eos</span> <span class='ocrx_word' id='word_1_107' title='bbox 570 473 753 508; x_wconf 87' lang='lat' dir='ltr'>societatem</span> <span class='ocrx_word' id='word_1_108' title='bbox 797 482 994 517; x_wconf 79' lang='lat' dir='ltr'>nequaquam</span> <span class='ocrx_word' id='word_1_109' title='bbox 1035 470 1104 503; x_wconf 85' lang='lat' dir='ltr'>sine</span> 
     </span>
     <span class='ocr_line' id='line_1_45' title="bbox 352 518 1103 571; baseline -0.007 -14"><span class='ocrx_word' id='word_1_110' title='bbox 352 524 563 571; x_wconf 78' lang='lat' dir='ltr'>poenitentiae</span> <span class='ocrx_word' id='word_1_111' title='bbox 587 522 704 556; x_wconf 84' lang='lat' dir='ltr'>ultione</span> <span class='ocrx_word' id='word_1_112' title='bbox 745 528 775 555; x_wconf 89' lang='lat' dir='ltr'>ct</span> <span class='ocrx_word' id='word_1_113' title='bbox 795 520 996 555; x_wconf 85' lang='lat' dir='ltr'>absolutione</span> <span class='ocrx_word' id='word_1_114' title='bbox 1024 518 1103 553; x_wconf 91' lang='lat' dir='ltr'>reci-</span> 
     </span>
     <span class='ocr_line' id='line_1_46' title="bbox 351 569 1102 621; baseline -0.007 -15"><span class='ocrx_word' id='word_1_115' title='bbox 351 574 468 621; x_wconf 79' lang='lat' dir='ltr'>pimus.</span> <span class='ocrx_word' id='word_1_116' title='bbox 491 572 617 607; x_wconf 89' lang='lat' dir='ltr'>Sanctis</span> <span class='ocrx_word' id='word_1_117' title='bbox 645 571 763 618; x_wconf 85' lang='lat' dir='ltr'>quippe</span> <span class='ocrx_word' id='word_1_118' title='bbox 788 569 964 604; x_wconf 87' lang='lat' dir='ltr'>canonibus</span> <span class='ocrx_word' id='word_1_119' title='bbox 979 576 1102 602; x_wconf 89' lang='lat' dir='ltr'>cautum</span> 
     </span>
     <span class='ocr_line' id='line_1_47' title="bbox 351 619 1105 668; baseline -0.009 -11"><span class='ocrx_word' id='word_1_120' title='bbox 351 630 484 666; x_wconf 79' lang='lat' dir='ltr'>constat,</span> <span class='ocrx_word' id='word_1_121' title='bbox 513 630 547 656; x_wconf 88' lang='lat' dir='ltr'>ut</span> <span class='ocrx_word' id='word_1_122' title='bbox 573 621 627 668; x_wconf 84' lang='lat' dir='ltr'>qui</span> <span class='ocrx_word' id='word_1_123' title='bbox 656 619 940 655; x_wconf 76' lang='lat' dir='ltr'>excommunicatis</span> <span class='ocrx_word' id='word_1_124' title='bbox 964 630 1105 652; x_wconf 92' lang='lat' dir='ltr'>commu-</span> 
     </span>
     <span class='ocr_line' id='line_1_48' title="bbox 351 677 842 712; baseline -0.008 -6"><span class='ocrx_word' id='word_1_125' title='bbox 351 680 511 712; x_wconf 81' lang='lat' dir='ltr'>nicaverit,</span> <span class='ocrx_word' id='word_1_126' title='bbox 535 677 842 706; x_wconf 79' lang='lat' dir='ltr'>excommunicetur.</span> 
     </span>
    </p>

    <p class='ocr_par' dir='ltr' id='par_1_10' title="bbox 352 717 1107 1164">
     <span class='ocr_line' id='line_1_49' title="bbox 399 717 1104 768; baseline -0.01 -12"><span class='ocrx_word' id='word_1_127' title='bbox 399 722 419 768; x_wconf 62' lang='lat' dir='ltr'>S</span> <span class='ocrx_word' id='word_1_128' title='bbox 446 723 478 755; x_wconf 78' lang='lat'>5.</span> <span class='ocrx_word' id='word_1_129' title='bbox 506 721 610 768; x_wconf 82' lang='lat' dir='ltr'><strong>Ipsius</strong></span> <span class='ocrx_word' id='word_1_130' title='bbox 638 728 741 754; x_wconf 82' lang='lat' dir='ltr'>tamen</span> <span class='ocrx_word' id='word_1_131' title='bbox 772 717 983 765; x_wconf 81' lang='lat' dir='ltr'>poenitentiae</span> <span class='ocrx_word' id='word_1_132' title='bbox 1011 724 1104 762; x_wconf 87' lang='lat' dir='ltr'>alque</span> 
     </span>
     <span class='ocr_line' id='line_1_50' title="bbox 352 766 1106 805; baseline -0.009 0"><span class='ocrx_word' id='word_1_133' title='bbox 352 770 561 805; x_wconf 78' lang='lat' dir='ltr'>absolutionis</span> <span class='ocrx_word' id='word_1_134' title='bbox 576 769 687 804; x_wconf 88' lang='lat' dir='ltr'>modos</span> <span class='ocrx_word' id='word_1_135' title='bbox 709 781 743 802; x_wconf 90' lang='lat' dir='ltr'>ea</span> <span class='ocrx_word' id='word_1_136' title='bbox 760 767 976 802; x_wconf 74' lang='lat' dir='ltr'>moderatione</span> <span class='ocrx_word' id='word_1_137' title='bbox 993 766 1106 800; x_wconf 81' lang='lat' dir='ltr'>discre-</span> 
     </span>
     <span class='ocr_line' id='line_1_51' title="bbox 352 815 1104 866; baseline -0.009 -11"><span class='ocrx_word' id='word_1_138' title='bbox 352 821 466 861; x_wconf 76' lang='lat' dir='ltr'>vimus,</span> <span class='ocrx_word' id='word_1_139' title='bbox 490 828 520 854; x_wconf 89' lang='lat' dir='ltr'>ut</span> <span class='ocrx_word' id='word_1_140' title='bbox 542 820 734 866; x_wconf 81' lang='lat' dir='ltr'>quicumque</span> <span class='ocrx_word' id='word_1_141' title='bbox 757 829 812 851; x_wconf 90' lang='lat' dir='ltr'>seu</span> <span class='ocrx_word' id='word_1_142' title='bbox 836 815 1023 861; x_wconf 77' lang='lat' dir='ltr'>ignorantia,</span> <span class='ocrx_word' id='word_1_143' title='bbox 1047 827 1104 848; x_wconf 81' lang='lat' dir='ltr'>seu</span> 
     </span>
     <span class='ocr_line' id='line_1_52' title="bbox 352 865 1104 913; baseline -0.011 -9"><span class='ocrx_word' id='word_1_144' title='bbox 352 870 481 913; x_wconf 88' lang='lat' dir='ltr'>timore,</span> <span class='ocrx_word' id='word_1_145' title='bbox 502 881 558 904; x_wconf 87' lang='lat' dir='ltr'>seu</span> <span class='ocrx_word' id='word_1_146' title='bbox 586 867 772 902; x_wconf 83' lang='lat' dir='ltr'>necessitate</span> <span class='ocrx_word' id='word_1_147' title='bbox 800 866 915 912; x_wconf 75' lang='lat' dir='ltr'>negotii</span> <span class='ocrx_word' id='word_1_148' title='bbox 950 865 1104 910; x_wconf 72' lang='lat' dir='ltr'>cuiusqni¹</span> 
     </span>
     <span class='ocr_line' id='line_1_53' title="bbox 356 925 1104 958; baseline -0.009 -5"><span class='ocrx_word' id='word_1_149' title='bbox 356 931 498 958; x_wconf 81' lang='lat' dir='ltr'>maximi,</span> <span class='ocrx_word' id='word_1_150' title='bbox 528 926 556 952; x_wconf 87' lang='lat' dir='ltr'>et</span> <span class='ocrx_word' id='word_1_151' title='bbox 579 928 713 951; x_wconf 78' lang='lat' dir='ltr'>maxime</span> <span class='ocrx_word' id='word_1_152' title='bbox 736 928 918 958; x_wconf 78' lang='lat' dir='ltr'>necessarii,</span> <span class='ocrx_word' id='word_1_153' title='bbox 941 926 1048 948; x_wconf 88' lang='lat' dir='ltr'>eorum</span> <span class='ocrx_word' id='word_1_154' title='bbox 1072 925 1104 947; x_wconf 89' lang='lat' dir='ltr'>se</span> 
     </span>
     <span class='ocr_line' id='line_1_54' title="bbox 353 963 1105 1012; baseline -0.009 -9"><span class='ocrx_word' id='word_1_155' title='bbox 353 969 512 1012; x_wconf 85' lang='lat' dir='ltr'>convictu,</span> <span class='ocrx_word' id='word_1_156' title='bbox 535 967 745 1005; x_wconf 81' lang='lat' dir='ltr'>salutatione,</span> <span class='ocrx_word' id='word_1_157' title='bbox 768 965 929 1003; x_wconf 81' lang='lat' dir='ltr'>oratione,</span> <span class='ocrx_word' id='word_1_158' title='bbox 956 963 1105 997; x_wconf 76' lang='lat' dir='ltr'>osculove</span> 
     </span>
     <span class='ocr_line' id='line_1_55' title="bbox 354 1012 1106 1060; baseline -0.011 -7"><span class='ocrx_word' id='word_1_159' title='bbox 354 1016 624 1056; x_wconf 83' lang='lat' dir='ltr'>contaminaverit,</span> <span class='ocrx_word' id='word_1_160' title='bbox 640 1028 710 1050; x_wconf 89' lang='lat' dir='ltr'>cum</span> <span class='ocrx_word' id='word_1_161' title='bbox 736 1015 867 1048; x_wconf 87' lang='lat' dir='ltr'>minoris</span> <span class='ocrx_word' id='word_1_162' title='bbox 885 1012 1106 1060; x_wconf 81' lang='lat' dir='ltr'>poenitentiae,</span> 
     </span>
     <span class='ocr_line' id='line_1_56' title="bbox 354 1062 1107 1112; baseline -0.009 -10"><span class='ocrx_word' id='word_1_163' title='bbox 354 1066 628 1112; x_wconf 74' lang='lat' dir='ltr'>absolutionisque</span> <span class='ocrx_word' id='word_1_164' title='bbox 643 1064 795 1098; x_wconf 83' lang='lat' dir='ltr'>medicina</span> <span class='ocrx_word' id='word_1_165' title='bbox 809 1062 968 1098; x_wconf 73' lang='lat' dir='ltr'>sociemus</span> <span class='ocrx_word' id='word_1_166' title='bbox 985 1069 1107 1095; x_wconf 87' lang='lat' dir='ltr'>nostrae</span> 
     </span>
     <span class='ocr_line' id='line_1_57' title="bbox 355 1114 738 1164; baseline -0.01 -14"><span class='ocrx_word' id='word_1_167' title='bbox 355 1115 555 1164; x_wconf 67' lang='lat' dir='ltr'>participium</span> <span class='ocrx_word' id='word_1_168' title='bbox 578 1114 738 1148; x_wconf 82' lang='lat' dir='ltr'>sortiatur.</span> 
     </span>
    </p>

    <p class='ocr_par' dir='ltr' id='par_1_11' title="bbox 356 1162 1110 1559">
     <span class='ocr_line' id='line_1_58' title="bbox 404 1162 1108 1212; baseline -0.009 -13"><span class='ocrx_word' id='word_1_169' title='bbox 404 1166 475 1212; x_wconf 60' lang='lat'>56.</span> <span class='ocrx_word' id='word_1_170' title='bbox 500 1164 562 1198; x_wconf 82' lang='lat' dir='ltr'>Eos</span> <span class='ocrx_word' id='word_1_171' title='bbox 585 1175 669 1206; x_wconf 88' lang='lat' dir='ltr'>vero,</span> <span class='ocrx_word' id='word_1_172' title='bbox 691 1162 744 1209; x_wconf 85' lang='lat' dir='ltr'>qui</span> <span class='ocrx_word' id='word_1_173' title='bbox 772 1169 824 1196; x_wconf 87' lang='lat' dir='ltr'>aut</span> <span class='ocrx_word' id='word_1_174' title='bbox 855 1168 1029 1207; x_wconf 85' lang='lat' dir='ltr'>spontanee</span> <span class='ocrx_word' id='word_1_175' title='bbox 1057 1167 1108 1193; x_wconf 86' lang='lat' dir='ltr'>aut</span> 
     </span>
     <span class='ocr_line' id='line_1_59' title="bbox 356 1209 1108 1261; baseline -0.009 -12"><span class='ocrx_word' id='word_1_176' title='bbox 356 1215 554 1261; x_wconf 72' lang='lat' dir='ltr'>negligenter</span> <span class='ocrx_word' id='word_1_177' title='bbox 586 1212 773 1250; x_wconf 74' lang='lat' dir='ltr'>inciderint,</span> <span class='ocrx_word' id='word_1_178' title='bbox 807 1211 866 1245; x_wconf 77' lang='lat' dir='ltr'>sul)</span> <span class='ocrx_word' id='word_1_179' title='bbox 897 1222 931 1244; x_wconf 83' lang='lat' dir='ltr'>ca</span> <span class='ocrx_word' id='word_1_180' title='bbox 964 1209 1108 1243; x_wconf 75' lang='lat' dir='ltr'>volumus</span> 
     </span>
     <span class='ocr_line' id='line_1_60' title="bbox 356 1259 1109 1311; baseline -0.009 -13"><span class='ocrx_word' id='word_1_181' title='bbox 356 1263 523 1311; x_wconf 77' lang='lat' dir='ltr'>disciplina</span> <span class='ocrx_word' id='word_1_182' title='bbox 546 1262 735 1297; x_wconf 80' lang='lat' dir='ltr'>coliercione</span> <span class='ocrx_word' id='word_1_183' title='bbox 763 1260 892 1306; x_wconf 75' lang='lat' dir='ltr'>suscipi,</span> <span class='ocrx_word' id='word_1_184' title='bbox 921 1267 952 1293; x_wconf 89' lang='lat' dir='ltr'>ut</span> <span class='ocrx_word' id='word_1_185' title='bbox 979 1259 1109 1293; x_wconf 84' lang='lat' dir='ltr'>caeteris</span> 
     </span>
     <span class='ocr_line' id='line_1_61' title="bbox 359 1308 1108 1355; baseline -0.009 -7"><span class='ocrx_word' id='word_1_186' title='bbox 359 1321 463 1348; x_wconf 78' lang='lat' dir='ltr'>metus</span> <span class='ocrx_word' id='word_1_187' title='bbox 486 1312 673 1351; x_wconf 78' lang='lat' dir='ltr'>incutiaiui·;</span> <span class='ocrx_word' id='word_1_188' title='bbox 688 1311 778 1346; x_wconf 88' lang='lat' dir='ltr'>cuius</span> <span class='ocrx_word' id='word_1_189' title='bbox 796 1309 981 1355; x_wconf 83' lang='lat' dir='ltr'>disciplinae</span> <span class='ocrx_word' id='word_1_190' title='bbox 1005 1308 1108 1342; x_wconf 81' lang='lat' dir='ltr'>moile-</span> 
     </span>
     <span class='ocr_line' id='line_1_62' title="bbox 358 1360 1110 1409; baseline -0.008 -12"><span class='ocrx_word' id='word_1_191' title='bbox 358 1363 501 1404; x_wconf 83' lang='lat' dir='ltr'>ramina,</span> <span class='ocrx_word' id='word_1_192' title='bbox 533 1361 616 1409; x_wconf 90' lang='lat' dir='ltr'>quod</span> <span class='ocrx_word' id='word_1_193' title='bbox 651 1360 689 1394; x_wconf 89' lang='lat' dir='ltr'>ad</span> <span class='ocrx_word' id='word_1_194' title='bbox 721 1368 805 1394; x_wconf 84' lang='lat' dir='ltr'>tuam</span> <span class='ocrx_word' id='word_1_195' title='bbox 838 1370 945 1393; x_wconf 88' lang='lat' dir='ltr'>curam</span> <span class='ocrx_word' id='word_1_196' title='bbox 973 1365 1110 1404; x_wconf 83' lang='lat' dir='ltr'>spectat,</span> 
     </span>
     <span class='ocr_line' id='line_1_63' title="bbox 360 1407 1109 1458; baseline -0.009 -11"><span class='ocrx_word' id='word_1_197' title='bbox 360 1425 417 1447; x_wconf 90' lang='lat' dir='ltr'>nos</span> <span class='ocrx_word' id='word_1_198' title='bbox 438 1420 510 1446; x_wconf 87' lang='lat' dir='ltr'>tuae</span> <span class='ocrx_word' id='word_1_199' title='bbox 535 1409 760 1458; x_wconf 85' lang='lat' dir='ltr'>providentiae,</span> <span class='ocrx_word' id='word_1_200' title='bbox 785 1417 874 1455; x_wconf 81' lang='lat' dir='ltr'>prout</span> <span class='ocrx_word' id='word_1_201' title='bbox 897 1415 1041 1454; x_wconf 80' lang='lat' dir='ltr'>oportere</span> <span class='ocrx_word' id='word_1_202' title='bbox 1065 1407 1109 1440; x_wconf 85' lang='lat' dir='ltr'>vi-</span> 
     </span>
     <span class='ocr_line' id='line_1_64' title="bbox 360 1459 1110 1507; baseline -0.009 -11"><span class='ocrx_word' id='word_1_203' title='bbox 360 1462 445 1496; x_wconf 82' lang='lat' dir='ltr'>deris</span> <span class='ocrx_word' id='word_1_204' title='bbox 459 1464 513 1505; x_wconf 80' lang='lat'>(1),</span> <span class='ocrx_word' id='word_1_205' title='bbox 528 1472 584 1507; x_wconf 90' lang='lat' dir='ltr'>pro</span> <span class='ocrx_word' id='word_1_206' title='bbox 596 1459 750 1506; x_wconf 78' lang='lat' dir='ltr'>temporis</span> <span class='ocrx_word' id='word_1_207' title='bbox 760 1467 789 1492; x_wconf 85' lang='lat' dir='ltr'>et</span> <span class='ocrx_word' id='word_1_208' title='bbox 804 1469 1009 1504; x_wconf 85' lang='lat' dir='ltr'>personarum</span> <span class='ocrx_word' id='word_1_209' title='bbox 1022 1468 1110 1491; x_wconf 91' lang='lat' dir='ltr'>com-</span> 
     </span>
     <span class='ocr_line' id='line_1_65' title="bbox 360 1507 933 1559; baseline -0.007 -14"><span class='ocrx_word' id='word_1_210' title='bbox 360 1512 498 1559; x_wconf 73' lang='lat' dir='ltr'>petentia</span> <span class='ocrx_word' id='word_1_211' title='bbox 522 1509 672 1544; x_wconf 86' lang='lat' dir='ltr'>servanda</span> <span class='ocrx_word' id='word_1_212' title='bbox 695 1507 933 1543; x_wconf 78' lang='lat' dir='ltr'>committimus.</span> 
     </span>
    </p>

    <p class='ocr_par' dir='ltr' id='par_1_12' title="bbox 362 1555 1118 2297">
     <span class='ocr_line' id='line_1_66' title="bbox 410 1555 1111 1607; baseline -0.009 -13"><span class='ocrx_word' id='word_1_213' title='bbox 410 1561 430 1607; x_wconf 62' lang='lat' dir='ltr'>g</span> <span class='ocrx_word' id='word_1_214' title='bbox 458 1564 487 1596; x_wconf 90' lang='lat'>7.</span> <span class='ocrx_word' id='word_1_215' title='bbox 513 1559 610 1593; x_wconf 83' lang='lat' dir='ltr'>Porro</span> <span class='ocrx_word' id='word_1_216' title='bbox 625 1559 663 1592; x_wconf 90' lang='lat' dir='ltr'>de</span> <span class='ocrx_word' id='word_1_217' title='bbox 685 1557 819 1601; x_wconf 73' lang='lat' dir='ltr'>clericis,</span> <span class='ocrx_word' id='word_1_218' title='bbox 842 1556 895 1603; x_wconf 89' lang='lat' dir='ltr'>qui</span> <span class='ocrx_word' id='word_1_219' title='bbox 922 1555 960 1590; x_wconf 88' lang='lat' dir='ltr'>ab</span> <span class='ocrx_word' id='word_1_220' title='bbox 983 1567 1111 1589; x_wconf 81' lang='lat' dir='ltr'>excom-</span> 
     </span>
     <span class='ocr_line' id='line_1_67' title="bbox 364 1604 1110 1654; baseline -0.009 -10"><span class='ocrx_word' id='word_1_221' title='bbox 364 1609 533 1644; x_wconf 86' lang='lat' dir='ltr'>municatis</span> <span class='ocrx_word' id='word_1_222' title='bbox 548 1615 621 1643; x_wconf 90' lang='lat' dir='ltr'>sunt</span> <span class='ocrx_word' id='word_1_223' title='bbox 635 1607 792 1654; x_wconf 84' lang='lat' dir='ltr'>episcopis</span> <span class='ocrx_word' id='word_1_224' title='bbox 807 1606 951 1645; x_wconf 88' lang='lat' dir='ltr'>ordinati,</span> <span class='ocrx_word' id='word_1_225' title='bbox 976 1604 1110 1639; x_wconf 84' lang='lat' dir='ltr'>necdum</span> 
     </span>
     <span class='ocr_line' id='line_1_68' title="bbox 362 1653 1112 1706; baseline -0.008 -13"><span class='ocrx_word' id='word_1_226' title='bbox 362 1658 491 1706; x_wconf 89' lang='lat' dir='ltr'>quidem</span> <span class='ocrx_word' id='word_1_227' title='bbox 510 1657 696 1692; x_wconf 87' lang='lat' dir='ltr'>sententiam</span> <span class='ocrx_word' id='word_1_228' title='bbox 713 1656 854 1695; x_wconf 79' lang='lat' dir='ltr'>ferimus,</span> <span class='ocrx_word' id='word_1_229' title='bbox 872 1655 943 1701; x_wconf 86' lang='lat' dir='ltr'>quia</span> <span class='ocrx_word' id='word_1_230' title='bbox 958 1653 1112 1700; x_wconf 83' lang='lat' dir='ltr'>generalis</span> 
     </span>
     <span class='ocr_line' id='line_1_69' title="bbox 362 1704 1113 1753; baseline -0.009 -10"><span class='ocrx_word' id='word_1_231' title='bbox 362 1708 434 1743; x_wconf 85' lang='lat' dir='ltr'>mali</span> <span class='ocrx_word' id='word_1_232' title='bbox 461 1707 640 1753; x_wconf 81' lang='lat' dir='ltr'>contagium</span> <span class='ocrx_word' id='word_1_233' title='bbox 663 1705 818 1752; x_wconf 81' lang='lat' dir='ltr'>generalis</span> <span class='ocrx_word' id='word_1_234' title='bbox 840 1704 951 1752; x_wconf 73' lang='lat' dir='ltr'>synodi</span> <span class='ocrx_word' id='word_1_235' title='bbox 967 1711 1013 1738; x_wconf 81' lang='lat' dir='ltr'>est</span> <span class='ocrx_word' id='word_1_236' title='bbox 1035 1715 1113 1737; x_wconf 88' lang='lat' dir='ltr'>cau-</span> 
     </span>
     <span class='ocr_line' id='line_1_70' title="bbox 364 1752 1114 1792; baseline -0.008 0"><span class='ocrx_word' id='word_1_237' title='bbox 364 1758 442 1792; x_wconf 86' lang='lat' dir='ltr'>terio</span> <span class='ocrx_word' id='word_1_238' title='bbox 469 1755 736 1792; x_wconf 85' lang='lat' dir='ltr'>comburendum:</span> <span class='ocrx_word' id='word_1_239' title='bbox 766 1762 835 1789; x_wconf 89' lang='lat' dir='ltr'>tuae</span> <span class='ocrx_word' id='word_1_240' title='bbox 869 1761 972 1788; x_wconf 83' lang='lat' dir='ltr'>tamen</span> <span class='ocrx_word' id='word_1_241' title='bbox 1000 1752 1114 1787; x_wconf 86' lang='lat' dir='ltr'>frater-</span> 
     </span>
     <span class='ocr_line' id='line_1_71' title="bbox 364 1803 1114 1852; baseline -0.008 -10"><span class='ocrx_word' id='word_1_242' title='bbox 364 1806 453 1842; x_wconf 82' lang='lat' dir='ltr'>nitati</span> <span class='ocrx_word' id='word_1_243' title='bbox 476 1807 536 1842; x_wconf 89' lang='lat' dir='ltr'>hoc</span> <span class='ocrx_word' id='word_1_244' title='bbox 564 1804 793 1852; x_wconf 83' lang='lat' dir='ltr'>respondemus</span> <span class='ocrx_word' id='word_1_245' title='bbox 820 1803 857 1838; x_wconf 83' lang='lat' dir='ltr'>ad</span> <span class='ocrx_word' id='word_1_246' title='bbox 893 1815 1058 1850; x_wconf 84' lang='lat' dir='ltr'>praesens,</span> <span class='ocrx_word' id='word_1_247' title='bbox 1081 1809 1114 1836; x_wconf 93' lang='lat' dir='ltr'>ut</span> 
     </span>
     <span class='ocr_line' id='line_1_72' title="bbox 365 1852 1114 1901; baseline -0.008 -10"><span class='ocrx_word' id='word_1_248' title='bbox 365 1856 405 1891; x_wconf 87' lang='lat' dir='ltr'>ab</span> <span class='ocrx_word' id='word_1_249' title='bbox 432 1855 728 1895; x_wconf 84' lang='lat' dir='ltr'>excommunicatis,</span> <span class='ocrx_word' id='word_1_250' title='bbox 750 1852 910 1901; x_wconf 85' lang='lat' dir='ltr'>quondam</span> <span class='ocrx_word' id='word_1_251' title='bbox 938 1860 1042 1886; x_wconf 85' lang='lat' dir='ltr'>tamen</span> <span class='ocrx_word' id='word_1_252' title='bbox 1061 1863 1114 1885; x_wconf 89' lang='lat' dir='ltr'>ca-</span> 
     </span>
     <span class='ocr_line' id='line_1_73' title="bbox 366 1901 1113 1952; baseline -0.009 -11"><span class='ocrx_word' id='word_1_253' title='bbox 366 1906 505 1950; x_wconf 88' lang='lat' dir='ltr'>tholicis,</span> <span class='ocrx_word' id='word_1_254' title='bbox 540 1904 699 1952; x_wconf 87' lang='lat' dir='ltr'>episcopis</span> <span class='ocrx_word' id='word_1_255' title='bbox 732 1903 910 1942; x_wconf 81' lang='lat' dir='ltr'>ordinatos,</span> <span class='ocrx_word' id='word_1_256' title='bbox 934 1902 958 1936; x_wconf 90' lang='lat' dir='ltr'>si</span> <span class='ocrx_word' id='word_1_257' title='bbox 986 1901 1113 1948; x_wconf 86' lang='lat' dir='ltr'>quidem</span> 
     </span>
     <span class='ocr_line' id='line_1_74' title="bbox 365 1951 1114 1999; baseline -0.009 -9"><span class='ocrx_word' id='word_1_258' title='bbox 365 1967 428 1990; x_wconf 90' lang='lat' dir='ltr'>non</span> <span class='ocrx_word' id='word_1_259' title='bbox 463 1954 634 1990; x_wconf 83' lang='lat' dir='ltr'>simoniace</span> <span class='ocrx_word' id='word_1_260' title='bbox 660 1953 788 1988; x_wconf 79' lang='lat' dir='ltr'>ordines</span> <span class='ocrx_word' id='word_1_261' title='bbox 814 1953 898 1999; x_wconf 88' lang='lat' dir='ltr'>ipsos</span> <span class='ocrx_word' id='word_1_262' title='bbox 925 1951 1114 1997; x_wconf 87' lang='lat' dir='ltr'>acceperint,</span> 
     </span>
     <span class='ocr_line' id='line_1_75' title="bbox 366 2001 1116 2052; baseline -0.009 -12"><span class='ocrx_word' id='word_1_263' title='bbox 366 2007 423 2040; x_wconf 90' lang='lat' dir='ltr'>etsi</span> <span class='ocrx_word' id='word_1_264' title='bbox 451 2004 620 2052; x_wconf 80' lang='lat' dir='ltr'>episcopos</span> <span class='ocrx_word' id='word_1_265' title='bbox 642 2003 728 2050; x_wconf 84' lang='lat' dir='ltr'>ipsos</span> <span class='ocrx_word' id='word_1_266' title='bbox 749 2014 812 2037; x_wconf 93' lang='lat' dir='ltr'>non</span> <span class='ocrx_word' id='word_1_267' title='bbox 834 2001 1024 2035; x_wconf 87' lang='lat' dir='ltr'>simoniacos</span> <span class='ocrx_word' id='word_1_268' title='bbox 1048 2012 1116 2034; x_wconf 86' lang='lat' dir='ltr'>esse</span> 
     </span>
     <span class='ocr_line' id='line_1_76' title="bbox 367 2051 1116 2098; baseline -0.009 -9"><span class='ocrx_word' id='word_1_269' title='bbox 367 2055 553 2098; x_wconf 85' lang='lat' dir='ltr'>constiterit,</span> <span class='ocrx_word' id='word_1_270' title='bbox 575 2052 613 2088; x_wconf 91' lang='lat' dir='ltr'>ad</span> <span class='ocrx_word' id='word_1_271' title='bbox 631 2053 690 2087; x_wconf 83' lang='lat' dir='ltr'>lioc</span> <span class='ocrx_word' id='word_1_272' title='bbox 708 2052 731 2087; x_wconf 89' lang='lat' dir='ltr'>si</span> <span class='ocrx_word' id='word_1_273' title='bbox 750 2051 895 2098; x_wconf 83' lang='lat' dir='ltr'>religiosa</span> <span class='ocrx_word' id='word_1_274' title='bbox 917 2062 1026 2084; x_wconf 86' lang='lat' dir='ltr'>eorum</span> <span class='ocrx_word' id='word_1_275' title='bbox 1043 2051 1116 2093; x_wconf 79' lang='lat' dir='ltr'>vita,</span> 
     </span>
     <span class='ocr_line' id='line_1_77' title="bbox 368 2099 1117 2148; baseline -0.011 -9"><span class='ocrx_word' id='word_1_276' title='bbox 368 2111 399 2139; x_wconf 87' lang='lat' dir='ltr'>et</span> <span class='ocrx_word' id='word_1_277' title='bbox 420 2103 583 2138; x_wconf 89' lang='lat' dir='ltr'>doctrinae</span> <span class='ocrx_word' id='word_1_278' title='bbox 606 2101 817 2148; x_wconf 77' lang='lat' dir='ltr'>praerogativa</span> <span class='ocrx_word' id='word_1_279' title='bbox 844 2100 908 2134; x_wconf 72' lang='lat' dir='ltr'>visa</span> <span class='ocrx_word' id='word_1_280' title='bbox 937 2099 1027 2133; x_wconf 85' lang='lat' dir='ltr'>fucrit</span> <span class='ocrx_word' id='word_1_281' title='bbox 1043 2111 1117 2145; x_wconf 88' lang='lat' dir='ltr'>pro-</span> 
     </span>
     <span class='ocr_line' id='line_1_78' title="bbox 369 2150 1118 2199; baseline -0.008 -11"><span class='ocrx_word' id='word_1_282' title='bbox 369 2154 494 2194; x_wconf 77' lang='lat' dir='ltr'>mereri,</span> <span class='ocrx_word' id='word_1_283' title='bbox 518 2152 710 2199; x_wconf 86' lang='lat' dir='ltr'>poenitentia</span> <span class='ocrx_word' id='word_1_284' title='bbox 745 2150 878 2193; x_wconf 79' lang='lat' dir='ltr'>indicta,</span> <span class='ocrx_word' id='word_1_285' title='bbox 912 2161 1007 2196; x_wconf 81' lang='lat' dir='ltr'>quam</span> <span class='ocrx_word' id='word_1_286' title='bbox 1034 2160 1118 2183; x_wconf 79' lang='lat' dir='ltr'>con-</span> 
     </span>
     <span class='ocr_line' id='line_1_79' title="bbox 369 2200 1117 2250; baseline -0.009 -12"><span class='ocrx_word' id='word_1_287' title='bbox 369 2215 479 2250; x_wconf 82' lang='lat' dir='ltr'>gruam</span> <span class='ocrx_word' id='word_1_288' title='bbox 503 2202 642 2245; x_wconf 80' lang='lat' dir='ltr'>duxeris,</span> <span class='ocrx_word' id='word_1_289' title='bbox 665 2201 695 2234; x_wconf 92' lang='lat' dir='ltr'>in</span> <span class='ocrx_word' id='word_1_290' title='bbox 716 2200 802 2247; x_wconf 71' lang='lat' dir='ltr'>ipsis,</span> <span class='ocrx_word' id='word_1_291' title='bbox 826 2211 906 2246; x_wconf 89' lang='lat' dir='ltr'>quos</span> <span class='ocrx_word' id='word_1_292' title='bbox 927 2205 1117 2245; x_wconf 80' lang='lat' dir='ltr'>acceperint,</span> 
     </span>
     <span class='ocr_line' id='line_1_80' title="bbox 370 2251 882 2297; baseline -0.01 -10"><span class='ocrx_word' id='word_1_293' title='bbox 370 2252 535 2287; x_wconf 88' lang='lat' dir='ltr'>ordinibus</span> <span class='ocrx_word' id='word_1_294' title='bbox 559 2262 685 2286; x_wconf 83' lang='lat' dir='ltr'>manere</span> <span class='ocrx_word' id='word_1_295' title='bbox 708 2251 882 2297; x_wconf 62' lang='lat' dir='ltr'>permittas„</span> 
     </span>
    </p>
   </div>
   <div class='ocr_carea' id='block_1_9' title="bbox 419 2296 1143 2349">
    <p class='ocr_par' dir='ltr' id='par_1_13' title="bbox 419 2296 1143 2349">
     <span class='ocr_line' id='line_1_81' title="bbox 419 2296 1143 2349; baseline -0.008 -13"><span class='ocrx_word' id='word_1_296' title='bbox 419 2302 440 2349; x_wconf 59' lang='lat'>5³</span> <span class='ocrx_word' id='word_1_297' title='bbox 469 2304 502 2336; x_wconf 81' lang='lat'>8.</span> <span class='ocrx_word' id='word_1_298' title='bbox 527 2300 577 2335; x_wconf 81' lang='lat' dir='ltr'>Ad</span> <span class='ocrx_word' id='word_1_299' title='bbox 605 2300 784 2347; x_wconf 71' lang='lat' dir='ltr'>superiores</span> <span class='ocrx_word' id='word_1_300' title='bbox 817 2307 920 2333; x_wconf 69' lang='lat' dir='ltr'>antem</span> <span class='ocrx_word' id='word_1_301' title='bbox 948 2296 1143 2332; x_wconf 69' lang='lat' dir='ltr'>ascendere.</span> 
     </span>
    </p>
   </div>
   <div class='ocr_carea' id='block_1_10' title="bbox 372 2349 1122 2647">
    <p class='ocr_par' dir='ltr' id='par_1_14' title="bbox 372 2349 1122 2584">
     <span class='ocr_line' id='line_1_82' title="bbox 372 2349 1121 2392; baseline -0.009 -6"><span class='ocrx_word' id='word_1_302' title='bbox 372 2364 434 2386; x_wconf 89' lang='lat' dir='ltr'>non</span> <span class='ocrx_word' id='word_1_303' title='bbox 451 2350 670 2392; x_wconf 76' lang='lat' dir='ltr'>concedimus,</span> <span class='ocrx_word' id='word_1_304' title='bbox 685 2349 744 2384; x_wconf 84' lang='lat' dir='ltr'>uisi</span> <span class='ocrx_word' id='word_1_305' title='bbox 760 2359 931 2383; x_wconf 73' lang='lat' dir='ltr'>necessitas</span> <span class='ocrx_word' id='word_1_306' title='bbox 953 2358 982 2381; x_wconf 72' lang='lat' dir='ltr'>et</span> <span class='ocrx_word' id='word_1_307' title='bbox 1006 2351 1121 2380; x_wconf 59' lang='lat' dir='ltr'>amittas</span> 
     </span>
     <span class='ocr_line' id='line_1_83' title="bbox 373 2399 1120 2446; baseline -0.009 -11"><span class='ocrx_word' id='word_1_308' title='bbox 373 2412 512 2435; x_wconf 64' lang='lat' dir='ltr'>maxima</span> <span class='ocrx_word' id='word_1_309' title='bbox 542 2399 750 2446; x_wconf 64' lang='lat' dir='ltr'>flagitaverit,</span> <span class='ocrx_word' id='word_1_310' title='bbox 783 2406 812 2433; x_wconf 77' lang='lat' dir='ltr'>et</span> <span class='ocrx_word' id='word_1_311' title='bbox 848 2408 987 2444; x_wconf 72' lang='lat' dir='ltr'>ipsorum</span> <span class='ocrx_word' id='word_1_312' title='bbox 1015 2406 1120 2430; x_wconf 63' lang='lat' dir='ltr'>sancta</span> 
     </span>
     <span class='ocr_line' id='line_1_84' title="bbox 373 2451 1121 2496; baseline -0.011 -11"><span class='ocrx_word' id='word_1_313' title='bbox 373 2457 569 2485; x_wconf 73' lang='lat' dir='ltr'>conversatio</span> <span class='ocrx_word' id='word_1_314' title='bbox 597 2456 822 2496; x_wconf 63' lang='lat' dir='ltr'>prouwrizeri&#39;13</span> <span class='ocrx_word' id='word_1_315' title='bbox 857 2458 886 2481; x_wconf 74' lang='lat' dir='ltr'>et</span> <span class='ocrx_word' id='word_1_316' title='bbox 924 2451 982 2480; x_wconf 73' lang='lat' dir='ltr'>hoc</span> <span class='ocrx_word' id='word_1_317' title='bbox 1018 2454 1121 2478; x_wconf 51' lang='lat' dir='ltr'>tarsicia</span> 
     </span>
     <span class='ocr_line' id='line_1_85' title="bbox 374 2497 1122 2546; baseline -0.008 -13"><span class='ocrx_word' id='word_1_318' title='bbox 374 2511 478 2546; x_wconf 78' lang='lat' dir='ltr'>ipsum</span> <span class='ocrx_word' id='word_1_319' title='bbox 504 2499 604 2533; x_wconf 80' lang='lat' dir='ltr'>rarius</span> <span class='ocrx_word' id='word_1_320' title='bbox 630 2512 702 2533; x_wconf 80' lang='lat' dir='ltr'>cum</span> <span class='ocrx_word' id='word_1_321' title='bbox 732 2497 854 2533; x_wconf 55' lang='lat' dir='ltr'>can-teia</span> <span class='ocrx_word' id='word_1_322' title='bbox 886 2508 933 2531; x_wconf 77' lang='lat' dir='ltr'>est</span> <span class='ocrx_word' id='word_1_323' title='bbox 955 2505 1122 2542; x_wconf 54' lang='lat' dir='ltr'>praecipui.</span> 
     </span>
     <span class='ocr_line' id='line_1_86' title="bbox 375 2549 625 2584; baseline -0.012 -1"><span class='ocrx_word' id='word_1_324' title='bbox 375 2549 625 2584; x_wconf 74' lang='lat' dir='ltr'>concedendum.</span> 
     </span>
    </p>

    <p class='ocr_par' dir='ltr' id='par_1_15' title="bbox 411 2609 687 2647">
     <span class='ocr_line' id='line_1_87' title="bbox 411 2609 687 2647; baseline -0.007 -10"><span class='ocrx_word' id='word_1_325' title='bbox 411 2611 452 2647; x_wconf 68' lang='lat' dir='ltr'>(t)</span> <span class='ocrx_word' id='word_1_326' title='bbox 466 2609 566 2637; x_wconf 79' lang='lat' dir='ltr'>Forsan</span> <span class='ocrx_word' id='word_1_327' title='bbox 582 2611 687 2636; x_wconf 77' lang='lat' dir='ltr'>videbis.</span> 
     </span>
    </p>
   </div>
   <div class='ocr_carea' id='block_1_11' title="bbox 945 216 1323 240">
    <p class='ocr_par' dir='ltr' id='par_1_16' title="bbox 945 216 1323 240">
     <span class='ocr_line' id='line_1_88' title="bbox 945 216 1323 240; baseline -0.008 0"><span class='ocrx_word' id='word_1_328' title='bbox 945 216 1131 240; x_wconf 43' lang='lat' dir='ltr'>omimium</span> <span class='ocrx_word' id='word_1_329' title='bbox 1160 216 1323 238; x_wconf 53' lang='lat' dir='ltr'>nonaum</span> 
     </span>
    </p>
   </div>
   <div class='ocr_carea' id='block_1_12' title="bbox 1139 268 1916 2645">
    <p class='ocr_par' dir='ltr' id='par_1_17' title="bbox 1146 268 1896 501">
     <span class='ocr_line' id='line_1_89' title="bbox 1194 268 1896 316; baseline 0.001 -13"><span class='ocrx_word' id='word_1_330' title='bbox 1194 270 1260 316; x_wconf 57' lang='lat' dir='ltr'>gt).</span> <span class='ocrx_word' id='word_1_331' title='bbox 1276 269 1322 303; x_wconf 84' lang='lat' dir='ltr'>De</span> <span class='ocrx_word' id='word_1_332' title='bbox 1338 268 1539 316; x_wconf 66' lang='lat' dir='ltr'>presbyteris,</span> <span class='ocrx_word' id='word_1_333' title='bbox 1554 268 1707 313; x_wconf 87' lang='lat' dir='ltr'>diaconis,</span> <span class='ocrx_word' id='word_1_334' title='bbox 1722 281 1756 304; x_wconf 86' lang='lat' dir='ltr'>ac</span> <span class='ocrx_word' id='word_1_335' title='bbox 1771 268 1896 304; x_wconf 84' lang='lat' dir='ltr'>subdia-</span> 
     </span>
     <span class='ocr_line' id='line_1_90' title="bbox 1146 318 1893 366; baseline -0.001 -13"><span class='ocrx_word' id='word_1_336' title='bbox 1146 321 1245 363; x_wconf 90' lang='lat' dir='ltr'>conis,</span> <span class='ocrx_word' id='word_1_337' title='bbox 1270 319 1322 366; x_wconf 91' lang='lat' dir='ltr'>qui</span> <span class='ocrx_word' id='word_1_338' title='bbox 1345 325 1413 364; x_wconf 85' lang='lat' dir='ltr'>post</span> <span class='ocrx_word' id='word_1_339' title='bbox 1435 326 1598 364; x_wconf 80' lang='lat' dir='ltr'>acceptum</span> <span class='ocrx_word' id='word_1_340' title='bbox 1617 318 1759 353; x_wconf 81' lang='lat' dir='ltr'>ordinem</span> <span class='ocrx_word' id='word_1_341' title='bbox 1783 318 1813 352; x_wconf 92' lang='lat' dir='ltr'>in</span> <span class='ocrx_word' id='word_1_342' title='bbox 1835 319 1893 352; x_wconf 89' lang='lat' dir='ltr'>ali-</span> 
     </span>
     <span class='ocr_line' id='line_1_91' title="bbox 1146 367 1895 415; baseline -0.003 -12"><span class='ocrx_word' id='word_1_343' title='bbox 1146 380 1209 415; x_wconf 90' lang='lat' dir='ltr'>quo</span> <span class='ocrx_word' id='word_1_344' title='bbox 1232 368 1364 403; x_wconf 86' lang='lat' dir='ltr'>crimine</span> <span class='ocrx_word' id='word_1_345' title='bbox 1380 367 1456 413; x_wconf 83' lang='lat' dir='ltr'>lapsi</span> <span class='ocrx_word' id='word_1_346' title='bbox 1482 367 1597 401; x_wconf 81' lang='lat' dir='ltr'>suerint</span> <span class='ocrx_word' id='word_1_347' title='bbox 1623 367 1688 402; x_wconf 86' lang='lat' dir='ltr'>sive</span> <span class='ocrx_word' id='word_1_348' title='bbox 1712 368 1813 414; x_wconf 86' lang='lat' dir='ltr'>palam</span> <span class='ocrx_word' id='word_1_349' title='bbox 1831 368 1895 402; x_wconf 86' lang='lat' dir='ltr'>sive</span> 
     </span>
     <span class='ocr_line' id='line_1_92' title="bbox 1146 416 1896 464; baseline 0.001 -13"><span class='ocrx_word' id='word_1_350' title='bbox 1146 419 1238 458; x_wconf 85' lang='lat' dir='ltr'>clam,</span> <span class='ocrx_word' id='word_1_351' title='bbox 1273 425 1395 452; x_wconf 81' lang='lat' dir='ltr'>constat</span> <span class='ocrx_word' id='word_1_352' title='bbox 1425 416 1551 464; x_wconf 89' lang='lat' dir='ltr'>quidem</span> <span class='ocrx_word' id='word_1_353' title='bbox 1579 428 1735 451; x_wconf 86' lang='lat' dir='ltr'>canonum</span> <span class='ocrx_word' id='word_1_354' title='bbox 1762 429 1896 452; x_wconf 78' lang='lat' dir='ltr'>censura</span> 
     </span>
     <span class='ocr_line' id='line_1_93' title="bbox 1146 465 1808 501; baseline -0.002 0"><span class='ocrx_word' id='word_1_355' title='bbox 1146 467 1184 501; x_wconf 85' lang='lat' dir='ltr'>ab</span> <span class='ocrx_word' id='word_1_356' title='bbox 1207 466 1426 501; x_wconf 77' lang='lat' dir='ltr'>ecclesiasticis</span> <span class='ocrx_word' id='word_1_357' title='bbox 1448 478 1503 500; x_wconf 89' lang='lat' dir='ltr'>eos</span> <span class='ocrx_word' id='word_1_358' title='bbox 1529 465 1640 500; x_wconf 81' lang='lat' dir='ltr'>officiis</span> <span class='ocrx_word' id='word_1_359' title='bbox 1662 466 1808 500; x_wconf 83' lang='lat' dir='ltr'>inhiberi.</span> 
     </span>
    </p>

    <p class='ocr_par' dir='ltr' id='par_1_18' title="bbox 1147 515 1898 847">
     <span class='ocr_line' id='line_1_94' title="bbox 1195 515 1886 563; baseline 0 -13"><span class='ocrx_word' id='word_1_360' title='bbox 1195 516 1214 563; x_wconf 61' lang='grc' dir='ltr'>ἓ</span> <span class='ocrx_word' id='word_1_361' title='bbox 1236 520 1287 551; x_wconf 85' lang='grc'>10.</span> <span class='ocrx_word' id='word_1_362' title='bbox 1306 516 1393 550; x_wconf 87' lang='lat' dir='ltr'>Tuae</span> <span class='ocrx_word' id='word_1_363' title='bbox 1410 523 1513 550; x_wconf 89' lang='lat' dir='ltr'>tamen</span> <span class='ocrx_word' id='word_1_364' title='bbox 1537 515 1766 562; x_wconf 86' lang='lat' dir='ltr'>providentiae,</span> <span class='ocrx_word' id='word_1_365' title='bbox 1784 515 1886 550; x_wconf 86' lang='lat' dir='ltr'>disere</span> 
     </span>
     <span class='ocr_line' id='line_1_95' title="bbox 1147 565 1898 612; baseline 0 -13"><span class='ocrx_word' id='word_1_366' title='bbox 1147 566 1288 612; x_wconf 88' lang='lat' dir='ltr'>tionique</span> <span class='ocrx_word' id='word_1_367' title='bbox 1310 565 1555 600; x_wconf 86' lang='lat' dir='ltr'>committimus:</span> <span class='ocrx_word' id='word_1_368' title='bbox 1585 573 1689 599; x_wconf 88' lang='lat' dir='ltr'>utrum</span> <span class='ocrx_word' id='word_1_369' title='bbox 1711 576 1819 599; x_wconf 88' lang='lat' dir='ltr'>eorum</span> <span class='ocrx_word' id='word_1_370' title='bbox 1843 565 1898 599; x_wconf 88' lang='lat' dir='ltr'>ali-</span> 
     </span>
     <span class='ocr_line' id='line_1_96' title="bbox 1147 614 1897 662; baseline 0.001 -15"><span class='ocrx_word' id='word_1_371' title='bbox 1147 615 1212 661; x_wconf 73' lang='lat' dir='ltr'>qui,</span> <span class='ocrx_word' id='word_1_372' title='bbox 1240 616 1290 662; x_wconf 87' lang='lat' dir='ltr'>qui</span> <span class='ocrx_word' id='word_1_373' title='bbox 1314 623 1418 649; x_wconf 84' lang='lat' dir='ltr'>tamen</span> <span class='ocrx_word' id='word_1_374' title='bbox 1443 614 1589 649; x_wconf 84' lang='lat' dir='ltr'>infamiae</span> <span class='ocrx_word' id='word_1_375' title='bbox 1620 614 1704 649; x_wconf 85' lang='lat' dir='ltr'>notis</span> <span class='ocrx_word' id='word_1_376' title='bbox 1731 626 1794 648; x_wconf 89' lang='lat' dir='ltr'>non</span> <span class='ocrx_word' id='word_1_377' title='bbox 1820 614 1897 649; x_wconf 81' lang='lat' dir='ltr'>fue—</span> 
     </span>
     <span class='ocr_line' id='line_1_97' title="bbox 1148 662 1896 711; baseline 0 -13"><span class='ocrx_word' id='word_1_378' title='bbox 1148 664 1209 698; x_wconf 74' lang='lat' dir='ltr'>rin&#39;t</span> <span class='ocrx_word' id='word_1_379' title='bbox 1230 665 1362 711; x_wconf 82' lang='lat' dir='ltr'>aspersi,</span> <span class='ocrx_word' id='word_1_380' title='bbox 1378 665 1563 699; x_wconf 86' lang='lat' dir='ltr'>necessitate</span> <span class='ocrx_word' id='word_1_381' title='bbox 1579 662 1739 698; x_wconf 86' lang='lat' dir='ltr'>Ecclesiae</span> <span class='ocrx_word' id='word_1_382' title='bbox 1755 671 1896 710; x_wconf 76' lang='lat' dir='ltr'>urgente,</span> 
     </span>
     <span class='ocr_line' id='line_1_98' title="bbox 1147 713 1897 760; baseline 0.001 -13"><span class='ocrx_word' id='word_1_383' title='bbox 1147 722 1177 747; x_wconf 84' lang='lat' dir='ltr'>et</span> <span class='ocrx_word' id='word_1_384' title='bbox 1205 714 1344 760; x_wconf 87' lang='lat' dir='ltr'>ipsorum</span> <span class='ocrx_word' id='word_1_385' title='bbox 1372 721 1480 748; x_wconf 83' lang='lat' dir='ltr'>sancta</span> <span class='ocrx_word' id='word_1_386' title='bbox 1507 713 1745 748; x_wconf 82' lang='lat' dir='ltr'>conversatione</span> <span class='ocrx_word' id='word_1_387' title='bbox 1768 725 1897 760; x_wconf 87' lang='lat' dir='ltr'>prome-</span> 
     </span>
     <span class='ocr_line' id='line_1_99' title="bbox 1148 762 1898 810; baseline 0.001 -13"><span class='ocrx_word' id='word_1_388' title='bbox 1148 772 1246 807; x_wconf 84' lang='lat' dir='ltr'>rente,</span> <span class='ocrx_word' id='word_1_389' title='bbox 1281 764 1311 798; x_wconf 92' lang='lat' dir='ltr'>in</span> <span class='ocrx_word' id='word_1_390' title='bbox 1347 764 1411 798; x_wconf 89' lang='lat' dir='ltr'>suis</span> <span class='ocrx_word' id='word_1_391' title='bbox 1445 762 1595 809; x_wconf 80' lang='lat' dir='ltr'>gradibus</span> <span class='ocrx_word' id='word_1_392' title='bbox 1623 763 1800 810; x_wconf 86' lang='lat' dir='ltr'>recuperari</span> <span class='ocrx_word' id='word_1_393' title='bbox 1835 763 1898 798; x_wconf 85' lang='lat' dir='ltr'>de·-</span> 
     </span>
     <span class='ocr_line' id='line_1_100' title="bbox 1149 813 1252 847; baseline 0.01 -1"><span class='ocrx_word' id='word_1_394' title='bbox 1149 813 1252 847; x_wconf 72' lang='lat' dir='ltr'>licant.</span> 
     </span>
    </p>

    <p class='ocr_par' dir='ltr' id='par_1_19' title="bbox 1148 861 1898 1051">
     <span class='ocr_line' id='line_1_101' title="bbox 1196 861 1897 909; baseline 0 -14"><span class='ocrx_word' id='word_1_395' title='bbox 1196 863 1215 909; x_wconf 61' lang='lat' dir='ltr'>g</span> <span class='ocrx_word' id='word_1_396' title='bbox 1236 865 1287 895; x_wconf 89' lang='lat' dir='ltr'>ll.</span> <span class='ocrx_word' id='word_1_397' title='bbox 1312 862 1380 896; x_wconf 85' lang='lat' dir='ltr'>Hoc</span> <span class='ocrx_word' id='word_1_398' title='bbox 1401 870 1505 896; x_wconf 80' lang='lat' dir='ltr'>autom</span> <span class='ocrx_word' id='word_1_399' title='bbox 1528 861 1705 896; x_wconf 87' lang='lat' dir='ltr'>secundnm</span> <span class='ocrx_word' id='word_1_400' title='bbox 1727 861 1897 907; x_wconf 70' lang='lat' dir='ltr'>indulgenn</span> 
     </span>
     <span class='ocr_line' id='line_1_102' title="bbox 1148 911 1898 957; baseline -0.001 -12"><span class='ocrx_word' id='word_1_401' title='bbox 1148 911 1220 945; x_wconf 85' lang='lat' dir='ltr'>tiam</span> <span class='ocrx_word' id='word_1_402' title='bbox 1249 911 1332 951; x_wconf 83' lang='lat' dir='ltr'>dico,</span> <span class='ocrx_word' id='word_1_403' title='bbox 1357 923 1417 945; x_wconf 91' lang='lat' dir='ltr'>non</span> <span class='ocrx_word' id='word_1_404' title='bbox 1449 912 1621 946; x_wconf 89' lang='lat' dir='ltr'>secundum</span> <span class='ocrx_word' id='word_1_405' title='bbox 1651 912 1836 957; x_wconf 86' lang='lat' dir='ltr'>imperium,</span> <span class='ocrx_word' id='word_1_406' title='bbox 1866 919 1898 944; x_wconf 91' lang='lat' dir='ltr'>ut</span> 
     </span>
     <span class='ocr_line' id='line_1_103' title="bbox 1149 961 1896 1007; baseline 0 -13"><span class='ocrx_word' id='word_1_407' title='bbox 1149 969 1248 995; x_wconf 75' lang='lat' dir='ltr'>vestra</span> <span class='ocrx_word' id='word_1_408' title='bbox 1284 961 1381 995; x_wconf 88' lang='lat' dir='ltr'>maior</span> <span class='ocrx_word' id='word_1_409' title='bbox 1416 961 1525 995; x_wconf 81' lang='lat' dir='ltr'>vestris</span> <span class='ocrx_word' id='word_1_410' title='bbox 1560 962 1589 995; x_wconf 92' lang='lat' dir='ltr'>in</span> <span class='ocrx_word' id='word_1_411' title='bbox 1627 961 1768 1007; x_wconf 87' lang='lat' dir='ltr'>partibus</span> <span class='ocrx_word' id='word_1_412' title='bbox 1789 968 1896 994; x_wconf 86' lang='lat' dir='ltr'>contra</span> 
     </span>
     <span class='ocr_line' id='line_1_104' title="bbox 1149 1009 1710 1051; baseline 0.002 -8"><span class='ocrx_word' id='word_1_413' title='bbox 1149 1010 1322 1044; x_wconf 78' lang='lat' dir='ltr'>haereticos</span> <span class='ocrx_word' id='word_1_414' title='bbox 1345 1009 1497 1044; x_wconf 85' lang='lat' dir='ltr'>habeatur</span> <span class='ocrx_word' id='word_1_415' title='bbox 1523 1010 1710 1051; x_wconf 88' lang='lat' dir='ltr'>auctoritas;</span> 
     </span>
    </p>

    <p class='ocr_par' dir='ltr' id='par_1_20' title="bbox 1148 1058 1900 1191">
     <span class='ocr_line' id='line_1_105' title="bbox 1197 1058 1899 1105; baseline 0 -13"><span class='ocrx_word' id='word_1_416' title='bbox 1197 1060 1216 1105; x_wconf 53' lang='grc' dir='ltr'>ᾖ</span> <span class='ocrx_word' id='word_1_417' title='bbox 1235 1062 1287 1092; x_wconf 69' lang='lat'>12.</span> <span class='ocrx_word' id='word_1_418' title='bbox 1304 1058 1394 1093; x_wconf 71' lang='lat' dir='ltr'>Salva</span> <span class='ocrx_word' id='word_1_419' title='bbox 1410 1068 1511 1093; x_wconf 87' lang='lat' dir='ltr'>tamen</span> <span class='ocrx_word' id='word_1_420' title='bbox 1527 1060 1710 1094; x_wconf 85' lang='lat' dir='ltr'>auctoritate</span> <span class='ocrx_word' id='word_1_421' title='bbox 1724 1059 1899 1099; x_wconf 73' lang='lat' dir='ltr'>communi,</span> 
     </span>
     <span class='ocr_line' id='line_1_106' title="bbox 1148 1108 1900 1162; baseline 0 -20"><span class='ocrx_word' id='word_1_422' title='bbox 1148 1117 1178 1142; x_wconf 88' lang='lat' dir='ltr'>et</span> <span class='ocrx_word' id='word_1_423' title='bbox 1200 1116 1378 1162; x_wconf 80' lang='lat' dir='ltr'>sauctorum</span> <span class='ocrx_word' id='word_1_424' title='bbox 1410 1108 1539 1143; x_wconf 88' lang='lat' dir='ltr'>Patrnm</span> <span class='ocrx_word' id='word_1_425' title='bbox 1572 1108 1782 1143; x_wconf 82' lang='lat' dir='ltr'>decretalibus</span> <span class='ocrx_word' id='word_1_426' title='bbox 1809 1109 1900 1142; x_wconf 87' lang='lat' dir='ltr'>insti-</span> 
     </span>
     <span class='ocr_line' id='line_1_107' title="bbox 1149 1165 1235 1191; baseline 0 0"><span class='ocrx_word' id='word_1_427' title='bbox 1149 1165 1235 1191; x_wconf 84' lang='lat' dir='ltr'>tulis.</span> 
     </span>
    </p>

    <p class='ocr_par' dir='ltr' id='par_1_21' title="bbox 1150 1206 1903 1598">
     <span class='ocr_line' id='line_1_108' title="bbox 1198 1206 1902 1253; baseline 0 -13"><span class='ocrx_word' id='word_1_428' title='bbox 1198 1207 1288 1253; x_wconf 59' lang='lat'>515.</span> <span class='ocrx_word' id='word_1_429' title='bbox 1318 1206 1351 1240; x_wconf 90' lang='lat' dir='ltr'>Si</span> <span class='ocrx_word' id='word_1_430' title='bbox 1385 1219 1480 1253; x_wconf 90' lang='lat' dir='ltr'>quem</span> <span class='ocrx_word' id='word_1_431' title='bbox 1508 1219 1592 1251; x_wconf 87' lang='lat' dir='ltr'>vero,</span> <span class='ocrx_word' id='word_1_432' title='bbox 1620 1206 1705 1253; x_wconf 89' lang='lat' dir='ltr'>quod</span> <span class='ocrx_word' id='word_1_433' title='bbox 1728 1206 1821 1246; x_wconf 83' lang='lat' dir='ltr'>absit,</span> <span class='ocrx_word' id='word_1_434' title='bbox 1848 1214 1902 1240; x_wconf 88' lang='lat' dir='ltr'>aut</span> 
     </span>
     <span class='ocr_line' id='line_1_109' title="bbox 1152 1257 1901 1302; baseline 0.001 -13"><span class='ocrx_word' id='word_1_435' title='bbox 1152 1264 1221 1302; x_wconf 87' lang='lat' dir='ltr'>post</span> <span class='ocrx_word' id='word_1_436' title='bbox 1251 1257 1475 1302; x_wconf 83' lang='lat' dir='ltr'>poenitentiam</span> <span class='ocrx_word' id='word_1_437' title='bbox 1516 1265 1706 1302; x_wconf 79' lang='lat' dir='ltr'>acceptum,</span> <span class='ocrx_word' id='word_1_438' title='bbox 1739 1264 1792 1290; x_wconf 89' lang='lat' dir='ltr'>aut</span> <span class='ocrx_word' id='word_1_439' title='bbox 1828 1264 1901 1290; x_wconf 88' lang='lat' dir='ltr'>ante</span> 
     </span>
     <span class='ocr_line' id='line_1_110' title="bbox 1150 1305 1902 1352; baseline 0 -13"><span class='ocrx_word' id='word_1_440' title='bbox 1150 1313 1314 1352; x_wconf 83' lang='lat' dir='ltr'>acceptum</span> <span class='ocrx_word' id='word_1_441' title='bbox 1338 1305 1475 1340; x_wconf 82' lang='lat' dir='ltr'>officium</span> <span class='ocrx_word' id='word_1_442' title='bbox 1499 1306 1666 1351; x_wconf 80' lang='lat' dir='ltr'>contigerit</span> <span class='ocrx_word' id='word_1_443' title='bbox 1689 1305 1902 1352; x_wconf 90' lang='lat' dir='ltr'>peremptorio</span> 
     </span>
     <span class='ocr_line' id='line_1_111' title="bbox 1151 1354 1902 1401; baseline 0 -13"><span class='ocrx_word' id='word_1_444' title='bbox 1151 1354 1291 1401; x_wconf 82' lang='lat' dir='ltr'>quolibet</span> <span class='ocrx_word' id='word_1_445' title='bbox 1313 1367 1433 1398; x_wconf 87' lang='lat' dir='ltr'>eorum,</span> <span class='ocrx_word' id='word_1_446' title='bbox 1456 1367 1536 1400; x_wconf 15' lang='lat' dir='ltr'>&lt;iuriae</span> <span class='ocrx_word' id='word_1_447' title='bbox 1559 1355 1588 1389; x_wconf 91' lang='lat' dir='ltr'>in</span> <span class='ocrx_word' id='word_1_448' title='bbox 1613 1355 1680 1400; x_wconf 80' lang='lat' dir='ltr'>lege</span> <span class='ocrx_word' id='word_1_449' title='bbox 1702 1362 1802 1389; x_wconf 86' lang='lat' dir='ltr'>morte</span> <span class='ocrx_word' id='word_1_450' title='bbox 1819 1355 1902 1389; x_wconf 90' lang='lat' dir='ltr'>mul-</span> 
     </span>
     <span class='ocr_line' id='line_1_112' title="bbox 1152 1404 1901 1450; baseline -0.001 -12"><span class='ocrx_word' id='word_1_451' title='bbox 1152 1412 1266 1445; x_wconf 88' lang='lat' dir='ltr'>tantur,</span> <span class='ocrx_word' id='word_1_452' title='bbox 1294 1405 1359 1438; x_wconf 81' lang='lat' dir='ltr'>sire</span> <span class='ocrx_word' id='word_1_453' title='bbox 1381 1404 1460 1439; x_wconf 84' lang='lat' dir='ltr'>clam</span> <span class='ocrx_word' id='word_1_454' title='bbox 1483 1404 1548 1438; x_wconf 71' lang='lat' dir='ltr'>sive</span> <span class='ocrx_word' id='word_1_455' title='bbox 1585 1404 1684 1450; x_wconf 85' lang='lat' dir='ltr'>palam</span> <span class='ocrx_word' id='word_1_456' title='bbox 1713 1412 1901 1450; x_wconf 86' lang='lat' dir='ltr'>occupatum</span> 
     </span>
     <span class='ocr_line' id='line_1_113' title="bbox 1151 1453 1902 1500; baseline -0.001 -12"><span class='ocrx_word' id='word_1_457' title='bbox 1151 1454 1282 1488; x_wconf 89' lang='lat' dir='ltr'>crimine</span> <span class='ocrx_word' id='word_1_458' title='bbox 1305 1453 1455 1488; x_wconf 84' lang='lat' dir='ltr'>inveniri:</span> <span class='ocrx_word' id='word_1_459' title='bbox 1475 1466 1529 1488; x_wconf 88' lang='lat' dir='ltr'>eos</span> <span class='ocrx_word' id='word_1_460' title='bbox 1552 1454 1700 1493; x_wconf 84' lang='lat' dir='ltr'>maxime,</span> <span class='ocrx_word' id='word_1_461' title='bbox 1722 1454 1775 1500; x_wconf 80' lang='lat' dir='ltr'>qui</span> <span class='ocrx_word' id='word_1_462' title='bbox 1798 1453 1902 1488; x_wconf 81' lang='lat' dir='ltr'>adliuc</span> 
     </span>
     <span class='ocr_line' id='line_1_114' title="bbox 1153 1502 1903 1540; baseline 0 -4"><span class='ocrx_word' id='word_1_463' title='bbox 1153 1502 1271 1537; x_wconf 90' lang='lat' dir='ltr'>mundo</span> <span class='ocrx_word' id='word_1_464' title='bbox 1299 1503 1415 1540; x_wconf 71' lang='lat' dir='ltr'>vivunt,</span> <span class='ocrx_word' id='word_1_465' title='bbox 1442 1502 1481 1537; x_wconf 83' lang='lat' dir='ltr'>al)</span> <span class='ocrx_word' id='word_1_466' title='bbox 1508 1503 1593 1537; x_wconf 89' lang='lat' dir='ltr'>omni</span> <span class='ocrx_word' id='word_1_467' title='bbox 1616 1515 1670 1537; x_wconf 92' lang='lat' dir='ltr'>eos</span> <span class='ocrx_word' id='word_1_468' title='bbox 1697 1502 1804 1537; x_wconf 83' lang='lat' dir='ltr'>altaris</span> <span class='ocrx_word' id='word_1_469' title='bbox 1840 1502 1903 1536; x_wconf 91' lang='lat' dir='ltr'>mi-</span> 
     </span>
     <span class='ocr_line' id='line_1_115' title="bbox 1154 1553 1554 1598; baseline 0 -12"><span class='ocrx_word' id='word_1_470' title='bbox 1154 1553 1282 1586; x_wconf 87' lang='lat' dir='ltr'>nisterio</span> <span class='ocrx_word' id='word_1_471' title='bbox 1309 1560 1554 1598; x_wconf 83' lang='lat' dir='ltr'>sequestramus.</span> 
     </span>
    </p>

    <p class='ocr_par' dir='ltr' id='par_1_22' title="bbox 1153 1601 1906 2080">
     <span class='ocr_line' id='line_1_116' title="bbox 1200 1601 1901 1648; baseline 0.001 -13"><span class='ocrx_word' id='word_1_472' title='bbox 1200 1602 1219 1648; x_wconf 60' lang='lat' dir='ltr'>g</span> <span class='ocrx_word' id='word_1_473' title='bbox 1243 1604 1297 1635; x_wconf 43' lang='lat' dir='ltr'>stt.</span> <span class='ocrx_word' id='word_1_474' title='bbox 1325 1602 1415 1635; x_wconf 84' lang='lat' dir='ltr'>Sicut</span> <span class='ocrx_word' id='word_1_475' title='bbox 1442 1602 1525 1635; x_wconf 86' lang='lat' dir='ltr'>enim</span> <span class='ocrx_word' id='word_1_476' title='bbox 1556 1601 1778 1647; x_wconf 85' lang='lat' dir='ltr'>poenitentiam</span> <span class='ocrx_word' id='word_1_477' title='bbox 1808 1613 1901 1647; x_wconf 78' lang='lat' dir='ltr'>agere</span> 
     </span>
     <span class='ocr_line' id='line_1_117' title="bbox 1153 1650 1902 1698; baseline 0 -13"><span class='ocrx_word' id='word_1_478' title='bbox 1153 1652 1297 1698; x_wconf 85' lang='lat' dir='ltr'>cuiquam</span> <span class='ocrx_word' id='word_1_479' title='bbox 1327 1663 1388 1685; x_wconf 89' lang='lat' dir='ltr'>non</span> <span class='ocrx_word' id='word_1_480' title='bbox 1423 1651 1605 1685; x_wconf 85' lang='lat' dir='ltr'>conceditur</span> <span class='ocrx_word' id='word_1_481' title='bbox 1631 1650 1831 1689; x_wconf 88' lang='lat' dir='ltr'>clericorum,</span> <span class='ocrx_word' id='word_1_482' title='bbox 1862 1651 1902 1686; x_wconf 82' lang='lat' dir='ltr'>ita</span> 
     </span>
     <span class='ocr_line' id='line_1_118' title="bbox 1153 1700 1902 1746; baseline 0 -12"><span class='ocrx_word' id='word_1_483' title='bbox 1153 1708 1184 1734; x_wconf 84' lang='lat' dir='ltr'>et</span> <span class='ocrx_word' id='word_1_484' title='bbox 1208 1709 1277 1746; x_wconf 89' lang='lat' dir='ltr'>post</span> <span class='ocrx_word' id='word_1_485' title='bbox 1296 1700 1533 1746; x_wconf 85' lang='lat' dir='ltr'>poenitudinem</span> <span class='ocrx_word' id='word_1_486' title='bbox 1557 1712 1592 1734; x_wconf 89' lang='lat' dir='ltr'>ac</span> <span class='ocrx_word' id='word_1_487' title='bbox 1615 1700 1902 1744; x_wconf 84' lang='lat' dir='ltr'>reconciliationem</span> 
     </span>
     <span class='ocr_line' id='line_1_119' title="bbox 1155 1749 1905 1796; baseline 0.001 -13"><span class='ocrx_word' id='word_1_488' title='bbox 1155 1750 1232 1783; x_wconf 91' lang='lat' dir='ltr'>nulli</span> <span class='ocrx_word' id='word_1_489' title='bbox 1261 1762 1398 1796; x_wconf 84' lang='lat' dir='ltr'>uuquam</span> <span class='ocrx_word' id='word_1_490' title='bbox 1427 1749 1504 1784; x_wconf 85' lang='lat' dir='ltr'>laico</span> <span class='ocrx_word' id='word_1_491' title='bbox 1531 1749 1622 1784; x_wconf 84' lang='lat' dir='ltr'>liceat</span> <span class='ocrx_word' id='word_1_492' title='bbox 1649 1749 1801 1784; x_wconf 88' lang='lat' dir='ltr'>honorem</span> <span class='ocrx_word' id='word_1_493' title='bbox 1839 1750 1905 1784; x_wconf 83' lang='lat' dir='ltr'>cle-</span> 
     </span>
     <span class='ocr_line' id='line_1_120' title="bbox 1155 1799 1905 1846; baseline -0.001 -13"><span class='ocrx_word' id='word_1_494' title='bbox 1155 1799 1270 1834; x_wconf 87' lang='lat' dir='ltr'>ricatus</span> <span class='ocrx_word' id='word_1_495' title='bbox 1303 1799 1453 1846; x_wconf 77' lang='lat' dir='ltr'>adipisci,</span> <span class='ocrx_word' id='word_1_496' title='bbox 1487 1799 1534 1834; x_wconf 84' lang='lat' dir='ltr'>vel</span> <span class='ocrx_word' id='word_1_497' title='bbox 1566 1799 1680 1834; x_wconf 87' lang='lat' dir='ltr'>clerico</span> <span class='ocrx_word' id='word_1_498' title='bbox 1709 1799 1748 1834; x_wconf 89' lang='lat' dir='ltr'>ad</span> <span class='ocrx_word' id='word_1_499' title='bbox 1779 1799 1905 1834; x_wconf 87' lang='lat' dir='ltr'>altiores</span> 
     </span>
     <span class='ocr_line' id='line_1_121' title="bbox 1155 1848 1905 1895; baseline 0 -13"><span class='ocrx_word' id='word_1_500' title='bbox 1155 1849 1282 1889; x_wconf 84' lang='lat' dir='ltr'>ordines</span> <span class='ocrx_word' id='word_1_501' title='bbox 1319 1849 1519 1895; x_wconf 84' lang='lat' dir='ltr'>promoveri;</span> <span class='ocrx_word' id='word_1_502' title='bbox 1553 1849 1626 1895; x_wconf 89' lang='lat' dir='ltr'>quia</span> <span class='ocrx_word' id='word_1_503' title='bbox 1663 1848 1807 1895; x_wconf 82' lang='lat' dir='ltr'>quamvis</span> <span class='ocrx_word' id='word_1_504' title='bbox 1842 1848 1905 1882; x_wconf 89' lang='lat' dir='ltr'>sint</span> 
     </span>
     <span class='ocr_line' id='line_1_122' title="bbox 1156 1897 1903 1945; baseline 0 -14"><span class='ocrx_word' id='word_1_505' title='bbox 1156 1898 1239 1932; x_wconf 91' lang='lat' dir='ltr'>omni</span> <span class='ocrx_word' id='word_1_506' title='bbox 1278 1907 1477 1945; x_wconf 85' lang='lat' dir='ltr'>peccatorum</span> <span class='ocrx_word' id='word_1_507' title='bbox 1517 1897 1704 1943; x_wconf 81' lang='lat' dir='ltr'>contagione</span> <span class='ocrx_word' id='word_1_508' title='bbox 1739 1897 1903 1941; x_wconf 88' lang='lat' dir='ltr'>mundati,</span> 
     </span>
     <span class='ocr_line' id='line_1_123' title="bbox 1157 1946 1906 1993; baseline 0 -12"><span class='ocrx_word' id='word_1_509' title='bbox 1157 1947 1240 1981; x_wconf 92' lang='lat' dir='ltr'>nulla</span> <span class='ocrx_word' id='word_1_510' title='bbox 1276 1956 1378 1982; x_wconf 87' lang='lat' dir='ltr'>tamen</span> <span class='ocrx_word' id='word_1_511' title='bbox 1415 1947 1530 1982; x_wconf 78' lang='lat' dir='ltr'>debent</span> <span class='ocrx_word' id='word_1_512' title='bbox 1566 1946 1776 1993; x_wconf 84' lang='lat' dir='ltr'>gerendorum</span> <span class='ocrx_word' id='word_1_513' title='bbox 1809 1959 1906 1982; x_wconf 88' lang='lat' dir='ltr'>sacra-</span> 
     </span>
     <span class='ocr_line' id='line_1_124' title="bbox 1158 1996 1906 2044; baseline 0 -14"><span class='ocrx_word' id='word_1_514' title='bbox 1158 2004 1334 2031; x_wconf 85' lang='lat' dir='ltr'>mentorum</span> <span class='ocrx_word' id='word_1_515' title='bbox 1373 1997 1578 2031; x_wconf 83' lang='lat' dir='ltr'>instrumenta</span> <span class='ocrx_word' id='word_1_516' title='bbox 1619 1996 1780 2044; x_wconf 89' lang='lat' dir='ltr'>suscipere</span> <span class='ocrx_word' id='word_1_517' title='bbox 1801 2023 1811 2040; x_wconf 94' lang='lat'>,</span> <span class='ocrx_word' id='word_1_518' title='bbox 1852 1996 1906 2044; x_wconf 95' lang='lat' dir='ltr'>qui</span> 
     </span>
     <span class='ocr_line' id='line_1_125' title="bbox 1158 2046 1698 2080; baseline -0.002 0"><span class='ocrx_word' id='word_1_519' title='bbox 1158 2046 1276 2080; x_wconf 89' lang='lat' dir='ltr'>dudum</span> <span class='ocrx_word' id='word_1_520' title='bbox 1305 2046 1419 2080; x_wconf 81' lang='lat' dir='ltr'>suerint</span> <span class='ocrx_word' id='word_1_521' title='bbox 1444 2058 1513 2080; x_wconf 77' lang='lat' dir='ltr'>vasa</span> <span class='ocrx_word' id='word_1_522' title='bbox 1542 2046 1698 2080; x_wconf 83' lang='lat' dir='ltr'>vitiorum.</span> 
     </span>
    </p>

    <p class='ocr_par' dir='ltr' id='par_1_23' title="bbox 1139 2094 1916 2645">
     <span class='ocr_line' id='line_1_126' title="bbox 1207 2094 1906 2142; baseline 0 -13"><span class='ocrx_word' id='word_1_523' title='bbox 1207 2096 1226 2142; x_wconf 59' lang='grc'>5</span> <span class='ocrx_word' id='word_1_524' title='bbox 1251 2097 1301 2129; x_wconf 74' lang='grc'>15.</span> <span class='ocrx_word' id='word_1_525' title='bbox 1330 2096 1412 2130; x_wconf 80' lang='lat' dir='ltr'>Saue</span> <span class='ocrx_word' id='word_1_526' title='bbox 1435 2096 1568 2130; x_wconf 86' lang='lat' dir='ltr'>insulam</span> <span class='ocrx_word' id='word_1_527' title='bbox 1598 2095 1731 2141; x_wconf 78' lang='lat' dir='ltr'>Augiam</span> <span class='ocrx_word' id='word_1_528' title='bbox 1755 2094 1814 2130; x_wconf 89' lang='lat' dir='ltr'>sub</span> <span class='ocrx_word' id='word_1_529' title='bbox 1839 2094 1906 2129; x_wconf 84' lang='lat' dir='ltr'>iure</span> 
     </span>
     <span class='ocr_line' id='line_1_127' title="bbox 1159 2143 1909 2180; baseline -0.001 -1"><span class='ocrx_word' id='word_1_530' title='bbox 1159 2144 1287 2179; x_wconf 82' lang='lat' dir='ltr'>ditionis</span> <span class='ocrx_word' id='word_1_531' title='bbox 1310 2144 1345 2179; x_wconf 87' lang='lat' dir='ltr'>B.</span> <span class='ocrx_word' id='word_1_532' title='bbox 1374 2145 1458 2179; x_wconf 71' lang='lat' dir='ltr'>Petri</span> <span class='ocrx_word' id='word_1_533' title='bbox 1485 2157 1521 2180; x_wconf 88' lang='lat' dir='ltr'>ac</span> <span class='ocrx_word' id='word_1_534' title='bbox 1556 2144 1716 2179; x_wconf 84' lang='lat' dir='ltr'>Romanae</span> <span class='ocrx_word' id='word_1_535' title='bbox 1747 2143 1909 2179; x_wconf 84' lang='lat' dir='ltr'>Ecclesiae</span> 
     </span>
     <span class='ocr_line' id='line_1_128' title="bbox 1160 2193 1910 2241; baseline 0 -13"><span class='ocrx_word' id='word_1_536' title='bbox 1160 2202 1282 2229; x_wconf 89' lang='lat' dir='ltr'>constat</span> <span class='ocrx_word' id='word_1_537' title='bbox 1312 2194 1488 2241; x_wconf 84' lang='lat' dir='ltr'>specialiter</span> <span class='ocrx_word' id='word_1_538' title='bbox 1521 2194 1687 2228; x_wconf 90' lang='lat' dir='ltr'>contineri.</span> <span class='ocrx_word' id='word_1_539' title='bbox 1724 2193 1803 2238; x_wconf 87' lang='lat' dir='ltr'>Sed,</span> <span class='ocrx_word' id='word_1_540' title='bbox 1836 2194 1910 2240; x_wconf 86' lang='lat' dir='ltr'>quia</span> 
     </span>
     <span class='ocr_line' id='line_1_129' title="bbox 1160 2243 1909 2291; baseline -0.001 -13"><span class='ocrx_word' id='word_1_541' title='bbox 1160 2256 1269 2278; x_wconf 88' lang='lat' dir='ltr'>eorum</span> <span class='ocrx_word' id='word_1_542' title='bbox 1293 2244 1503 2291; x_wconf 80' lang='lat' dir='ltr'>privilegium,</span> <span class='ocrx_word' id='word_1_543' title='bbox 1526 2243 1610 2291; x_wconf 91' lang='lat' dir='ltr'>quod</span> <span class='ocrx_word' id='word_1_544' title='bbox 1638 2256 1654 2278; x_wconf 86' lang='lat' dir='ltr'>a</span> <span class='ocrx_word' id='word_1_545' title='bbox 1681 2243 1824 2278; x_wconf 83' lang='lat' dir='ltr'>Romana</span> <span class='ocrx_word' id='word_1_546' title='bbox 1846 2243 1909 2277; x_wconf 89' lang='lat' dir='ltr'>Ec-</span> 
     </span>
     <span class='ocr_line' id='line_1_130' title="bbox 1161 2292 1910 2337; baseline -0.001 -10"><span class='ocrx_word' id='word_1_547' title='bbox 1161 2294 1255 2328; x_wconf 80' lang='lat' dir='ltr'>clesia</span> <span class='ocrx_word' id='word_1_548' title='bbox 1295 2294 1435 2337; x_wconf 84' lang='lat' dir='ltr'>obtinet,</span> <span class='ocrx_word' id='word_1_549' title='bbox 1473 2306 1536 2327; x_wconf 87' lang='lat' dir='ltr'>non</span> <span class='ocrx_word' id='word_1_550' title='bbox 1573 2294 1648 2327; x_wconf 81' lang='lat' dir='ltr'>satis</span> <span class='ocrx_word' id='word_1_551' title='bbox 1682 2292 1910 2333; x_wconf 87' lang='lat' dir='ltr'>meminimus,</span> 
     </span>
     <span class='ocr_line' id='line_1_131' title="bbox 1139 2342 1910 2388; baseline -0.001 -11"><span class='ocrx_word' id='word_1_552' title='bbox 1139 2366 1144 2382; x_wconf 39' lang='grc' dir='ltr'>ι</span> <span class='ocrx_word' id='word_1_553' title='bbox 1162 2354 1287 2377; x_wconf 62' lang='lat' dir='ltr'>caiisam</span> <span class='ocrx_word' id='word_1_554' title='bbox 1310 2344 1401 2377; x_wconf 78' lang='lat' dir='ltr'>facile</span> <span class='ocrx_word' id='word_1_555' title='bbox 1423 2342 1632 2378; x_wconf 76' lang='lat' dir='ltr'>determinare</span> <span class='ocrx_word' id='word_1_556' title='bbox 1647 2354 1708 2377; x_wconf 79' lang='lat' dir='ltr'>non</span> <span class='ocrx_word' id='word_1_557' title='bbox 1726 2353 1910 2388; x_wconf 79' lang='lat' dir='ltr'>possumus3</span> 
     </span>
     <span class='ocr_line' id='line_1_132' title="bbox 1139 2391 1912 2439; baseline -0.001 -13"><span class='ocrx_word' id='word_1_558' title='bbox 1139 2391 1144 2432; x_wconf 70' lang='grc' dir='ltr'><strong><em>ἶ</em></strong></span> <span class='ocrx_word' id='word_1_559' title='bbox 1162 2396 1243 2427; x_wconf 62' lang='lat' dir='ltr'>saba</span> <span class='ocrx_word' id='word_1_560' title='bbox 1263 2403 1365 2427; x_wconf 80' lang='lat' dir='ltr'>tamen</span> <span class='ocrx_word' id='word_1_561' title='bbox 1383 2393 1526 2427; x_wconf 78' lang='lat' dir='ltr'>eiusdem</span> <span class='ocrx_word' id='word_1_562' title='bbox 1543 2392 1696 2439; x_wconf 81' lang='lat' dir='ltr'>privilegii</span> <span class='ocrx_word' id='word_1_563' title='bbox 1715 2392 1912 2435; x_wconf 84' lang='lat' dir='ltr'>auctoritate,</span> 
     </span>
     <span class='ocr_line' id='line_1_133' title="bbox 1140 2440 1912 2487; baseline -0.001 -12"><span class='ocrx_word' id='word_1_564' title='bbox 1140 2440 1218 2476; x_wconf 68' lang='grc' dir='ltr'>ῗῑὼ,</span> <span class='ocrx_word' id='word_1_565' title='bbox 1246 2443 1446 2487; x_wconf 68' lang='lat' dir='ltr'>singulariter</span> <span class='ocrx_word' id='word_1_566' title='bbox 1485 2456 1515 2476; x_wconf 84' lang='lat' dir='ltr'>in</span> <span class='ocrx_word' id='word_1_567' title='bbox 1550 2440 1668 2476; x_wconf 87' lang='lat' dir='ltr'>clerum</span> <span class='ocrx_word' id='word_1_568' title='bbox 1700 2447 1730 2475; x_wconf 89' lang='lat' dir='ltr'>et</span> <span class='ocrx_word' id='word_1_569' title='bbox 1757 2440 1912 2487; x_wconf 83' lang='lat' dir='ltr'>populum</span> 
     </span>
     <span class='ocr_line' id='line_1_134' title="bbox 1140 2486 1914 2539; baseline -0.001 -15"><span class='ocrx_word' id='word_1_570' title='bbox 1140 2486 1225 2537; x_wconf 69' lang='lat' dir='ltr'>{zllic</span> <span class='ocrx_word' id='word_1_571' title='bbox 1249 2491 1440 2526; x_wconf 55' lang='lat' dir='ltr'>habitantem</span> <span class='ocrx_word' id='word_1_572' title='bbox 1469 2496 1601 2539; x_wconf 76' lang='lat' dir='ltr'>(praeter</span> <span class='ocrx_word' id='word_1_573' title='bbox 1635 2490 1816 2532; x_wconf 72' lang='lat' dir='ltr'>monachos)</span> <span class='ocrx_word' id='word_1_574' title='bbox 1843 2502 1914 2523; x_wconf 89' lang='lat' dir='ltr'>om—</span> 
     </span>
     <span class='ocr_line' id='line_1_135' title="bbox 1141 2540 1916 2587; baseline -0.003 -13"><span class='ocrx_word' id='word_1_575' title='bbox 1141 2540 1235 2584; x_wconf 61' lang='lat' dir='ltr'>}nem</span> <span class='ocrx_word' id='word_1_576' title='bbox 1275 2541 1478 2575; x_wconf 71' lang='lat' dir='ltr'>concedimus</span> <span class='ocrx_word' id='word_1_577' title='bbox 1520 2540 1708 2587; x_wconf 75' lang='lat' dir='ltr'>episcopalis</span> <span class='ocrx_word' id='word_1_578' title='bbox 1751 2541 1916 2586; x_wconf 76' lang='lat' dir='ltr'>regiminis</span> 
     </span>
     <span class='ocr_line' id='line_1_136' title="bbox 1142 2588 1364 2645; baseline 0 -21"><span class='ocrx_word' id='word_1_579' title='bbox 1142 2588 1149 2645; x_wconf 62' lang='grc' dir='ltr'>ἰ</span> <span class='ocrx_word' id='word_1_580' title='bbox 1169 2602 1364 2628; x_wconf 66' lang='lat' dir='ltr'>octcslatffln.</span> 
     </span>
    </p>
   </div>
   <div class='ocr_carea' id='block_1_13' title="bbox 1918 204 2100 232">
    <p class='ocr_par' dir='ltr' id='par_1_24' title="bbox 1918 204 2100 232">
     <span class='ocr_line' id='line_1_137' title="bbox 1918 204 2100 232; baseline 0 0"><span class='ocrx_word' id='word_1_581' title='bbox 1918 205 1967 232; x_wconf 86' lang='lat' dir='ltr'>An.</span> <span class='ocrx_word' id='word_1_582' title='bbox 1988 204 2016 232; x_wconf 85' lang='lat' dir='ltr'>C.</span> <span class='ocrx_word' id='word_1_583' title='bbox 2033 204 2100 232; x_wconf 84' lang='lat'>1089</span> 
     </span>
    </p>
   </div>
   <div class='ocr_carea' id='block_1_14' title="bbox 1952 258 2148 284">
    <p class='ocr_par' dir='ltr' id='par_1_25' title="bbox 1952 258 2148 284">
     <span class='ocr_line' id='line_1_138' title="bbox 1952 258 2148 284; baseline 0 -6"><span class='ocrx_word' id='word_1_584' title='bbox 1952 258 2088 284; x_wconf 77' lang='lat' dir='ltr'>Preshyteros</span> <span class='ocrx_word' id='word_1_585' title='bbox 2096 273 2101 283; x_wconf 90' lang='lat'>,</span> <span class='ocrx_word' id='word_1_586' title='bbox 2147 258 2148 268; x_wconf 66' lang='lat'>¹</span> 
     </span>
    </p>
   </div>
   <div class='ocr_carea' id='block_1_15' title="bbox 1918 286 2103 413">
    <p class='ocr_par' dir='ltr' id='par_1_26' title="bbox 1927 286 2095 307">
     <span class='ocr_line' id='line_1_139' title="bbox 1927 286 2095 307; baseline 0 -2"><span class='ocrx_word' id='word_1_587' title='bbox 1927 286 2042 307; x_wconf 67' lang='lat' dir='ltr'>diaconos.</span> <span class='ocrx_word' id='word_1_588' title='bbox 2070 290 2095 305; x_wconf 82' lang='lat' dir='ltr'>ac</span> 
     </span>
    </p>

    <p class='ocr_par' dir='ltr' id='par_1_27' title="bbox 1918 311 2103 413">
     <span class='ocr_line' id='line_1_140' title="bbox 1918 311 2102 334; baseline -0.011 -2"><span class='ocrx_word' id='word_1_589' title='bbox 1918 312 2068 334; x_wconf 75' lang='lat' dir='ltr'>subdiaconos,</span> <span class='ocrx_word' id='word_1_590' title='bbox 2082 311 2102 332; x_wconf 88' lang='lat' dir='ltr'>in</span> 
     </span>
     <span class='ocr_line' id='line_1_141' title="bbox 1919 339 2102 363; baseline -0.005 -5"><span class='ocrx_word' id='word_1_591' title='bbox 1919 339 1997 358; x_wconf 74' lang='lat' dir='ltr'>crimen</span> <span class='ocrx_word' id='word_1_592' title='bbox 2022 339 2088 363; x_wconf 71' lang='lat' dir='ltr'>lapsos</span> <span class='ocrx_word' id='word_1_593' title='bbox 2097 353 2102 362; x_wconf 85' lang='lat'>‚</span> 
     </span>
     <span class='ocr_line' id='line_1_142' title="bbox 1919 369 2103 386; baseline -0.011 0"><span class='ocrx_word' id='word_1_594' title='bbox 1919 370 2021 386; x_wconf 72' lang='lat' dir='ltr'>canonum</span> <span class='ocrx_word' id='word_1_595' title='bbox 2030 369 2103 384; x_wconf 77' lang='lat' dir='ltr'>censu-</span> 
     </span>
     <span class='ocr_line' id='line_1_143' title="bbox 1920 391 2075 413; baseline -0.013 0"><span class='ocrx_word' id='word_1_596' title='bbox 1920 398 1955 413; x_wconf 81' lang='lat' dir='ltr'>rae</span> <span class='ocrx_word' id='word_1_597' title='bbox 1966 391 2075 412; x_wconf 79' lang='lat' dir='ltr'>submittit.</span> 
     </span>
    </p>
   </div>
   <div class='ocr_carea' id='block_1_16' title="bbox 1948 511 2180 550">
    <p class='ocr_par' dir='ltr' id='par_1_28' title="bbox 1948 511 2180 550">
     <span class='ocr_line' id='line_1_144' title="bbox 1948 511 2180 550; baseline -0.004 -6"><span class='ocrx_word' id='word_1_598' title='bbox 1948 524 2106 550; x_wconf 81' lang='lat' dir='ltr'>Ghicardipm-</span> <span class='ocrx_word' id='word_1_599' title='bbox 2125 522 2130 526; x_wconf 76' lang='grc'><em>”</em></span> <span class='ocrx_word' id='word_1_600' title='bbox 2175 511 2180 528; x_wconf 35' lang='grc' dir='ltr'>Ἰ</span> 
     </span>
    </p>
   </div>
   <div class='ocr_carea' id='block_1_17' title="bbox 1921 550 2108 762">
    <p class='ocr_par' dir='ltr' id='par_1_29' title="bbox 1921 550 2108 762">
     <span class='ocr_line' id='line_1_145' title="bbox 1922 550 2106 571; baseline 0.005 -1"><span class='ocrx_word' id='word_1_601' title='bbox 1922 550 2028 571; x_wconf 83' lang='lat' dir='ltr'>vdentiae</span> <span class='ocrx_word' id='word_1_602' title='bbox 2052 556 2106 571; x_wconf 81' lang='lat' dir='ltr'>eom-</span> 
     </span>
     <span class='ocr_line' id='line_1_146' title="bbox 1921 578 2105 598; baseline 0 0"><span class='ocrx_word' id='word_1_603' title='bbox 1921 583 1942 598; x_wconf 90' lang='lat' dir='ltr'>m</span> <span class='ocrx_word' id='word_1_604' title='bbox 1953 578 1985 597; x_wconf 82' lang='lat' dir='ltr'>nit</span> <span class='ocrx_word' id='word_1_605' title='bbox 1994 579 2063 597; x_wconf 80' lang='lat' dir='ltr'>utrum</span> <span class='ocrx_word' id='word_1_606' title='bbox 2071 583 2105 598; x_wconf 84' lang='lat' dir='ltr'>eo-</span> 
     </span>
     <span class='ocr_line' id='line_1_147' title="bbox 1923 603 2107 630; baseline 0 -6"><span class='ocrx_word' id='word_1_607' title='bbox 1923 610 1967 624; x_wconf 84' lang='lat' dir='ltr'>rum</span> <span class='ocrx_word' id='word_1_608' title='bbox 1983 603 2055 630; x_wconf 78' lang='lat' dir='ltr'>aliqui,</span> <span class='ocrx_word' id='word_1_609' title='bbox 2070 605 2107 630; x_wconf 84' lang='lat' dir='ltr'>qui</span> 
     </span>
     <span class='ocr_line' id='line_1_148' title="bbox 1923 630 2107 651; baseline 0 -1"><span class='ocrx_word' id='word_1_610' title='bbox 1923 633 1992 651; x_wconf 83' lang='lat' dir='ltr'>tamen</span> <span class='ocrx_word' id='word_1_611' title='bbox 2008 630 2107 650; x_wconf 77' lang='lat' dir='ltr'>infamiae</span> 
     </span>
     <span class='ocr_line' id='line_1_149' title="bbox 1923 656 2108 678; baseline 0.005 -1"><span class='ocrx_word' id='word_1_612' title='bbox 1923 659 1973 677; x_wconf 81' lang='lat' dir='ltr'>nota</span> <span class='ocrx_word' id='word_1_613' title='bbox 1983 663 2023 677; x_wconf 92' lang='lat' dir='ltr'>non</span> <span class='ocrx_word' id='word_1_614' title='bbox 2032 656 2108 678; x_wconf 63' lang='lat' dir='ltr'>fuerint</span> 
     </span>
     <span class='ocr_line' id='line_1_150' title="bbox 1932 684 2098 709; baseline -0.006 -5"><span class='ocrx_word' id='word_1_615' title='bbox 1932 684 2013 709; x_wconf 79' lang='lat' dir='ltr'>aspersi</span> <span class='ocrx_word' id='word_1_616' title='bbox 2050 688 2098 704; x_wconf 79' lang='lat' dir='ltr'>suos</span> 
     </span>
     <span class='ocr_line' id='line_1_151' title="bbox 1924 710 2108 736; baseline 0 -6"><span class='ocrx_word' id='word_1_617' title='bbox 1924 710 2001 736; x_wconf 79' lang='lat' dir='ltr'>gradus</span> <span class='ocrx_word' id='word_1_618' title='bbox 2021 715 2108 736; x_wconf 72' lang='lat' dir='ltr'>recupe-</span> 
     </span>
     <span class='ocr_line' id='line_1_152' title="bbox 1925 736 2093 762; baseline 0 -5"><span class='ocrx_word' id='word_1_619' title='bbox 1925 742 1970 757; x_wconf 76' lang='lat' dir='ltr'>rare</span> <span class='ocrx_word' id='word_1_620' title='bbox 1986 736 2093 762; x_wconf 74' lang='lat' dir='ltr'>debeant;</span> 
     </span>
    </p>
   </div>
   <div class='ocr_carea' id='block_1_18' title="bbox 1930 1210 2117 1392">
    <p class='ocr_par' dir='ltr' id='par_1_30' title="bbox 1930 1210 2117 1392">
     <span class='ocr_line' id='line_1_153' title="bbox 1956 1210 2114 1236; baseline -0.013 -4"><span class='ocrx_word' id='word_1_621' title='bbox 1956 1211 2014 1235; x_wconf 75' lang='lat' dir='ltr'>Quae</span> <span class='ocrx_word' id='word_1_622' title='bbox 2033 1210 2054 1231; x_wconf 81' lang='lat' dir='ltr'>in</span> <span class='ocrx_word' id='word_1_623' title='bbox 2068 1211 2114 1236; x_wconf 70' lang='lat' dir='ltr'>lego</span> 
     </span>
     <span class='ocr_line' id='line_1_154' title="bbox 1930 1237 2115 1258; baseline -0.005 0"><span class='ocrx_word' id='word_1_624' title='bbox 1930 1241 1995 1258; x_wconf 78' lang='lat' dir='ltr'>morte</span> <span class='ocrx_word' id='word_1_625' title='bbox 2015 1237 2115 1258; x_wconf 78' lang='lat' dir='ltr'>mulctan-</span> 
     </span>
     <span class='ocr_line' id='line_1_155' title="bbox 1931 1266 2115 1290; baseline -0.011 -5"><span class='ocrx_word' id='word_1_626' title='bbox 1931 1268 1978 1289; x_wconf 84' lang='lat' dir='ltr'>tur,</span> <span class='ocrx_word' id='word_1_627' title='bbox 2000 1266 2115 1290; x_wconf 81' lang='lat' dir='ltr'>occupatus</span> 
     </span>
     <span class='ocr_line' id='line_1_156' title="bbox 1931 1290 2115 1313; baseline -0.011 -1"><span class='ocrx_word' id='word_1_628' title='bbox 1931 1291 2053 1312; x_wconf 78' lang='lat' dir='ltr'>criminibus</span> <span class='ocrx_word' id='word_1_629' title='bbox 2064 1306 2069 1313; x_wconf 82' lang='grc'><strong>.</strong></span> <span class='ocrx_word' id='word_1_630' title='bbox 2088 1290 2115 1310; x_wconf 81' lang='lat' dir='ltr'>ab</span> 
     </span>
     <span class='ocr_line' id='line_1_157' title="bbox 1931 1316 2116 1338; baseline -0.011 0"><span class='ocrx_word' id='word_1_631' title='bbox 1931 1318 1987 1338; x_wconf 89' lang='lat' dir='ltr'>omni</span> <span class='ocrx_word' id='word_1_632' title='bbox 1997 1317 2069 1338; x_wconf 76' lang='lat' dir='ltr'>attaris</span> <span class='ocrx_word' id='word_1_633' title='bbox 2079 1316 2116 1336; x_wconf 81' lang='lat' dir='ltr'>mi-</span> 
     </span>
     <span class='ocr_line' id='line_1_158' title="bbox 1931 1344 2117 1370; baseline -0.005 -6"><span class='ocrx_word' id='word_1_634' title='bbox 1931 1344 2020 1365; x_wconf 82' lang='lat' dir='ltr'>nisterio</span> <span class='ocrx_word' id='word_1_635' title='bbox 2042 1349 2117 1370; x_wconf 77' lang='lat' dir='ltr'>seque·</span> 
     </span>
     <span class='ocr_line' id='line_1_159' title="bbox 1931 1373 1991 1392; baseline -0.017 0"><span class='ocrx_word' id='word_1_636' title='bbox 1931 1373 1991 1392; x_wconf 72' lang='lat' dir='ltr'>strat.</span> 
     </span>
    </p>
   </div>
   <div class='ocr_carea' id='block_1_19' title="bbox 1934 1611 2120 1721">
    <p class='ocr_par' dir='ltr' id='par_1_31' title="bbox 1934 1611 2120 1721">
     <span class='ocr_line' id='line_1_160' title="bbox 1948 1611 2119 1635; baseline -0.018 0"><span class='ocrx_word' id='word_1_637' title='bbox 1948 1614 1998 1635; x_wconf 78' lang='lat' dir='ltr'>Post</span> <span class='ocrx_word' id='word_1_638' title='bbox 2006 1612 2055 1633; x_wconf 85' lang='lat' dir='ltr'>nulli</span> <span class='ocrx_word' id='word_1_639' title='bbox 2065 1611 2119 1632; x_wconf 81' lang='lat' dir='ltr'>laico</span> 
     </span>
     <span class='ocr_line' id='line_1_161' title="bbox 1934 1639 2120 1662; baseline -0.016 0"><span class='ocrx_word' id='word_1_640' title='bbox 1934 1641 1998 1662; x_wconf 74' lang='lat' dir='ltr'>liceat</span> <span class='ocrx_word' id='word_1_641' title='bbox 2020 1639 2120 1660; x_wconf 82' lang='lat' dir='ltr'>honorem</span> 
     </span>
     <span class='ocr_line' id='line_1_162' title="bbox 1935 1665 2120 1688; baseline -0.011 0"><span class='ocrx_word' id='word_1_642' title='bbox 1935 1668 2048 1688; x_wconf 79' lang='lat' dir='ltr'>clericatus</span> <span class='ocrx_word' id='word_1_643' title='bbox 2075 1665 2120 1686; x_wconf 83' lang='lat' dir='ltr'>adi-</span> 
     </span>
     <span class='ocr_line' id='line_1_163' title="bbox 1935 1694 1996 1721; baseline 0 -7"><span class='ocrx_word' id='word_1_644' title='bbox 1935 1694 1996 1721; x_wconf 81' lang='lat' dir='ltr'>pisci.</span> 
     </span>
    </p>
   </div>
   <div class='ocr_carea' id='block_1_20' title="bbox 1939 2098 2126 2229">
    <p class='ocr_par' dir='ltr' id='par_1_32' title="bbox 1939 2098 2126 2229">
     <span class='ocr_line' id='line_1_164' title="bbox 1977 2098 2126 2127; baseline -0.02 -5"><span class='ocrx_word' id='word_1_645' title='bbox 1977 2098 2126 2127; x_wconf 72' lang='lat' dir='ltr'>Episcopalem</span> 
     </span>
     <span class='ocr_line' id='line_1_165' title="bbox 1940 2125 2125 2149; baseline -0.022 0"><span class='ocrx_word' id='word_1_646' title='bbox 1940 2128 2041 2149; x_wconf 77' lang='lat' dir='ltr'>ditionem</span> <span class='ocrx_word' id='word_1_647' title='bbox 2059 2125 2125 2146; x_wconf 74' lang='lat' dir='ltr'>Geba-</span> 
     </span>
     <span class='ocr_line' id='line_1_166' title="bbox 1939 2151 2126 2176; baseline -0.027 0"><span class='ocrx_word' id='word_1_648' title='bbox 1939 2154 2007 2176; x_wconf 83' lang='lat' dir='ltr'>hardo</span> <span class='ocrx_word' id='word_1_649' title='bbox 2025 2153 2046 2174; x_wconf 86' lang='lat' dir='ltr'>in</span> <span class='ocrx_word' id='word_1_650' title='bbox 2059 2151 2126 2173; x_wconf 78' lang='lat' dir='ltr'>insula</span> 
     </span>
     <span class='ocr_line' id='line_1_167' title="bbox 1941 2180 2126 2207; baseline -0.027 -4"><span class='ocrx_word' id='word_1_651' title='bbox 1941 2180 2040 2207; x_wconf 72' lang='lat' dir='ltr'>Augiensi</span> <span class='ocrx_word' id='word_1_652' title='bbox 2075 2183 2126 2200; x_wconf 85' lang='lat' dir='ltr'>con-</span> 
     </span>
     <span class='ocr_line' id='line_1_168' title="bbox 1941 2208 2004 2229; baseline -0.016 0"><span class='ocrx_word' id='word_1_653' title='bbox 1941 2208 2004 2229; x_wconf 82' lang='lat' dir='ltr'>cedit.</span> 
     </span>
    </p>
   </div>
   <div class='ocr_carea' id='block_1_21' title="bbox 2117 0 2180 2516">
    <p class='ocr_par' dir='ltr' id='par_1_33' title="bbox 2117 0 2180 2516">
     <span class='ocr_line' id='line_1_169' title="bbox 2117 0 2180 2516; baseline 0 0"><span class='ocrx_word' id='word_1_654' title='bbox 2117 0 2180 2516; x_wconf 95' lang='lat' dir='ltr'> </span> 
     </span>
    </p>
   </div>
  </div>
 </body>
</html>
