2180 3205
133 227 185 256 An.
203 226 232 254 C.
247 227 318 255 {tuo

132 340 192 362 Petri
202 341 316 362 Abaetardi

133 377 220 393 eri-ores
229 374 250 393 in
260 372 317 394 Cou-

133 403 182 423 cilio
197 402 316 423 Senoneust

135 435 215 459 cogniti
231 436 252 454 et
263 434 319 454 dam-

133 465 186 485 nati.

172 1414 300 1435 0313333131-

145 1446 209 1466 ettam
225 1444 249 1464 ab
265 1442 328 1462 luno-

146 1476 218 1496 centio
234 1480 279 1494 cum
290 1479 330 1493 eo-

164 1506 257 1526 rumdem
272 1511 312 1525 au-

146 1540 214 1559 ctore,
231 1538 331 1557 6150013-

147 1566 236 1587 toribus.

382 215 453 249 450

332 280 428 314 nitate
455 286 554 314 vestra
574 277 666 312 nobis
688 288 827 311 errorum
852 275 1008 322 capitulis,
1031 287 1078 309 co—

332 329 510 374 gnovimus,
537 328 567 361 in
592 326 770 361 novissimis
797 325 925 367 diebus,
953 324 1079 371 quando

332 379 448 412 instant
469 376 644 423 periculosa
663 384 815 421 tempora,
839 375 977 421 magistri
994 373 1077 408 Petri

332 426 498 462 Abaelardi
520 425 696 473 perniciosa
722 424 875 468 doctrina,
897 432 928 458 et
951 423 1080 470 praedi-

332 485 454 512 ctorum
482 475 639 513 haereses,
667 483 696 508 et
731 473 791 508 alia
822 485 966 520 perversa
1001 472 1080 518 ‹log-

332 533 426 565 mata,
449 524 620 559 catholicae
643 524 714 558 fidei
736 523 903 562 obviantia,
927 522 1080 569 pullulare

333 582 514 622 coeperunt.
537 573 653 608 Verum
683 573 712 606 in
736 572 794 606 lioc
818 572 952 606 maxime
974 583 1083 606 conso-

333 624 445 667 lamur,
467 631 497 658 et
511 623 719 669 omnipotenti
739 621 805 656 Deo
823 622 938 668 gratias
951 621 1081 666 agimus,

333 673 417 721 quod
458 673 489 707 in
522 672 664 719 partibus
698 671 810 705 vestris
846 682 903 718 pro
942 669 1083 717 patribus

334 723 444 758 vestris
466 722 543 756 tales
566 722 646 756 filios
661 721 834 763 suscitavit,
849 719 922 754 61111
945 727 1083 765 tempore

334 772 526 819 apostolatus
559 771 656 805 nostri
694 771 723 804 in
759 769 899 804 Ecclesia
933 781 987 803 sua
1021 776 1083 802 tam

335 822 512 868 praeclaros
534 820 630 855 voluit
651 832 720 854 esse
750 827 904 866 pastores,
931 819 983 865 qui
1013 817 1083 851 novi

336 871 484 905 haeretici
518 870 664 904 studeant
697 868 863 903 calumniis
886 867 1023 904 obviare.
1056 874 1084 900 et

336 919 568 954 immaculatam
587 919 743 966 Sponsam
768 918 818 952 uni
841 916 916 951 Viro
932 917 1085 963 virginem
1106 914 1108 919 ⁴

336 978 452 1004 castam
480 968 628 1003 exhibere
654 967 781 1002 Christo
803 970 855 1009 (al.
884 966 949 1000 Nos
971 967 1086 1010 itaque,

338 1019 392 1065 qui
416 1019 446 1052 in
472 1018 618 1053 cathedra
647 1017 743 1052 sancti
767 1016 871 1054 Petri,
899 1015 949 1050 cui
980 1027 995 1048 a
1022 1015 1089 1048 Da-

338 1129 449 1151 versus
488 1116 638 1151 confirma
673 1115 783 1149 fratres
817 1123 903 1153 tuos,
932 1115 981 1157 (b)
1018 1112 1090 1147 licet

340 1224 410 1250 cato
433 1215 560 1250 fratrum
589 1223 767 1249 nostrorum
787 1213 1010 1259 episcoporum
1029 1223 1090 1245 car-

341 1265 494 1299 dinalium
510 1264 654 1304 consilio,
674 1263 828 1298 destinata
846 1262 935 1296 uobis
949 1274 966 1296 a
989 1268 1088 1295 vestra

341 1314 532 1349 discretione
561 1313 716 1359 capitula,
755 1320 786 1346 et
821 1312 964 1345 universa
992 1310 1093 1357 ipsius

341 1363 425 1398 Petri
453 1363 615 1409 dogmata,
643 1369 825 1396 sanctorum
850 1372 1007 1395 canonum
1033 1371 1093 1393 au-

342 1413 495 1457 ctoritate,
522 1424 592 1446 cum
625 1424 682 1446 suo
703 1419 830 1445 auctore
856 1410 1093 1449 damnavimus,

344 1463 435 1509 eique
464 1470 622 1508 tamquam
650 1460 808 1495 haeretico
837 1467 1024 1506 perpetuum
1051 1456 1116 1491 si-³

344 1512 475 1546 lentium
511 1510 735 1557 lmposuimus.
770 1508 943 1544 Universos
969 1519 1096 1554 quoque

912 221 1012 244 mmm
1018 221 1099 244 tum!
1122 220 1192 243 ROM
1199 222 1213 241 Α
1219 220 1286 242 mm

1110 1192 1113 1231 l

345 1561 459 1596 erroris
481 1560 528 1594 sui
552 1567 723 1594 sectatores
745 1566 774 1592 et
802 1556 985 1591 defensores
1014 1569 1030 1590 a
1059 1556 1096 1589 11-
1116 1551 1117 1563 ’

345 1610 462 1645 delium
489 1609 650 1643 consortio
676 1607 937 1654 sequestrandos,
976 1614 1004 1639 et
1040 1606 1118 1639 ex-'

346 1655 1006 1695 communicationisviuculoinnondaudos
1016 1667 1097 1699 esse,

346 1720 524 1744 censemus.

395 1757 510 1792 Datum
544 1755 688 1791 Laterani
723 1754 914 1789 duodecimo
948 1752 1098 1788 kalendas

348 1807 471 1854 augusti
491 1809 549 1850 (sl).

420 1864 482 1895 Dat.
501 1864 548 1894 die
565 1863 600 1893 21
626 1862 689 1892 iulii
713 1870 789 1892 anno
806 1860 922 1890 Domini
940 1859 1026 1896 1140,

597 1902 700 1942 pontif.
718 1911 794 1931 anno
816 1909 853 1930 m.

654 1993 798 2029 LXVIII.
1070 2016 1073 2019 ψ

353 2059 553 2106 Confirmatio
583 2059 733 2091 bonorum
761 2057 899 2090 omnium
927 2062 953 2089 et
974 2055 1100 2094 furium,

399 2111 441 2143 ad
477 2109 512 2142 S.
545 2109 730 2141 I'ennensem
762 2106 932 2140 Ecclesiam
961 2111 1103 2149 spectan-

400 2160 478 2192 tium
501 2158 564 2201 (2).

620 2210 835 2242 SUMMARIUM

350 2271 518 2302 onrdium.
547 2287 588 2293 —
614 2269 692 2299 Bona
716 2269 752 2299 ad
782 2268 911 2298 Pennen.
941 2265 1102 2296 Ecclesiam

392 2315 553 2355 spectantia
572 2314 802 2349 confirmantur3
819 2329 858 2334 —
874 2312 1028 2341 Decretum
1050 2311 1105 2339 iin-

388 2368 458 2402 ((1)11
476 2367 595 2394 Corinth.
615 2375 655 2398 xi,
672 2367 697 2393 2.
726 2366 764 2400 (b)
782 2365 845 2392 Luc.
860 2372 932 2396 xxii,
950 2364 991 2389 52.
1015 2363 1051 2397 (n.
1064 2362 1104 2397 T.)

388 2403 427 2438 (t)
443 2405 524 2430 Porro
534 2411 603 2429 anno
617 2403 683 2428 11110
696 2410 749 2436 quo
767 2401 884 2427 habitum
896 2403 936 2426 est
953 2399 1104 2425 senonense

353 2439 503 2469 concilium,
525 2438 708 2473 praesentibus
726 2444 785 2470 rege
800 2435 952 2465 LudoviCo,
973 2433 1105 2467 episcopis

353 2477 380 2500 et
399 2474 548 2504 abbatibus,
575 2474 643 2499 inter
662 2480 730 2507 quos
746 2472 774 2497 S.
796 2470 945 2497 Bernardus
966 2468 1104 2495 Claraval-

355 2508 443 2540 lensis‚
461 2512 489 2534 ut
508 2508 605 2534 diserte
625 2509 720 2543 probat
736 2507 829 2541 Pagius
842 2509 934 2532 contra
951 2503 1105 2531 Heuschen-

355 2545 449 2575 nium,
479 2544 568 2569 Critic.
595 2544 734 2570 Baronian.
760 2550 829 2568 anno
858 2541 940 2571 ΗὶιΟ,
966 2547 1040 2566 num.
1065 2547 1103 2565 vr.

356 2578 395 2613 (9)
412 2578 450 2604 Ex
467 2578 605 2605 Tabulario
627 2578 758 2606 Ecclesiae
787 2577 866 2603 huius
889 2575 971 2603 edidit
991 2574 1104 2609 Ugtietl„

356 2614 413 2641 Ital.
431 2614 500 2646 Suc„
518 2618 581 2640 tom.
600 2621 618 2639 1.

1118 1828 1123 2057 l

1120 2060 1123 2125 l

1108 1049 1110 1065 ἱ
1131 1018 1608 1066 possessiones„quaecumque
1643 1015 1736 1056 bona,
1767 1014 1876 1049 eadem

340 1069 426 1102 mino
453 1067 570 1102 dictum
600 1074 663 1101 est:
694 1065 732 1099 Et
757 1073 789 1099 tu
811 1065 979 1112 aliquando
1005 1072 1110 1098 con-'
1833 1063 1839 1069 ⁴

1885 215 1936 242 Au.
1954 213 1984 241 C.
1999 212 2069 240 ttuo

1159 273 1309 303 munitatis
1338 281 1353 302 a
1376 280 1562 311 quacumque.
1589 270 1724 301 molestia
1754 274 1783 300 et
1804 269 1868 300 vio-

1160 318 1245 347 lentia
1269 321 1324 346 etc.
1344 333 1385 339 --
1412 315 1574 346 Innocentii
1606 315 1658 345 rP.
1681 320 1708 345 et
1729 314 1758 345 S.
1783 313 1815 344 R.
1840 313 1870 343 E.

1160 361 1354 391 cardinalium
1372 360 1618 399 subscriptiones.

1120 427 1266 457 Innocentius
1288 426 1407 465 episcopus
1429 435 1506 456 servus
1528 434 1644 455 servorum
1670 424 1723 463 Dei,
1746 424 1871 454 venerabili

1159 471 1222 500 fratri
1245 470 1363 500 Grintaldo
1387 470 1502 499 Penttcnsi
1525 470 1645 507 episcopo,
1668 469 1762 507 eiusque
1783 478 1872 499 succes-

1160 515 1249 546 soribus
1263 516 1373 545 canonice
1396 514 1571 551 substituendis,
1592 514 1614 543 in
1633 517 1778 552 perpetuum.

1172 572 1259 608 Sicut
1291 573 1404 607 iniusta
1446 570 1648 618 poscentibus
1683 570 1787 605 nullus
1826 578 1873 605 est
1919 584 2038 605 Etordtum.

1124 622 1311 658 tribuendus
1327 621 1470 661 effectus,
1485 621 1524 655 ita
1548 620 1687 666 legitima
1711 619 1874 667 postulan-

1125 673 1201 707 tium
1229 684 1292 706 non
1320 680 1367 706 est
1389 670 1560 705 differenda
1583 669 1703 717 petitio.
1728 669 1772 703 Ea
1798 681 1872 715 pro-

1125 730 1206 769 pter,
1233 721 1347 756 dilecte
1375 721 1405 755 in
1433 720 1570 754 Domino
1596 718 1690 753 frater
1712 718 1874 753 Grimalde

1125 772 1283 817 episcope,
1297 782 1406 817 preces
1417 778 1484 804 tuas
1495 768 1695 803 rationabiles
1704 768 1875 802 clementer

1126 821 1324 860 admisimus,
1351 827 1382 853 et
1415 818 1581 853 ecclesiam
1608 818 1645 852 B.
1681 817 1818 859 Mariae,
1844 825 1876 851 et

1126 869 1254 916 gloriosi
1280 868 1396 903 Christi
1432 868 1575 915 martyris
1610 880 1646 902 ac
1673 867 1782 901 levitae
1809 866 1877 901 Ma-

1127 919 1224 963 ximi,
1252 918 1423 965 praesentis
1449 917 1556 964 scripti
1585 916 1749 964 privilegio
1782 927 1877 950 com-

1130 969 1316 1008 munimus,
1358 975 1552 1005 statuentes,
1589 974 1622 1000 ut
1660 977 1877 1012 quascumque
1904 978 2075 1001 amanven-

1892 1018 1942 1033 ueu.
1959 1010 2076 1046 Ecclesium

1131 1067 1269 1102 Ecclesia
1285 1066 1577 1112 impraesentiarum
1593 1065 1671 1099 iuste
1685 1073 1714 1098 et
1729 1075 1880 1098 canonice
1893 1044 2062 1097 itiiifiiiiiiim

1110 1148 1111 1152 ,
1132 1117 1292 1164 possidet,
1307 1124 1359 1150 aut
1376 1115 1406 1149 in
1423 1115 1562 1149 futurum
1581 1113 1785 1148 concessione
1800 1112 1882 1147 Pon·

340 1166 472 1211 indigni,
495 1165 630 1200 residere
653 1164 877 1211 conspicimur,
910 1162 1090 1197 communi·
1110 1174 1111 1178 ¹

1133 1167 1262 1209 tilicum,
1293 1165 1457 1210 largitione
1484 1176 1591 1210 regum
1623 1163 1667 1197 vel
1693 1162 1880 1209 principum,

1111 1236 1113 1246 t
1132 1215 1290 1250 oblatione
1305 1214 1458 1254 fidelium,
1481 1226 1536 1248 seu
1559 1212 1628 1247 aliis
1651 1212 1797 1258 legitimis
1813 1224 1882 1246 mo-

1133 1265 1181 1299 dis
1203 1265 1271 1299 Deo
1302 1263 1451 1310 propitio,
1486 1262 1599 1310 poterit
1628 1261 1770 1307 adipisci,
1794 1261 1881 1295 firma

1133 1314 1188 1349 tibi
1231 1315 1357 1360 tuisque
1393 1311 1654 1351 successoribus,
1692 1322 1729 1345 30
1765 1310 1882 1344 illibata

1136 1370 1354 1411 permaneant3
1379 1362 1409 1396 in
1425 1361 1540 1409 quibus
1562 1361 1643 1395 haec
1663 1359 1796 1407 propriis
1822 1359 1884 1394 ‹luu

1135 1414 1239 1448 ximus
1276 1411 1480 1459 exprimenda
1513 1409 1686 1445 vocabulis:
1726 1409 1882 1444 civitatem

1136 1463 1234 1508 ipsam
1256 1473 1328 1495 cum
1351 1460 1499 1495 omnibus
1525 1460 1593 1494 suis
1616 1458 1824 1505 pertinentiis,
1843 1457 1884 1491 vi-

1136 1512 1250 1546 delicet
1275 1523 1347 1545 cum
1370 1509 1525 1544 casalibus
1546 1508 1637 1549 Neto,
1660 1507 1741 1542 Ccse
1763 1515 1792 1542 et
1814 1505 1885 1542 Ca-

1137 1561 1204 1599 sali,
1231 1560 1265 1594 S.
1287 1559 1437 1594 Ioannem
1465 1558 1504 1592 (16
1526 1557 1695 1604 Cypresso,
1718 1556 1820 1599 Mezu,
1835 1568 1885 1590 ca-

1137 1610 1275 1652 stellum,
1296 1608 1381 1656 quod
1404 1608 1518 1643 dicitur
1539 1606 1766 1645 Cotus-Attus,
1781 1605 1884 1640 villam

1138 1660 1176 1694 de
1209 1657 1397 1697 Paternella,
1432 1657 1598 1692 ecclesiam
1633 1655 1667 1690 S.
1699 1655 1814 1689 Mariae
1845 1654 1886 1688 (16

1140 1709 1267 1743 Liciano
1299 1719 1370 1742 curn
1398 1706 1540 1741 ecclesiis
1573 1713 1604 1740 et
1638 1704 1787 1739 omuibus
1819 1703 1886 1737 suis

1139 1756 1379 1804 appendicibus,
1400 1755 1564 1790 ecclesiam
1587 1753 1621 1789 S.
1644 1753 1801 1792 Sei-etoni,
1827 1764 1886 1786 60-

1140 1807 1267 1842 clesiam
1294 1805 1456 1850 Saturnini
1483 1805 1514 1838 in
1537 1803 1762 1847 Collecortino,
1784 1801 1887 1836 eccle-

1140 1857 1216 1891 siam
1239 1856 1273 1890 S.
1301 1854 1417 1889 Felicis
1439 1854 1477 1889 de
1503 1852 1762 1892 Monte-Silvano,
1785 1850 1888 1886 eccle-

1141 1906 1217 1940 siam
1252 1904 1286 1939 S.
1311 1903 1474 1938 Michaelis
1501 1910 1531 1937 et
1561 1902 1597 1936 S.
1622 1901 1760 1942 Ioannis,
1783 1899 1889 1935 eccle-

1141 1955 1217 1990 siam
1246 1954 1280 1989 S.
1304 1953 1460 1988 Barbarae
1491 1951 1530 1986 de
1563 1951 1686 1986 civitate
1714 1949 1748 1984 S.
1775 1948 1889 1995 Angeli

1141 2016 1214 2039 cum
1241 2003 1375 2038 ecclesia
1402 2002 1436 2036 S.
1459 2000 1594 2046 Angeli,
1628 2007 1659 2034 et
1690 1999 1725 2034 S.
1753 1997 1889 2032 Andreae

1142 2061 1173 2088 et
1205 2052 1239 2087 S.
1279 2052 1420 2092 Antimi,
1456 2050 1621 2085 ecclesiam
1648 2048 1682 2083 S.
1711 2047 1828 2082 Mariae
1850 2047 1891 2081 (16

1143 2102 1242 2146 Atria,
1263 2101 1427 2137 ecclesiam
1455 2099 1489 2134 S.
1514 2098 1629 2134 Mariae
1662 2097 1702 2132 de
1736 2095 1889 2136 Mascufo,

1143 2151 1307 2186 ecclesiam
1340 2150 1373 2185 S.
1402 2150 1517 2184 Mariae
1550 2148 1589 2183 de
1615 2146 1766 2191 Planella,
1787 2145 1891 2180 ecele-

1143 2201 1220 2236 siam
1247 2200 1282 2235 S.
1300 2199 1418 2234 Mariae
1439 2198 1477 2233 de
1499 2196 1767 2240 Quana-Civitate,
1786 2194 1892 2229 eccle-

1144 2251 1221 2285 siam
1242 2250 1280 2284 B.
1302 2249 1419 2284 Mariae
1451 2247 1491 2282 ‹le
1521 2246 1703 2285 Catiniano,
1725 2243 1891 2280 ecclesiam

1143 2299 1177 2335 S.
1201 2299 1316 2334 Mariae
1339 2298 1378 2333 de
1405 2297 1534 2336 Bisteio‚
1556 2295 1719 2330 ecclesiam
1749 2294 1783 2328 S.
1806 2291 1891 2327 Petri

1144 2349 1181 2384 ad
1207 2348 1403 2383 pennensem
1420 2374 1428 2387 ,
1457 2345 1619 2381 ecclesiam
1655 2344 1689 2379 S.
1721 2341 1914 2378 Clementis·

1145 2399 1184 2433 de
1206 2397 1350 2437 Balbino,
1377 2395 1544 2431 ecclesiam
1565 2394 1599 2429 S.
1622 2393 1738 2428 Mariae
1756 2392 1795 2426 de
1813 2390 1894 2425 Tre-

1146 2447 1207 2487 vio,
1235 2446 1400 2481 ecclesiam
1427 2445 1460 2480 S.
1494 2443 1622 2489 Georgii
1644 2442 1684 2477 ad
1711 2441 1894 2482 Ornanum,

1146 2495 1312 2531 ecclesiam
1339 2494 1373 2530 S.
1396 2493 1542 2529 RulIinae
1575 2493 1614 2527 de
1640 2490 1809 2538 Aquilano,
1839 2500 1895 2523 ec-

1149 2546 1276 2580 clesiam
1304 2544 1412 2579 Sancti
1446 2542 1557 2589 Angeli
1585 2541 1623 2576 de
1650 2540 1762 2580 Puteo,
1793 2537 1896 2574 eccle-

1148 2595 1222 2629 siam
1246 2594 1378 2629 Sanctae
1412 2592 1526 2626 Mariae
1553 2590 1591 2625 de
1618 2589 1763 2633 Rubelia,
1791 2587 1896 2622 ecclc-
