2180 3205
213 267 264 296 An.
282 269 311 296 C.
328 269 392 296 1176

224 528 329 555 Excntplto
353 530 391 549 de-

210 566 315 580 rimarum.

221 819 332 839 Alexandri
349 818 388 839 PP.

207 850 340 875 subscriptio.

234 2445 352 2468 Exordium.

459 259 525 292 796

406 324 599 371 Capdai-aco,
635 322 738 356 vineas
768 319 807 355 de
834 317 1013 358 Moillarou,
1048 328 1141 363 gran-

406 375 487 419 giam
515 373 552 407 de
573 370 747 418 Paillieyrol
774 381 846 404 cum
879 367 1036 407 omnibus,
1063 378 1141 414 quae

406 424 436 457 in
471 423 523 457 illo
550 421 702 456 territorio
729 419 865 462 habetis,
909 417 1069 463 grangiam
1103 416 1141 450 de

405 472 533 507 Villario
559 470 700 513 Roberti,
723 477 753 504 et
774 467 928 515 quidquid
951 466 993 500 ibi
1021 465 1142 500 habetis

405 530 434 556 ct
456 520 630 568 possidetis.
657 519 740 555 Sane
767 517 924 553 novalium
951 522 1141 554 vestrorum,

405 583 485 618 quae
525 570 660 618 propriis
696 567 842 603 manibus
875 574 928 601 aut
966 564 1142 612 sumptibus

405 620 522 659 colitis,
561 620 625 654 sire
663 616 702 653 de
739 616 936 652 nutrimentis
969 623 1140 650 vestrorum

404 669 583 705 animalium
608 668 712 703 nullus
738 680 754 702 a
781 667 869 701 vobis
904 665 1041 700 decimas
1076 665 1143 698 exi-

403 731 477 766 gere
511 726 696 766 praesumat.
738 716 945 751 Decernimus
989 725 1076 760 ergo,
1111 721 1143 748 ut

405 768 480 803 nulli
508 769 635 803 omnino
664 766 828 801 hominum
856 765 963 804 liceat,
991 771 1043 797 etc.

450 818 523 853 Eoo
555 817 756 852 Amxmnssn
785 814 952 850 catholicae
985 811 1143 847 Ecclesiae

402 872 580 920 episcopus.

449 921 518 968 Ego
541 920 680 956 Ubaldus
705 917 861 955 Ostiensis
892 916 1058 964 episcopus
1089 923 1141 949 etc.

448 970 518 1005 Dat.
554 970 715 1016 Anagniae
748 980 803 1016 per
837 979 964 1001 manum
1001 964 1140 1000 Gratiani

400 1019 434 1054 S.
457 1020 496 1055 R.
519 1020 553 1055 E.
576 1019 716 1055 subdiac.
735 1027 765 1053 et
787 1025 864 1061 not.,
886 1029 920 1051 lv
943 1027 1041 1050 nonas
1064 1014 1140 1055 iulii,

400 1069 509 1104 indict.
537 1083 581 1113 rx,
614 1070 731 1104 incarn.
758 1068 852 1102 Dom.
879 1078 962 1101 anno
987 1076 1140 1105 neusin,

400 1119 510 1167 pontif.
534 1132 604 1154 vero
626 1118 664 1153 D.
692 1119 782 1153 Alex.
805 1116 867 1150 PP.
893 1115 935 1150 Ill
956 1127 1038 1150 anno
1061 1126 1138 1149 xvn.

476 1176 537 1208 Dat.
558 1177 604 1208 die
624 1177 643 1207 4
666 1176 731 1206 iulii
753 1184 828 1205 anno
846 1173 961 1204 Domini
978 1173 1062 1209 1176,

627 1220 729 1262 pontif.
751 1229 828 1250 anno
850 1228 916 1249 xvn.

678 1366 868 1403 LXXXVII.

398 1442 597 1488 Confirmatio
630 1442 830 1475 donationum
857 1440 1005 1477 omnium,
1034 1439 1140 1483 favore

449 1492 586 1537 Capituli
595 1498 620 1525 et
633 1492 848 1525 canonicorum
863 1489 1061 1534 Aquileiensis
1077 1490 1139 1522 Ec-

446 1543 551 1577 clesiae
575 1542 729 1586 factarum
755 1542 809 1584 (1).

661 1614 875 1646 SUMMARtUM

396 1681 563 1711 Exordium.
594 1696 633 1702 —
665 1678 827 1708 Ecclesiam
861 1678 935 1707 hanc
963 1677 1017 1707 sub
1053 1677 1139 1709 Sedis

435 1725 620 1765 Apostolicae
644 1723 822 1763 protectione
845 1723 969 1761 suscipit
996 1722 1137 1753 Pontil‘ex.

433 1769 663 1799 —Donationes
685 1777 803 1804 omnes,
821 1767 885 1797 eius
909 1767 1006 1797 favore
1030 1767 1138 1806 factas,

435 1813 479 1844 vel
494 1814 685 1853 imposterum
708 1812 865 1847 faciendas,
881 1816 957 1841 ratas
981 1812 1076 1849 habet,
1092 1818 1136 1843 at-

435 1867 491 1898 que
519 1858 690 1894 confirmat;
706 1873 746 1878 —
762 1856 891 1892 Quorum
923 1856 1048 1895 plurima
1067 1867 1138 1887 enu-

435 1907 528 1933 merat
549 1903 611 1932 suis
633 1901 822 1932 nominibus:
843 1917 882 1923 —-
902 1900 936 1931 Et
957 1902 1137 1933 decimarum

399 1981 402 1983 Α
435 1948 481 1978 ius
503 1957 569 1977 cum
588 1947 667 1977 omni
689 1945 894 1976 iurisdictione
916 1946 1071 1986 imperiali.
1099 1965 1139 1971 —

434 1992 586 2022 Decretum
610 1991 801 2021 immunitatis
823 2000 837 2020 a
866 1991 997 2030 qualibet
1022 1997 1137 2022 externa

435 2036 566 2066 molestia
590 2041 640 2066 etc.
668 2053 708 2058 —
730 2035 838 2065 Solitae
861 2035 1077 2065 conclusiones.
1099 2053 1139 2058 —

434 2081 590 2111 Aiexandri
612 2081 666 2111 PP.
684 2086 713 2111 et
737 2079 766 2111 S.
788 2080 820 2110 R.
842 2079 919 2110 Eccl.
942 2080 1136 2110 cardinalium
1155 2075 1159 2120 ξ

436 2125 683 2165 subscriptiones.
1155 2141 1159 2166 1

395 2196 526 2227 Alexander
541 2197 659 2236 episeopus
679 2205 756 2226 servus
773 2204 887 2226 servorum
905 2195 955 2233 Dei,
974 2195 1065 2225 dilectis
1083 2194 1137 2225 filiis
1155 2203 1159 2223 ι

435 2241 556 2270 Valderico
579 2241 715 2280 praeposito,
732 2244 754 2270 et
778 2243 893 2270 canonicis
910 2240 1025 2270 Ecclesiae
1044 2243 1137 2279 Aquile-
1155 2237 1159 2273 ζ

403 2319 408 2322 ,
436 2286 513 2323 nnsis,
533 2289 577 2315 tani
592 2286 749 2324 praesentibus
763 2295 830 2325 quam
851 2285 931 2316 futuris
955 2289 1065 2316 canonice
1084 2286 1137 2316 stib-
1155 2309 1159 2316 .

435 2330 566 2368 stituendis,
589 2339 611 2359 tn
627 2338 774 2370 perpetuum.
1155 2328 1159 2332 ’

446 2396 601 2438 Quotiens
626 2397 702 2432 iilud
733 2413 748 2432 a
781 2399 871 2434 nobis
905 2402 1030 2445 petitur,
1053 2397 1160 2448 quod}

398 2453 508 2480 rationi
530 2456 703 2488 conveniat,
737 2457 766 2483 et
796 2457 947 2483 consonet
973 2451 1161 2490 honestam}

398 2496 504 2529 animo
526 2508 583 2531 nos
604 2497 692 2531 decet
718 2497 825 2532 libenti
844 2499 1026 2539 concedere,
1049 2507 1079 2534 et
1092 2498 1138 2533 es—
1156 2494 1161 2528 ἕ

399 2543 514 2579 fectum
529 2547 606 2580 iusta
620 2548 797 2593 petentibus
816 2550 987 2595 indulgere.
1006 2548 1050 2583 E..
1066 2561 1138 2595 pro-

435 2611 474 2646 (l)
485 2610 525 2637 Ex
534 2612 651 2646 originali
667 2613 749 2639 edidit
759 2612 871 2648 Ughell.,
883 2614 937 2641 ltal.
953 2614 1024 2647 Sac.‚
1036 2618 1098 2642 tom.
1112 2622 1138 2647 ν,
1158 2614 1162 2650 l

400 2650 445 2678 ubi
461 2651 492 2677 de
507 2651 555 2678 hac
570 2652 692 2679 Ecclesia.

994 260 1179 285 BULLAmmt
1201 259 1291 282 ROMA
1297 259 1363 282 sm!

1945 258 1996 284 Αιι.
2015 257 2042 283 C.
2059 257 2123 285 1176
2160 236 2177 272 Ι·

1978 316 2092 337 Ecclesiam

1181 323 1259 363 pter,
1281 313 1385 349 dilecti
1413 313 1442 348 in
1470 313 1605 348 Domino
1623 313 1689 354 filii,
1713 314 1821 348 vestris
1835 314 1925 349 iustis
1942 347 1996 368 hm
2011 348 2048 368 sub
2064 347 2124 369 Sem

1181 363 1443 411 postulationibus
1480 363 1650 398 clementer
1687 363 1868 402 annuimus,
1896 373 1925 398 et
1957 361 2098 405 apostoticae

1182 415 1348 462 praefatam
1370 412 1556 454 Ecclesiam,
1584 412 1614 446 in
1641 424 1701 459 qua
1723 412 1829 447 divino
1851 413 1926 448 estis

1181 464 1332 510 obsequio
1361 461 1539 509 mancipati,
1565 461 1624 496 sub
1663 461 1743 495 beati
1780 461 1864 496 Petri
1895 471 1926 497 et

1182 521 1284 548 nostra
1298 512 1488 560 protectione
1502 511 1741 559 suscipimus,et
1755 513 1925 558 praesentis

1182 563 1288 610 scripti
1305 562 1463 609 privilegio
1479 561 1728 601 communimus;
1741 568 1924 605 statuentes,

1183 620 1215 647 tit
1233 623 1447 660 quascumque
1471 611 1694 657 possessiones,
1707 622 1924 658 quaecumque
1968 615 2096 638 ⁰⁰⁰³¹³⁰⁰²⁵

1938 651 2018 671 omues,
2033 648 2080 668 eius
2093 647 2123 668 fu-
2173 674 2176 685 ἰ

1184 662 1262 696 bona
1309 661 1417 696 eadem
1450 660 1593 695 Ecclesia
1631 660 1921 706 impraesentiarum
1937 683 1988 698 vore
2003 677 2075 703 iacias,
2085 678 2118 699 vei

1183 711 1332 746 canonice
1358 710 1507 757 possidet,
1540 717 1593 744 aut
1626 709 1657 743 in
1680 709 1818 744 futurum
1840 722 2023 759 con'ciendas
2063 743 2120 761 mm

1183 761 1325 796 cessione
1345 759 1546 799 Pontificum,
1567 758 1732 804 largitione
1753 771 1862 805 regum
1877 761 1921 795 vel
1937 755 2034 795 mimis
2059 773 2122 798 atqu·

1185 811 1372 858 principum,
1404 809 1561 844 oblatione
1596 808 1748 852 fidelium,
1779 821 1833 843 seu
1855 809 1924 845 aliis
1937 801 2061 824 ⁰⁰⁰³¹¹¹¹“‘³

1184 860 1272 894 iustis
1299 859 1410 900 modis,
1444 866 1616 905 praestante
1641 857 1790 899 Domino,
1812 860 1924 905 poterit

1182 909 1324 956 adipisci,
1346 909 1434 943 firma
1454 908 1545 943 vobis
1565 908 1738 954 vestrisque
1764 920 1924 944 successo-

1184 959 1270 994 ribus
1293 967 1322 993 et
1356 958 1469 992 illibata
1499 964 1718 1004 permaneant;
1746 957 1776 991 in
1807 958 1922 1005 quibus

1184 1010 1258 1043 haec
1280 1008 1414 1056 propriis
1434 1007 1580 1042 duximus
1600 1006 1802 1054 exprimenda
1826 1020 1921 1043 roca-

1184 1058 1282 1092 bulis:
1307 1058 1408 1093 villam
1442 1057 1480 1091 de
1510 1056 1657 1091 Melereto
1677 1068 1748 1091 cum
1771 1057 1921 1092 omnibus

1183 1107 1297 1142 finibus
1317 1116 1347 1142 et
1378 1107 1572 1154 pertinentiis
1598 1106 1675 1147 suis,
1709 1106 1830 1141 scilicet
1849 1119 1922 1142 cum

1181 1157 1252 1192 villa
1267 1157 1461 1198 Sclamrum,
1479 1168 1558 1204 quae
1578 1156 1718 1190 similiter
1729 1155 1844 1191 dicitur
1855 1157 1924 1192 Me-

1181 1207 1324 1246 leretum,
1349 1206 1498 1250 Palmata,
1520 1206 1644 1250 Roncb,
1674 1214 1704 1239 et
1730 1204 1923 1252 Ronchetas‚

1181 1269 1251 1291 cum
1275 1256 1366 1303 agris,
1388 1256 1498 1294 vineis.
1521 1255 1626 1303 pratis,
1641 1255 1775 1302 pascuiS‚
1790 1255 1924 1292 cultisct

1182 1305 1317 1344 incultis,
1344 1306 1438 1354 sylvis
1475 1314 1505 1340 et
1526 1304 1741 1340 venationibus
1762 1317 1862 1353 usque
1883 1306 1923 1342 ad

1180 1355 1297 1403 sylvam
1320 1355 1353 1390 S.
1376 1355 1549 1396 Laurentii,
1576 1363 1606 1390 et
1625 1366 1727 1401 usque
1747 1354 1785 1389 ad
1807 1356 1923 1402 villam,

1180 1418 1259 1452 quae
1280 1405 1392 1440 dicitur
1408 1404 1577 1447 Claeviam,
1595 1412 1624 1439 et
1637 1416 1736 1451 usque
1751 1404 1788 1439 ad
1805 1405 1923 1451 villam,

1180 1468 1259 1502 quae
1270 1455 1615 1495 ‹liciturAntonianum,
1629 1461 1659 1488 et
1674 1467 1773 1501 usque
1786 1453 1922 1501 Feletas‚

1180 1513 1209 1539 et
1237 1517 1334 1552 usque
1351 1504 1488 1548 Becinis‚
1515 1512 1545 1539 et
1572 1515 1671 1550 usque
1697 1504 1734 1538 ad
1762 1503 1863 1540 villam
1887 1505 1921 1540 S.

1180 1553 1342 1602 Stephani,
1364 1563 1394 1589 et
1421 1566 1519 1601 usque
1545 1553 1583 1587 ad
1619 1553 1736 1595 nisam,
1764 1562 1793 1589 et
1822 1567 1922 1602 usque

1179 1604 1216 1639 ad
1239 1604 1352 1642 villam,
1379 1616 1458 1651 quae
1473 1603 1587 1638 dicitur
1601 1602 1800 1639 Perseriano:
1819 1604 1920 1639 villam

1179 1666 1304 1700 quoque
1330 1653 1369 1688 de
1389 1652 1555 1696 Casteone,
1576 1660 1607 1687 et
1627 1652 1666 1687 de
1684 1653 1832 1689 Mursano
1849 1667 1920 1690 cum

1179 1703 1294 1737 finibus
1320 1711 1349 1738 et
1373 1703 1564 1750 pertinentiis
1590 1703 1667 1742 suis,
1682 1715 1698 1737 a
1719 1703 1790 1738 villa
1805 1704 1838 1739 S.
1858 1705 1922 1739 An-

1179 1753 1270 1787 dreae
1298 1765 1396 1800 usque
1422 1752 1459 1787 ad
1481 1753 1596 1792 villam,
1623 1765 1702 1800 quae
1728 1753 1842 1788 dicitur
1862 1753 1923 1789 Ga-

1180 1802 1312 1846 narium,
1327 1811 1357 1837 et
1379 1814 1478 1849 usque
1497 1802 1535 1837 ad
1554 1801 1671 1850 sylvam
1684 1814 1755 1838 cum
1774 1803 1922 1840 omnibus

1179 1851 1352 1887 redditibus
1372 1853 1450 1893 suis,
1476 1864 1547 1887 cum
1570 1852 1678 1897 vineis,
1705 1852 1797 1898 agris,
1814 1854 1921 1900 pratis,

1180 1902 1313 1949 pascuis,
1347 1901 1439 1936 cultis
1470 1910 1500 1936 et
1527 1901 1661 1943 incultis,
1684 1902 1863 1949 paludibus,
1891 1913 1922 1939 et

1178 1951 1282 1999 sylvis,
1304 1951 1618 1994 cumvenationibus,
1632 1964 1703 1986 cum
1716 1953 1818 1999 aquis,
1832 1965 1923 2000 aqua-

1179 2013 1285 2036 rumve
1307 2000 1503 2041 decursibus,
1525 2013 1596 2036 cum
1611 2002 1800 2037 molendinis
1821 2011 1851 2037 et
1870 2004 1920 2050 pi-

1178 2050 1382 2085 scationibus:
1405 2050 1507 2085 villam
1532 2052 1625 2086 etiam
1653 2051 1691 2086 de
1716 2051 1867 2094 Mariano,
1888 2060 1920 2088 et

1179 2100 1280 2134 villam
1308 2099 1346 2134 de
1367 2099 1511 2141 Carlinis,
1533 2108 1563 2135 et
1589 2099 1690 2135 villam
1717 2100 1751 2136 S.
1778 2101 1918 2149 Georgii,

1177 2158 1207 2184 et
1234 2149 1336 2184 viliam
1359 2149 1397 2184 de
1422 2149 1560 2185 Matiana
1581 2162 1653 2185 cum
1674 2151 1820 2186 omnibus
1846 2152 1921 2187 red-

1177 2199 1294 2234 ditibus
1314 2198 1390 2239 suis,
1418 2211 1479 2234 una
1499 2212 1570 2235 cum
1597 2200 1743 2235 omnibus
1765 2200 1921 2237 fiiiibusct

1178 2248 1372 2296 pertinentiis
1380 2249 1455 2294 suis,
1469 2261 1540 2284 cum
1554 2251 1682 2296 cam-pis,
1692 2250 1800 2297 vineis,
1813 2253 1919 2298 pratis,

1948 1003 2039 1030 Quorum
2071 1003 2120 1031 plu·-

1936 1034 1988 1054 rima
2009 1036 2120 1055 enumerat

1935 1066 1979 1086 suis
1992 1065 2120 1087 nominihus:

1156 2301 1314 2346 pascuis,
1349 2299 1442 2334 cultis
1483 2307 1514 2333 et
1548 2300 1683 2345 incultis,
1719 2313 1792 2335 cum
1828 2302 1919 2349 aquis

1155 2356 1366 2394 :aquarumve
1387 2348 1583 2390 decursibus,
1604 2362 1640 2384 ac
1662 2350 1860 2392 molendinis,
1876 2353 1920 2387 in-

1178 2400 1254 2432 sulis
1275 2410 1292 2432 a
1318 2403 1395 2432 mari
1423 2410 1453 2432 et
1485 2414 1502 2433 a
1528 2399 1670 2444 flumine,
1691 2399 1775 2447 quod
1803 2401 1919 2436 dicitur

1178 2445 1339 2488 Carnium,
1362 2459 1461 2494 usque
1481 2451 1518 2483 ad
1541 2462 1664 2496 aquarn,
1695 2461 1775 2496 quae
1803 2452 1918 2486 dicitur

1179 2497 1353 2540 Arnuinus,
1371 2510 1441 2531 cuni
1459 2497 1625 2544 paludibus
1638 2508 1667 2533 et
1681 2500 1918 2546 piscationibus,

1179 2557 1250 2580 cum
1273 2546 1367 2593 syivis
1385 2554 1416 2581 et
1429 2549 1661 2583 venationibus:
1679 2548 1826 2584 ecclesias
1838 2551 1918 2596 bap-

1180 2596 1316 2630 tismaies
1355 2597 1566 2642 Aquileiensis
1597 2599 1820 2644 patriarchatus
1845 2611 1918 2634 cum

1155 2645 1329 2695 scappellis
1350 2645 1408 2680 sibi
1430 2648 1668 2693 pertinentibus,
1684 2649 1764 2683 sicut
1789 2660 1841 2684 eas
1862 2661 1919 2697 pa-

1940 411 2073 435 protectione
2086 415 2126 431 sn-
2173 408 2177 438 J.

1940 441 2002 467 scipit
2017 440 2124 462 Pontifex.
2160 439 2177 471 gl

1937 709 2072 735 imposterum
2086 709 2120 730 ta—
2132 707 2134 710 ’
2173 709 2176 717 ’
