2180 3205
164 256 211 281 Αιι.
234 255 261 281 tl.
283 254 343 281 1071

201 1851 322 1872 Exordium.

427 241 474 274 4⁶2

378 308 466 344 nicae
489 306 714 343 incarnationis
747 306 917 343 millesimo
952 315 1126 355 septuage-

377 358 458 393 simo
481 358 592 405 primo,
616 356 789 392 indictione
810 370 839 391 x.

416 415 477 446 Dat.
497 415 544 446 die
565 414 602 444 237
621 413 749 444 octobris
767 423 844 444 aiiiio
862 414 978 444 Domini
997 415 1067 446 '1071
1080 438 1087 451 ,

536 453 638 494 pontis.
659 453 817 484 Alexandri
835 463 912 485 anno
930 463 968 484 xi.

695 555 813 591 xxiv.

376 620 534 653 Concessio
567 620 803 665 privilegiorum
843 621 1023 654 monasterti
1059 620 1125 653 Flo·

423 670 580 710 ri'aceiisi's,
602 670 811 714 bonorumque
829 671 870 703 ad
894 670 972 703 illud
993 676 1125 714 spectan-

425 720 501 753 tium
527 720 720 764 confirmatio
743 722 805 762 (J).

644 783 858 814 SUMMARIUM

375 842 543 872 Exordium.
558 858 597 864 —
614 840 690 880 Papa
711 845 809 880 pastor
824 840 980 879 generalis.
1000 839 1123 879 —Papa

415 882 550 912 abbatem
570 881 688 911 fratrem
710 885 800 911 vocat
827 897 866 902 —
885 880 1037 910 Decretum
1057 889 1127 909 con-

415 922 601 958 sufflationis,
629 931 661 951 ac
680 920 824 950 libeitatis
843 920 986 949 bonorum
1006 920 1042 949 ad
1061 919 1126 949 Flo-

415 962 550 991 tiae-ense
570 961 778 991 iiiOiit‘iSteliuiu
798 961 1003 999 spectantium.
1017 977 1056 982 —
1071 959 1127 989 tb-

416 1001 469 1031 bas
488 1001 615 1031 Floriac.
635 1000 747 1030 ratione
769 1000 901 1038 corporis
921 999 948 1029 S.
976 998 1125 1029 Benedicti

416 1041 530 1081 primus
549 1040 625 1070 inter
642 1040 755 1070 Galliae
775 1038 907 1068 abbates.
930 1055 969 1060 —
987 1038 1125 1068 Eiusdem

416 1080 583 1110 omnimoda
604 1079 747 1118 exemptio
767 1078 801 1108 ab
825 1078 988 1116 episcopali
1006 1078 1127 1108 iurisdi-

415 1120 522 1150 ctione
550 1136 590 1142 —
618 1119 715 1148 Abbas
743 1128 757 1148 a
781 1117 935 1147 monacbis
964 1117 1126 1154 eligendus,

416 1164 444 1189 et
461 1169 475 1189 a
496 1168 553 1198 quo
572 1158 717 1197 placueiit
739 1158 877 1196 episcopo
896 1157 1125 1186 benedicendus.

413 1215 453 1221 ——
480 1199 617 1243 Episcopi
640 1197 754 1227 nullam
783 1196 996 1226 subiectionem
1019 1206 1033 1225 a
1063 1196 1125 1226 sra-

417 1243 442 1268 ti
445 1238 511 1268 ibus
530 1238 646 1276 possint
660 1237 785 1274 exigere,
803 1236 871 1266 dum
889 1245 939 1265 eos
959 1235 1050 1265 sacris
1070 1236 1128 1265 iiii-

416 1278 498 1314 tiam,
529 1277 573 1306 vel
601 1276 770 1306 sacerdotes
799 1276 944 1305 ordinant.
968 1292 1007 1297 —
1028 1275 1125 1305 Abbas

415 1316 615 1347 Floriacensis
634 1321 745 1346 tantum
766 1325 780 1344 ιι
798 1315 969 1354 proiiiiciali
989 1315 1126 1352 concilio,

416 1357 460 1386 vel
481 1357 557 1395 l‘apa
586 1356 712 1386 iudicaii
738 1356 838 1394 possit.
861 1371 899 1376 —
921 1354 1126 1385 Iloiiacciises

416 1401 540 1436 possunt
562 1396 694 1439 recipere
721 1404 823 1424 omnes
850 1395 1010 1424 monaclios
1029 1395 1126 1424 studio

417 1436 616 1465 meliorandae
644 1435 736 1471 vitae3
764 1439 791 1464 et
815 1434 921 1463 eiicere
951 1442 1052 1463 omnes
1078 1434 1126 1463 di-

416 1475 523 1505 scolos.
538 1492 577 1497 —
594 1458 782 1504 Confirmatio
801 1473 947 1518 privilegii
966 1473 1071 1502 liuius:
1089 1490 1128 1495 —

417 1516 511 1554 Atque
529 1515 684 1544 anatliema
704 1518 803 1543 contra
824 1513 887 1542 eius
906 1512 1071 1542 violatores.
1090 1530 1128 1535 —

416 1555 465 1592 Si«,
457 1563 539 1584 nuni
559 1553 714 1584 Alexandri
734 1553 786 1582 ΡΙ).

372 1616 526 1646 Alexander
545 1615 685 1652 episcopus
705 1621 799 1643 servus
824 1621 962 1643 servornm
986 1615 1040 1647 Dei,
1058 1615 1126 1643 auita

420 1662 502 1690 lelmo
525 1660 673 1690 venorabili
692 1660 786 1688 abbati
804 1659 982 1687 floriacensis
993 1661 1126 1688 monaste·

421 1706 467 1739 rii.
487 1705 532 1734 ubi
551 1705 705 1734 venerabile
724 1711 821 1740 corpus
840 1704 913 1732 beati
931 1704 1065 1732 Benedicti
1086 1711 1126 1732 re-

421 1750 552 1786 quiescit3
590 1750 699 1785 eiusque
733 1749 932 1777 successoribus
964 1748 1128 1783 regulariter

420 1795 599 1827 intrantibus,
619 1794 648 1822 in
671 1795 841 1830 perpetuum.

427 1852 460 1887 Si
489 1853 519 1886 in
547 1851 728 1899 Apostolica
744 1851 827 1886 Sede
847 1851 1034 1897 praesidenti
1053 1852 1128 1886 baec

377 1901 544 1938 solicitudo
579 1908 610 1935 et
642 1913 716 1936 cura
743 1900 913 1946 singularis
948 1900 1127 1939 incumbit,

380 1960 413 1986 ut
435 1963 472 1985 ex
503 1951 571 1997 ipsa
593 1949 845 1984 consideratione
870 1949 1030 1994 regiminis
1058 1961 1129 1984 om-

378 2000 473 2035 nibus
492 1999 643 2034 Ecclesiis
670 2008 699 2033 et
722 1998 952 2032 venerabilibus
975 1998 1050 2032 loeis
1067 2006 1127 2032 tam

380 2050 410 2084 in
433 2048 596 2095 temporali
616 2047 801 2082 defensione
820 2055 849 2081 et
872 2047 1129 2081 corroboratione

379 2098 588 2144 diligentiam,
620 2109 712 2144 quam
748 2097 780 2130 in
807 2096 959 2143 spirituali
983 2096 1130 2142 specula—

381 2147 467 2182 tione
485 2154 515 2181 et
530 2146 684 2189 doctrina,
706 2153 858 2192 quantuni
878 2145 945 2179 Deo
960 2144 1129 2179 auxiliante

381 2195 557 2243 praevalet,
586 2195 777 2241 vigilantiam
813 2193 965 2228 adbibere,
1000 2194 1129 2234 debeat·

381 2244 469 2280 valde
498 2244 659 2290 congruit,
687 2251 720 2278 ut
755 2255 862 2278 earum
904 2243 1065 2289 provectui
1101 2250 1130 2277 et

381 2293 579 2333 utilitatibus,
613 2305 694 2340 quae
715 2292 775 2328 sub
797 2292 891 2326 tutela
918 2300 1044 2326 sanctae
1065 2292 1131 2326 Ro-

380 2354 491 2377 manae
528 2342 689 2377 Ecclesiae
733 2341 909 2396 specialiter
944 2341 1131 2375 constitutae

381 2400 470 2435 sunt,
507 2399 591 2426 tanto
619 2391 821 2438 impensioris
860 2402 954 2425 curae
990 2390 1129 2424 studium

382 2418 594 2487 impertiatur,
625 2448 744 2487 quanto
778 2447 811 2474 ct
842 2451 938 2485 oenei
941 2439 997 2473 ilis
1024 2439 1133 2485 provi-

382 2489 505 2524 dentiae
526 2501 642 2535 corpus
663 2501 735 2524 cuin
763 2489 908 2533 caeteris,
937 2497 967 2522 et
989 2487 1133 2533 singula-

384 2550 448 2572 rein
472 2538 637 2584 apostolici
660 2538 813 2585 privilegii
836 2537 951 2572 lineam
975 2548 1048 2584 prae
1063 2548 1134 2572 cae-

417 2595 456 2628 (1)
483 2594 511 2620 ln
532 2594 680 2621 inventario
702 2595 893 2629 rescriptorum
918 2593 1133 2620 authenticorum

382 2629 464 2657 edidit
483 2630 592 2657 loannes
607 2637 621 2657 a
638 2629 720 2657 Bosco
737 2629 859 2657 Bibliotli.
878 2629 986 2656 Floriac.
1000 2637 1059 2663 pag.
1074 2629 1132 2655 itia.

954 251 1142 275 Bou-ammi
1169 252 1247 275 ROM
1249 252 1331 275 &Nun

1169 308 1241 343 teris
1256 308 1440 343 soitiuntur.
1463 307 1528 343 Nos
1549 308 1653 364 itaque
1674 308 1704 343 in
1720 307 1913 364 apostolatus

1167 357 1448 399 administratione,
1472 369 1533 392 non
1557 358 1670 392 uostris
1692 358 1821 399 meiitis,
1857 358 1912 392 sed

1168 406 1272 442 divina
1299 406 1391 442 locati
1430 407 1548 453 gratia,
1590 407 1796 454 petitionibus
1830 408 1912 452 tuis,

1167 456 1349 491 charissime
1377 455 1418 490 fili
1441 463 1471 490 et
1493 455 1586 490 frater
1613 456 1642 490 in
1665 455 1791 491 Christo
1813 455 1914 491 Guil—

1168 505 1272 550 lelme,
1295 518 1365 540 cuni
1385 505 1472 540 omni
1487 505 1636 540 charitate
1651 513 1682 540 et
1695 505 1913 540 benevolentia

1167 555 1411 596 consentientes,
1430 554 1599 589 venerabili
1616 554 1695 595 loco,
1710 555 1760 589 cui
1780 566 1914 601 praeesse

1167 603 1374 650 dignosceris,
1402 603 1457 638 tibi
1481 615 1608 651 quoque
1638 603 1764 650 tuisque
1784 615 1913 639 succes-

1166 653 1302 693 soribus,
1332 661 1458 689 nostrae
1490 652 1681 700 apostolicae
1719 652 1914 688 defensionis

1167 710 1197 737 et
1224 702 1471 738 confirmationis
1506 702 1689 750 privilegia,
1727 702 1914 757 praedeces-

1167 764 1273 787 sorum
1300 760 1480 787 nostrorum
1507 759 1619 787 statuta
1646 759 1818 791 servantes,
1850 751 1913 787 iin-

1169 801 1349 848 pendimus;
1384 809 1572 846 statuentes,
1606 809 1636 836 et
1662 801 1834 849 apostolica
1856 813 1914 836 au-

1168 850 1313 886 thoritate
1339 851 1597 892 cor··,ioboiantes
1620 858 1653 885 ut
1676 863 1778 898 ipsum
1801 862 1915 885 mona-

1167 900 1296 934 steiium
1319 908 1349 935 et
1363 900 1579 947 possessiones
1601 900 1699 944 eius,
1703 912 1752 935 res
1770 907 1833 934 tam
1851 912 1915 935 mo-

1168 948 1245 983 biles
1271 961 1364 995 quam
1387 949 1577 1004 immobiles,
1603 961 1660 984 seu
1683 949 1915 996 cuiuscumque

1167 998 1251 1032 modi
1279 998 1360 1032 bona
1383 999 1457 1042 siut,
1479 1011 1559 1045 quae
1586 1010 1670 1033 nunc
1693 998 1810 1033 ibidem
1833 998 1914 1033 iuste

1167 1055 1240 1081 sunt
1267 1047 1393 1088 collata,
1418 1048 1464 1082 vel
1496 1048 1528 1082 in
1561 1055 1722 1094 posterum
1755 1047 1824 1082 Deo
1856 1060 1915 1082 an—

1169 1105 1283 1130 nuente
1305 1109 1320 1130 a
1344 1096 1489 1131 fidelibus
1511 1096 1713 1137 conferenda,
1736 1097 1806 1131 sine
1828 1097 1913 1132 omni

1168 1144 1387 1191 inquietudine
1409 1145 1467 1180 sub
1495 1153 1547 1180 tua
1575 1154 1764 1192 tuorumque
1786 1158 1916 1181 succes-

1167 1205 1274 1228 sorum
1304 1194 1531 1241 gubernatione
1562 1194 1650 1229 fii·ma
1677 1203 1707 1229 et
1733 1195 1916 1230 inconvulsa

1169 1252 1383 1289 permaneant,
1415 1252 1447 1278 ut
1470 1243 1553 1279 nulla
1578 1251 1714 1291 potestas
1735 1244 1915 1285 saecularis,

1168 1293 1399 1332 ecclesiastica,
1427 1305 1482 1327 seu
1513 1293 1615 1339 aliqua
1639 1305 1771 1339 persona
1805 1305 1916 1339 magna

1170 1340 1215 1375 vel
1245 1353 1355 1388 parva,
1392 1342 1474 1376 idem
1510 1342 1737 1377 monasterium
1772 1342 1819 1377 vel
1846 1343 1916 1377 eius

1170 1391 1356 1436 pertinentia
1390 1391 1559 1435 invadere,
1593 1390 1641 1426 vel
1674 1391 1915 1437 comminuere,

1169 1446 1220 1473 aut
1247 1439 1279 1473 in
1301 1452 1504 1487 quocumque
1523 1440 1688 1475 molestare
1703 1440 1833 1481 audeat;
1856 1452 1915 1475 nec

1168 1488 1326 1524 subiectas
1353 1489 1394 1523 itti
1419 1501 1568 1536 personas
1590 1490 1659 1524 sine
1681 1489 1838 1524 voluntate
1861 1489 1916 1524 ab·

1169 1536 1250 1572 batis
1284 1538 1499 1585 distriiigere3
1541 1538 1588 1573 vel
1624 1538 1779 1585 quidquid
1820 1538 1916 1574 fiscus

1169 1587 1279 1633 exigit,
1306 1587 1410 1633 aliquo
1445 1588 1539 1622 modo
1572 1588 1750 1635 praeripere
1784 1600 1917 1634 praesu-

1170 1644 1243 1670 mat.
1273 1635 1430 1671 Addimus
1452 1637 1557 1678 etiam,
1581 1646 1612 1671 ut
1634 1637 1706 1683 qnia
1730 1637 1917 1672 venerabilis

1171 1685 1261 1719 Pater
1275 1685 1477 1727 Benedictus,
1497 1686 1725 1721 monachorum
1741 1686 1911 1732 legislator,

1169 1746 1206 1769 cx
1233 1734 1337 1768 divina
1362 1735 1458 1780 gratia
1482 1735 1545 1769 dux
1567 1744 1613 1770 est
1635 1735 1825 1770 monasticae
1847 1735 1918 1770 reli-

1169 1783 1284 1829 gionis,
1311 1784 1349 1817 sit
1372 1784 1481 1828 etiam,
1513 1785 1566 1830 qui
1590 1784 1692 1819 eidem
1727 1785 1917 1820 monasterio

1171 1832 1351 1878 praefuerit,
1374 1833 1494 1879 primus
1520 1834 1600 1868 inter
1632 1833 1761 1868 abbates
1782 1833 1915 1869 Galliae.

1171 1881 1235 1915 Nec
1262 1881 1376 1927 aliquis
1410 1882 1448 1916 dc
1483 1882 1593 1917 ordine
1621 1882 1829 1937 sacerdotali,
1870 1895 1916 1917 ar·

1171 1930 1290 1975 eliiepis
1279 1942 1394 1977 copus
1421 1931 1552 1972 scilicet,
1574 1940 1627 1965 aut
1654 1932 1834 1985 episcopus,
1865 1940 1918 1966 aut

1172 1979 1327 2013 inferioris
1355 1980 1492 2018 ordinis,
1528 1992 1600 2014 eum
1629 1981 1825 2026 iuquietare,
1860 1992 1919 2015 nec

1172 2036 1278 2062 centia
1317 2029 1507 2063 voluntatem
1543 2029 1641 2076 ipsius
1668 2029 1706 2063 ad
1736 2029 1817 2065 iden]
1847 2042 1919 2064 ino-

1172 2077 1344 2111 iiasterium
1368 2078 1483 2121 venire,
1511 2086 1563 2112 aut
1587 2078 1724 2124 aliquam
1746 2079 1920 2113 ordinatio-

1172 2138 1243 2160 nem
1272 2125 1384 2167 saceio,
1413 2127 1459 2161 vel
1495 2127 1605 2162 missas
1639 2127 1799 2163 celebrare
1827 2140 1920 2174 prae·

1171 2187 1250 2209 suni:
1253 2182 1283 2209 it.
1308 2175 1349 2209 Lt
1368 2176 1453 2209 oniiii
1475 2183 1616 2222 tempore
1635 2176 1731 2223 quieti
1747 2185 1778 2211 ct
1799 2177 1925 2212 saecuti-

1172 2223 1289 2270 absque
1325 2225 1410 2258 omni
1445 2225 1588 2260 molestia
1626 2225 1673 2260 vel
1708 2226 1920 2261 controversia

1173 2273 1317 2307 monaclii
1353 2274 1383 2308 ιιι
1407 2273 1518 2308 eodem
1545 2275 1735 2310 monasterio
1756 2275 1824 2309 Deo
1851 2287 1920 2309 ser-

1174 2322 1236 2356 vire
1260 2322 1391 2368 possint.
1432 2323 1538 2357 Abbas
1566 2335 1654 2367 vero,
1688 2324 1741 2370 qui
1768 2323 1920 2358 ordinan-

1173 2371 1231 2405 dus
1254 2371 1295 2405 ibi
1323 2379 1380 2410 est,
1413 2384 1484 2406 cuin
1513 2372 1666 2407 electione
1697 2373 1827 2407 fratrum
1850 2384 1924 2419 pro-

1175 2427 1242 2466 pter
1265 2421 1343 2455 iitae
1365 2421 1532 2461 ineiituin,
1568 2429 1598 2455 et
1627 2421 1823 2456 honestatem
1853 2433 1923 2456 mo-

1174 2481 1264 2507 rum,
1293 2478 1323 2504 et
1357 2482 1419 2504 non
1448 2478 1575 2516 propter
1597 2471 1696 2516 turpia
1728 2470 1836 2514 luci-a,
1866 2483 1924 2505 seu

1175 2530 1232 2564 pro
1256 2518 1388 2564 pecunia
1416 2519 1567 2564 eligatur,
1594 2526 1625 2552 et
1646 2518 1764 2573 absque
1792 2519 1851 2554 ulla
1877 2531 1925 2554 ca-

1176 2566 1293 2601 lumnia
1329 2580 1343 2601 a
1378 2579 1581 2613 quocumque
1623 2568 1793 2615 episcopo,
1831 2576 1925 2615 prout

1175 2615 1233 2651 sibi
1259 2616 1421 2663 placuerit,
1450 2616 1664 2652 benedicatur.

1937 244 1986 271 An.
2008 244 2036 271 C.
2054 245 2118 272 1071

1976 297 2034 323 Papa
2050 299 2123 323 pastor

1939 324 2050 349 genai-alis.

1952 486 1995 511 Pap
1998 491 2009 506 a
2024 485 2044 506 ιιΙ
2054 485 2123 506 batem

1940 512 1969 532 fra
1973 515 2001 532 ti·
1999 518 2024 532 ιιι
2044 518 2081 532 ιιιι,
2076 515 2111 532 ιιι.

1962 1414 2074 1435 Decretum
2082 1419 2130 1435 eon-

1944 1442 2067 1461 firmationis
2105 1446 2130 1461 ac

1944 1467 2051 1488 libertatis
2065 1467 2130 1487 bono-

1945 1500 1990 1515 rum
2001 1493 2028 1514 ad
2037 1493 2128 1514 floriac.

1958 1520 2109 1540 monasterium

1946 1547 2093 1573 spectantium.

1959 1648 1997 1669 Ab!
1999 1654 2029 1668 :s
2040 1648 2130 1670 floriac.

1946 1675 2027 1696 rationu
2034 1676 2130 1701 coi-poris

1946 1700 1967 1722 S.
1974 1701 2084 1722 Benedicti
2079 1702 2132 1727 ipri-

1945 1734 1991 1748 inus
2011 1728 2066 1749 iuter
2081 1728 2129 1749 Gat-

1946 1754 1987 1775 liae
2003 1754 2100 1776 abbates.

1958 1898 2059 1920 Eiusdem
2068 1900 2133 1920 omni·

1946 1926 2009 1946 mod-1
2028 1926 2132 1952 exemptio

1946 1952 1973 1972 ab
2015 1952 2132 1978 episcopali

1947 1978 2098 2000 iurisdictione.

1975 2343 2046 2364 ‚tahas
2063 2349 2075 2363 a
2090 2349 2133 2364 nio-

1947 2370 2022 2390 nacliis
2055 2370 2135 2395 eligen—

1948 2396 1998 2418 dus¹
2023 2398 2043 2415 ot
2057 2402 2070 2416 a
2091 2401 2133 2425 quo

1947 2422 2051 2448 placuerit
2089 2428 2135 2448 epi-

1948 2454 1985 2469 scu
1988 2454 2034 2496 ido
2048 2448 2134 2470 benedi-

1948 2480 1986 2496 cen
2004 2480 2026 2495 u=
