2180 3205
208 278 257 305 An.
277 278 304 305 C.
327 280 392 305 witi

234 343 247 363 [ἶ
277 345 367 364 t‘smatis

302 413 309 421 ἱ
322 411 338 424 15
348 411 392 424 tuu-

322 436 346 455 ail
370 436 388 455 iil

204 466 253 485 otim
274 466 386 491 deputatis,

203 496 326 516 ‹unsri-eniti
360 496 389 516 la-

218 528 317 547 cultatem
334 528 374 547 im-

250 560 345 584 pdt'tilur.

203 638 297 658 Decima<
317 637 386 657 hono-

202 676 245 689 runi
261 669 385 688 monasterii

213 707 225 719 ,ι
241 704 371 725 quorumque

201 731 255 755 exigi
277 729 383 756 montlieu

225 831 354 858 Caligarum,

213 871 221 883 s
230 864 354 884 milaliorurn
363 879 368 888 ,

199 896 382 922 chyrothecarum,

198 930 219 946 ct
236 927 308 946 mitrae
324 931 382 945 usum

195 958 380 977 iitmnticoneedit:

210 1178 360 1199 nonasterium

197 1217 247 1230 xero
263 1209 282 1229 S.
301 1209 323 1229 li.
340 1209 381 1230 Ec-

197 1242 275 1261 riwsiac
292 1244 382 1261 tantum-

197 1274 257 1292 modo
276 1272 379 1292 subditum

196 1303 297 1323 dri-larat.

193 1818 272 1850 Sattiae
289 1819 378 1840 conclu-

246 1851 325 1866 sioues.

461 270 530 303 512

406 335 513 369 Sancti
549 333 704 368 Anastasii
741 331 878 375 Olonae,
905 338 935 365 ct
968 331 996 364 in
1026 331 1179 365 ecclesia.

405 384 510 419 Sancti
542 383 712 418 Salvatoris
745 380 929 417 Monticclli,
965 380 1155 427 baptismum

404 433 574 480 apostolica
604 432 789 466 anctoritate
822 429 1038 472 concedimus,
1071 429 1155 463 etin

404 484 472 518 aliis
504 482 661 519 ecclesiis.
698 481 799 515 eidem
835 481 1026 514 monasterio
1062 479 1157 524 pcrti-

404 532 561 577 nentibus,
576 531 606 565 in
622 531 737 578 quibus
751 541 850 577 usque
865 529 902 564 ad
920 529 995 564 haec
1015 537 1155 574 tempora

401 590 523 617 constat
556 593 624 616 csse
653 579 857 615 celebratum.
894 578 977 614 Sane
1010 578 1154 613 laborum

402 640 596 675 vestrorum,
630 642 711 677 quos
739 629 875 676 propriis
910 627 1065 667 manibus,
1102 636 1155 661 aut

401 680 580 728 sumptibus
593 679 747 718 excolitis,
772 678 818 712 vel
838 678 876 712 de
898 685 1073 711 vestrorum
1092 677 1156 711 ani-

402 730 530 766 malium
559 729 759 764 nutrimentis
782 727 922 762 decimas
951 726 1056 761 nullus
1088 726 1148 760 cle-

400 780 495 821 ricus,
523 779 570 814 vel
592 779 693 814 laicus
715 791 731 813 a
760 777 847 812 vobis
874 777 1000 822 exigere
1029 788 1152 822 praesu-

399 838 473 864 mat.
497 829 598 864 Usum
626 840 753 875 quoque
780 827 969 872 caligarum,
992 824 1152 859 sandalio-

399 892 480 921 rum,
508 878 774 919 chirothecarum,
802 885 831 910 ct
851 876 970 914 mitrae,
994 874 1075 909 sicut
1098 886 1153 920 per

398 928 677 976 praedecessorum
725 934 925 968 nostrorum,
971 923 1150 958 authentica

398 978 558 1025 privilegia
582 977 636 1011 tibi
662 976 786 1023 tuisque
814 973 1051 1008 successoribus
1073 985 1151 1007 con-

396 1040 519 1063 cessum
543 1040 612 1062 esse
635 1026 849 1071 dignoscitur,
876 1032 905 1057 ct
928 1035 985 1057 nos
1008 1035 1044 1057 ex
1069 1022 1149 1056 libe-

396 1078 516 1112 ralitate
537 1076 630 1112 Sedis
652 1075 852 1122 Apostolicae
874 1072 1093 1111 concedimus,
1111 1072 1148 1106 ad

395 1127 473 1162 haec
509 1125 662 1174 praesenti
698 1124 835 1171 capitulo
873 1121 1078 1161 adiicientes,
1116 1131 1147 1155 ut

395 1176 567 1224 praefatum
591 1174 779 1210 coenobium
806 1172 865 1207 sub
892 1170 1009 1205 nullius
1030 1171 1149 1205 Eccle-

396 1227 460 1261 siae
478 1226 596 1261 ditione
616 1232 808 1272 permaneat,
831 1221 884 1257 sed
905 1221 1005 1255 solum
1022 1228 1147 1255 sanctae

395 1275 598 1323 Apostolicae
629 1274 703 1308 Sedi
729 1272 903 1306 obnoxium
927 1271 1046 1304 existat.
1079 1270 1146 1304 Dc-

395 1325 555 1360 cernimus
577 1336 651 1370 ergo
675 1331 707 1357 ut
734 1322 808 1356 nulli
832 1321 995 1367 episcopo,
1019 1319 1064 1353 vcl
1088 1319 1147 1354 ali-

394 1375 444 1410 cui
479 1375 609 1409 omnino
645 1372 806 1407 hominum
835 1371 944 1409 liceat,
973 1368 1144 1416 praefatum

393 1424 620 1459 monasterium
644 1431 761 1457 temere
785 1419 979 1467 perturbare,
1007 1427 1058 1453 aut
1079 1419 1145 1453 eius

394 1474 611 1521 possessiones
632 1471 765 1509 auferre,
795 1470 838 1504 vel
859 1469 976 1504 ablatas
999 1468 1143 1509 retinere,

394 1524 556 1561 minuere,
599 1535 654 1556 seu
693 1519 887 1567 quibuslibet
927 1518 1144 1552 vexationibus

393 1572 536 1619 fatigar03
564 1571 618 1606 sed
642 1570 746 1605 onmia
770 1569 889 1614 integre
907 1575 1143 1611 conserventur,

393 1634 514 1663 eorum,
539 1633 594 1669 pro
616 1632 751 1667 quorun]
779 1617 1008 1664 gubernatione
1030 1616 1145 1651 etsub-

393 1671 582 1706 stentatione
614 1681 764 1704 concessa
791 1675 881 1707 sunt,
904 1666 1014 1700 usibus
1039 1666 1144 1700 omni-

393 1721 497 1755 modis
526 1720 703 1767 profutura:
727 1717 810 1752 salia
834 1718 862 1750 in
892 1715 1040 1750 omnibus
1057 1715 1143 1761 Apo-

393 1770 521 1805 stolicae
555 1769 647 1804 Sedis
677 1767 871 1802 auctoritate.
899 1766 932 1799 Si
959 1777 1020 1812 qua
1050 1765 1144 1810 igitur

393 1819 423 1854 in
453 1819 592 1854 futurum
615 1817 823 1852 ecclesiastica
846 1815 1054 1849 saecularisve
1077 1826 1143 1860 per-

392 1881 480 1909 sona,
503 1868 584 1903 hanc
604 1875 728 1901 nostrae
748 1864 979 1900 constitutionis
996 1864 1140 1910 paginam

392 1918 510 1963 sciens,
533 1924 639 1952 contra
667 1929 734 1951 eam
767 1924 883 1949 temere
906 1913 1012 1948 venire
1036 1921 1143 1947 tenta-

394 1968 481 2006 verit,
509 1966 650 2001 secundo
673 1966 801 2000 tertiove
822 1962 1024 2006 commonita,
1039 1963 1064 1997 si
1080 1975 1140 1996 non

392 2017 606 2052 satisfactione
634 2027 772 2061 congrua
796 2012 1022 2053 emendaverit,
1052 2019 1142 2059 pote-

392 2066 480 2101 statis
514 2065 706 2111 honorisque
745 2063 793 2099 sui
837 2062 988 2109 dignitate
1019 2070 1142 2104 careat,

336 2158 344 2163 Ι
392 2131 541 2166 reamque
567 2132 601 2154 se
638 2119 743 2153 divino
780 2116 896 2152 iudicio
933 2115 1066 2150 existere
1104 2115 1142 2149 de

391 2180 567 2219 perpetrata
597 2172 759 2219 iniquitate
792 2180 976 2217 cognoscat,
998 2177 1029 2204 et
1055 2181 1070 2203 a
1093 2181 1142 2203 sa·-

392 2225 567 2260 cratissimo
595 2224 735 2272 Corpore
769 2237 805 2259 ac
832 2223 994 2269 Sanguine
1028 2221 1085 2256 Dei
1113 2230 1144 2256 et

391 2277 520 2313 Domini
548 2278 770 2324 Redemptoris
802 2277 900 2311 nostri
925 2276 995 2311 lesu
1024 2275 1140 2310 Christi

392 2332 492 2366 aliena
522 2332 584 2373 fiat,
607 2342 700 2378 atque
722 2331 752 2365 in
775 2338 914 2365 extremo
936 2330 1079 2365 examine
1094 2330 1142 2363 di-

392 2386 519 2421 strictae
540 2387 651 2420 ultioni
685 2385 852 2420 subiaceat.
880 2384 1013 2419 Cunctis
1037 2392 1140 2419 autem

392 2438 494 2473 eidem
524 2440 592 2473 loco
619 2451 674 2474 sua
705 2439 769 2473 iura
797 2438 996 2473 servantibus
1022 2438 1062 2472 sit
1084 2450 1142 2485 pax

392 2491 520 2526 Domini
545 2493 641 2527 nostri
679 2492 746 2526 lesu
769 2491 904 2531 Christi,
935 2499 1090 2538 quatenus
1112 2499 1142 2526 ct

391 2545 446 2580 hic
467 2545 602 2580 fructum
625 2546 723 2580 bonae
746 2546 879 2580 actionis
901 2545 1085 2593 percipiant,
1112 2553 1142 2580 et

392 2599 475 2646 apud
499 2599 673 2634 districtum
688 2600 827 2635 Iudicem
844 2600 981 2647 praemia
995 2608 1140 2634 aeternae

391 2653 476 2702 pacis
499 2653 666 2687 inveniant.
689 2653 804 2698 Amen,
831 2665 934 2699 amen,
961 2666 1064 2689 amen.

993 274 1181 298 nmxamtmx
1208 274 1299 296 ROMA
1305 273 1374 296 NUM

1973 271 2023 299 An.
2039 271 2066 299 C.
2088 271 2152 301 Ηίιδ

1248 329 1320 364 Eeo
1364 328 1530 363 tznimxms
1574 327 1746 363 catholicae
1791 327 1953 363 Ecclesiae
1988 336 2130 364 Euseniil‘t’·

1198 379 1369 426 episcopus
1392 391 1433 412 ss

1248 428 1315 473 Ego
1359 427 1595 462 Theodewinus
1641 427 1775 462 Sanctae
1816 426 1951 462 Rufinae
1969 445 1988 462 ei
2009 441 2030 463 s.
2050 441 2074 464 a.
2094 442 2148 466 nent.

1197 478 1368 524 episeopus
1589 526 1594 531 ,
1683 526 1688 531 ,
1973 473 2146 531 εεεςςενρπὲτηε..

1247 527 1313 573 Ego
1332 526 1499 561 Conradus
1521 525 1708 561 Sabinensis
1721 525 1890 573 episcopus
1908 538 1949 561 ss.

1246 576 1314 623 Ego
1332 575 1445 611 Petrus
1469 575 1657 610 Albancnsis
1684 576 1854 622 episcopus
1873 587 1915 610 ss.

1245 625 1312 670 Ego
1334 625 1507 669 Gregorio<
1531 627 1691 672 presbyter
1714 624 1885 659 cardinalis
1901 626 1949 660 tit.

1195 674 1229 709 S.
1253 674 1367 709 Calixti
1393 688 1436 708 ss.

1249 724 1316 770 Ego
1338 724 1444 759 Guido
1468 723 1572 771 presb.
1597 723 1682 758 card.
1715 724 1762 757 tit.
1789 723 1822 758 S.
1846 724 1951 771 Chry-

1194 787 1306 822 sogoni
1329 787 1374 807 ss.

1238 822 1310 869 Ego
1339 822 1481 858 Ubalilus
1512 822 1673 870 presbyter
1695 823 1780 857 card.
1808 822 1888 856 tituli
1912 822 1946 857 S.

1193 875 1306 910 Crucis
1333 873 1363 907 in
1393 872 1587 907 Hierusalem
1617 885 1658 906 ss.

1241 925 1310 970 Ego
1332 922 1477 956 Villauus
1502 922 1604 967 presb.
1633 922 1717 956 card.
1739 922 1783 955 tit.
1811 921 1845 956 S.
1874 922 1947 956 Ste-

1194 975 1289 1021 phani
1312 972 1341 1005 in
1365 972 1476 1006 Coelio
1503 979 1608 1005 monte
1636 983 1676 1005 ss.

1241 1024 1305 1070 Ego
1328 1020 1503 1067 Gregorius
1530 1020 1684 1055 diaconus
1704 1020 1872 1055 cardinalis
1898 1021 1944 1056 tit.

1191 1073 1380 1108 Sanctorum
1408 1070 1511 1116 Sergii
1534 1077 1564 1104 et
1589 1070 1705 1105 Bacchi
1733 1082 1774 1104 ss.

1239 1123 1306 1168 Ego
1337 1120 1412 1155 Ono
1448 1120 1599 1154 diaconus
1633 1119 1800 1154 cardinalis
1833 1119 1942 1155 Sancti

1189 1166 1316 1219 Georgii
1344 1170 1380 1204 ad
1406 1169 1517 1203 Velum
1541 1170 1681 1203 Aureum
1706 1182 1747 1203 ss.

1236 1222 1303 1268 Ego
1330 1219 1434 1254 Guido
1457 1219 1611 1253 diaconus
1629 1218 1798 1253 cardinalis
1823 1219 1868 1253 tit.
1890 1219 1940 1254 Ss.

1188 1271 1323 1306 Cosmae
1344 1277 1373 1304 ct
1404 1269 1548 1303 Damiani
1577 1281 1618 1302 ss.

1236 1321 1304 1367 Ego
1327 1319 1519 1354 Octavianus
1544 1318 1696 1352 diaconus
1718 1317 1802 1352 card.
1826 1318 1860 1353 S.
1883 1318 1942 1353 Ni-

1187 1371 1265 1405 colai
1294 1371 1325 1404 in
1348 1368 1482 1403 Carcere
1504 1367 1652 1402 Tulliano
1675 1379 1715 1401 ss.

1236 1420 1303 1466 Ego
1325 1419 1459 1453 Ioannes
1486 1418 1637 1452 diaconus
1663 1417 1748 1451 card.
1768 1416 1803 1451 S.
1822 1417 1940 1453 Mariae

1186 1470 1292 1504 ‘Norae
1314 1482 1355 1503 ss.

1235 1519 1348 1553 Datum
1377 1517 1506 1552 Viterbii
1548 1528 1602 1563 per
1639 1529 1766 1552 manum
1806 1517 1937 1554 Roberti

1184 1568 1217 1603 S.
1243 1568 1280 1602 R.
1315 1569 1348 1602 E.
1374 1567 1547 1614 presbyteri
1569 1565 1654 1600 card.
1686 1574 1716 1600 et
1743 1568 1935 1608 cancellarii,

1186 1631 1240 1652 viii
1264 1618 1323 1652 lzal.
1345 1617 1430 1660 maii,
1459 1616 1630 1650 indictione
1655 1628 1723 1656 vui,
1748 1617 1936 1652 incarnatio-

1185 1669 1232 1702 nis
1260 1668 1439 1702 dominicae
1473 1677 1555 1700 anno
1578 1677 1703 1704 mcxcv,
1733 1666 1935 1711 pontificatus

1186 1730 1257 1751 vcro
1280 1717 1386 1751 donini
1411 1715 1541 1761 Eugeuii
1565 1714 1607 1748 Ill
1631 1714 1732 1760 Papae
1754 1728 1836 1750 anno
1859 1729 1880 1750 t.

1237 1774 1296 1804 Dat.
1320 1774 1366 1804 die
1388 1773 1425 1803 *24
1445 1773 1546 1812 aprilis
1566 1781 1642 1802 anno
1661 1771 1776 1802 Domini
1796 1772 1880 1810 1145,

1442 1816 1545 1856 pontif.
1564 1826 1639 1846 anno
1658 1825 1676 1846 1.

1534 1953 1587 1988 Ill.

1223 2031 1332 2063 Simile
1357 2030 1554 2074 privilegium
1576 2031 1759 2064 monasterio
1782 2031 1892 2064 Sancti

1184 2081 1268 2113 Peli-i
1278 2079 1445 2113 Perusinae
1457 2080 1596 2112 dioecesis
1609 2080 1740 2112 eiusdem
1748 2081 1895 2123 ordinisss
1906 2083 1928 2124 ).

1454 2152 1668 2183 SUMMARttut

1184 2216 1349 2245 Exordium.
1381 2232 1421 2237 —
1450 2213 1528 2244 Bona
1566 2215 1745 2244 monasterio
1779 2216 1932 2246 confirmat

1222 2259 1364 2296 Pontifex3
1379 2277 1419 2281 —
1434 2259 1564 2295 Quorum
1598 2259 1737 2288 nonnulla
1768 2266 1930 2291 enumerat.

1220 2322 1261 2327 —
1274 2303 1420 2340 Chrisma,
1432 2313 1531 2334 sacros
1544 2303 1678 2339 Ordines,
1697 2304 1811 2343 aliaque
1829 2304 1933 2334 huius·

1223 2349 1300 2378 modi
1323 2348 1358 2377 ab
1382 2349 1519 2387 episcopo
1547 2348 1723 2378 dioecesano
1747 2358 1797 2387 per
1826 2358 1930 2379 mona-

1221 2394 1292 2422 chos
1322 2393 1434 2432 suscipi
1472 2393 1571 2423 iubet:
1608 2410 1648 2415 —
1678 2393 1799 2423 Abbatis
1832 2398 1930 2423 autem

1222 2437 1396 2467 electionem
1429 2437 1464 2466 ad
1497 2437 1574 2466 solos
1608 2439 1767 2467 monachos
1798 2442 1930 2476 spectare

1221 2480 1370 2517 decernit3
1392 2482 1642 2511 consecrationem
1669 2491 1735 2511 vero
1757 2482 1792 2511 ad
1820 2482 1930 2511 Roma-

1222 2533 1292 2553 num
1315 2524 1500 2562 Pontificem3
1528 2542 1567 2546 —
1593 2525 1696 2555 Missas
1724 2525 1759 2555 ab
1793 2526 1930 2565 episct·po

1221 2569 1382 2606 celebrari,
1418 2570 1559 2599 stationes
1598 2569 1858 2608 ordinationesque
1900 2570 1930 2599 in

1217 2626 1255 2661 (1)
1272 2626 1310 2652 Ex
1327 2625 1426 2652 archiv.
1449 2626 1600 2653 monasterii
1619 2625 1697 2653 huius
1722 2626 1803 2653 edidit
1828 2627 1930 2662 Marga-

1182 2674 1266 2698 rtnus,
1287 2667 1380 2693 Bullar.
1400 2665 1512 2699 Cassin.,
1530 2674 1585 2702 par.
1607 2674 1637 2699 11,
1654 2673 1726 2693 num.
1745 2674 1855 2694 cmviii.
