2180 3205
35 247 84 275 An.
104 245 133 274 C.
152 244 219 273 1090

34 688 140 712 Bavariao
155 687 219 709 duces

35 718 136 747 perpetue
151 713 218 736 eano-

35 743 96 791 aig?
110 742 172 764 huius
182 746 219 768 pa-

54 1284 178 1314 Adhortatio
193 1285 220 1304 aa

45 1310 158 1333 canonicos
186 1311 212 1331 ad

53 1337 195 1359 eneieranua
199 1343 218 1358 m

38 1364 180 1417 ‘mdiscipt'ina
188 1370 222 1385 i·-

873 227 997 249 [Ὑ-ῖῐλἊῑ
1004 232 1016 247 ³
1041 228 1061 248 11
1087 227 1133 248 1”.1

243 283 374 328 gratiam
415 294 451 317 ac
492 281 748 317 commuttionem
795 281 994 328 Apostolicac

242 331 336 367 Sedis
362 331 519 371 habuerit,
542 339 571 365 et
594 332 690 378 gratis
711 340 739 365 et
754 330 822 365 sine
846 330 994 376 pravitate

245 380 429 427 impendere
473 381 621 416 voluerit.
661 380 746 415 Alias
791 392 862 414 vei-o
905 379 994 413 liceat

244 430 332 464 iobis
360 430 562 470 catholicum,
584 442 678 477 quem
707 429 882 473 volueritis,
909 428 994 462 adire

246 478 429 519 antistitem,
452 487 482 514 et
508 479 547 514 ab
574 491 610 514 eo
638 479 910 514 consecrationum
943 489 994 511 sa-

245 537 403 563 cramenta
426 529 600 576 suscipere,
628 529 673 562 vel
702 529 739 563 ad
766 527 881 563 Sedent
906 526 994 572 Apo-

244 578 386 612 stolicam
409 589 588 617 recurrere,
622 578 674 624 qui
702 577 798 611 fultus
825 576 992 623 apostolica

242 627 426 662 auctoritate
445 627 512 661 sine
528 627 729 672 ambiguitate
753 626 902 673 postulata
917 637 993 658 con-

243 676 342 712 cedat.
382 676 546 711 Praeterea
585 677 768 710 advocatum
807 675 895 709 robis
929 674 993 709 sive

242 733 450 774 protectorem
503 725 724 760 constituimus
771 723 959 758 Cin-lstineiii
984 751 992 767 ,

243 774 387 822 egregiae
409 774 603 809 strenuitatis
628 774 754 817 duceni,
776 775 907 820 eiusque
925 780 994 819 post

241 836 314 859 eum
345 823 437 863 filios,
470 824 495 857 si
529 823 683 858 eiusmodi
719 823 784 858 Deo
818 830 993 869 prat-stante

242 873 381 913 fuerint,
410 881 442 907 ut
469 873 630 908 Ecclesiae
665 882 784 907 vestrae
812 872 927 915 utiles,
963 879 993 905 et

242 931 390 969 paternae
412 922 619 958 institutionis
640 923 775 957 existant
797 929 991 956 executores.

241 972 297 1007 Sin
320 980 437 1013 autem,
464 973 557 1006 vestri
584 971 642 1006 erit
664 971 796 1012 arbitrii,
815 983 908 1018 quem
927 969 993 1017 pla-

241 1021 353 1062 cuerit,
380 1021 495 1067 eligere
518 1029 637 1056 vestrae
658 1021 819 1056 Ecclesiae
843 1020 991 1054 idoneum

242 1078 474 1118 protectorem,
516 1071 570 1117 qtii
608 1071 676 1105 sine
714 1069 791 1105 lucri
827 1069 994 1104 saecularis

241 1120 404 1155 exactione
426 1119 458 1154 id
485 1119 609 1154 divinae
631 1119 789 1154 servitutis
803 1119 992 1166 obsequium

242 1177 371 1205 strenue
396 1181 433 1204 ac
458 1178 638 1204 reverenter
659 1169 814 1204 exhibeat.
837 1168 995 1215 Omnipo-

242 1220 318 1254 tenti
345 1227 449 1254 autem
489 1218 645 1263 Domino,
681 1219 771 1253 cuins
811 1218 922 1253 melior
948 1228 995 1254 est

242 1268 460 1304 misericordia
486 1280 582 1315 super
603 1268 757 1311 victimas,
785 1268 900 1313 gratias
927 1270 994 1315 agi-

243 1330 326 1359 mus,
348 1318 420 1366 quia
449 1330 502 1352 vos
529 1318 615 1361 estis,
638 1318 691 1365 qui
720 1317 769 1352 Ss.
798 1317 925 1351 Patrtim
950 1319 995 1352 vi-

242 1375 304 1402 tam
327 1366 521 1415 probabilem
557 1367 725 1411 renovatis,
751 1375 781 1401 et
804 1368 995 1413 apostolicae

243 1417 386 1452 instituta
409 1415 606 1464 disciplinae,
626 1417 658 1450 in
680 1416 860 1464 primordiis
886 1416 996 1451 Eccle-

243 1467 307 1502 siae
322 1474 448 1502 sanctae
470 1474 588 1507 exorta,
610 1466 664 1500 sed
682 1474 841 1500 crescente
856 1465 995 1501 Ecclesia

245 1516 305 1551 iam
331 1528 411 1564 petie
429 1515 542 1557 deleta,
558 1516 708 1550 instinctu
729 1514 835 1550 Sancti
858 1515 995 1562 Spiritus

244 1566 415 1601 suscitatis.
451 1564 523 1600 Duo
551 1565 634 1599 enim
664 1564 703 1599 ab
730 1564 892 1599 Ecclesiae
923 1578 996 1599 san-

245 1624 314 1651 ctae
341 1614 525 1662 primordiis
552 1615 630 1648 vitae
665 1614 733 1648 eius
757 1613 828 1648 filiis
849 1622 920 1648 sunt
947 1615 996 1649 in-

246 1666 372 1700 stituta:
410 1676 495 1705 una,
532 1675 592 1710 qua
628 1663 824 1697 infit-morum
852 1663 997 1699 debilitas

247 1714 414 1759 retinetur,
435 1713 530 1749 altera
553 1725 613 1760 qua
636 1713 800 1747 fortiorum
824 1714 882 1747 vita
908 1713 995 1748 beata

248 1763 424 1812 perficitur:
448 1775 508 1798 una
531 1774 699 1797 remanens
729 1762 760 1796 in
792 1761 893 1808 Segor
918 1775 996 1809 par-

246 1813 335 1854 vula;
350 1812 445 1848 altera
458 1812 494 1847 ad
510 1813 628 1846 montis
642 1812 750 1846 altiora
765 1812 995 1847 conscendens:

247 1875 309 1898 una
345 1862 490 1910 lacrymis
525 1870 555 1896 et
581 1861 790 1909 eleemosynis
816 1861 998 1908 quotidiana

247 1919 374 1960 peccata
387 1912 561 1951 redimens,
574 1911 667 1946 altera
683 1910 863 1958 quotidiana
881 1913 999 1946 instan-

247 1962 288 1996 tia
322 1961 431 1996 merita
466 1969 592 1995 aeterna
633 1961 839 2008 conquirens:
868 1963 997 1995 aiteram

248 2019 393 2046 tenentes
418 2010 598 2045 inferiorem
629 2010 761 2044 terrenis
788 2009 879 2044 bonis
902 2018 1000 2044 ittun-

251 2069 316 2102 tur;
349 2059 477 2095 alteram
500 2067 668 2107 sequentes
701 2061 896 2105 superiorein
920 2062 999 2094 bona

250 2118 373 2145 terrena
406 2109 587 2156 despiciunt
632 2121 666 2144 ac
695 2109 887 2156 ielinqtiuat.
916 2109 1001 2144 Haec

249 2167 368 2200 autem,
395 2171 476 2206 quae
502 2171 518 2193 a
546 2160 680 2193 terrenis
705 2159 811 2193 divino
835 2158 937 2193 favete
958 2158 1002 2192 di-

249 2208 393 2248 vertitur,
415 2208 446 2242 in
473 2207 553 2242 duas
580 2209 674 2243 tinius
693 2219 773 2255 pene
794 2208 1001 2254 eiusdemque

250 2257 405 2306 propositi
423 2257 573 2292 dividitur
588 2259 759 2304 portiones
776 2256 1024 2291 canonicoium‘

1672 216 1730 247 13¹

1039 280 1250 326 {lieronymus
1292 280 1356 314 sitis
1401 279 1544 327 epistolis
1585 280 1786 322 iiisoitttatit

1036 329 1117 363 hanc
1139 330 1221 363 (nrm
1204 330 1311 373 g·oiius
1335 331 1514 376 &ugus-tino
1536 330 1711 376 Aiiglorum
1737 344 1787 366 ar-

1035 378 1245 433 chiepiseopo
1257 379 1478 414 instituendam
1496 379 1662 426 piaecepit.
1679 380 1787 436 Itaque

1036 440 1098 462 non
1135 427 1264 461 minoris
1305 428 1536 463 aestimandum
1576 437 1623 464 est
1659 431 1786 475 meriti,

1035 476 1128 511 hanc
1131 476 1222 511 vitam
1242 476 1399 512 Ecclesiae
1419 478 1606 533 primitivam
1628 479 1787 526 aspirante

1035 534 1065 561 et
1084 534 1294 573 prosequente
1316 527 1443 561 Domini
1466 528 1576 574 spiritu
1599 536 1786 569 sustentare

1034 587 1127 623 quam
1152 575 1315 610 florentem
1344 576 1572 611 monachorum
1601 579 1787 625 religionem

1035 624 1176 659 eiusdem
1199 625 1328 671 spiritus
1361 627 1591 671 perseverantia
1614 629 1784 664 custodir.e

1034 674 1180 709 Vestrum
1210 686 1284 720 erro
1305 675 1499 721 propositum
1528 677 1625 710 nostri
1653 679 1788 713 auctori·

1035 731 1096 757 tate
1120 723 1212 757 oflicii
1236 725 1472 764 confirmamus,
1494 732 1525 760 et
1548 726 1654 761 siritios
1679 740 1731 762 ios
1755 729 1787 764 in

1035 785 1071 807 eo
1101 773 1265 819 persistere
1298 773 1523 814 adhortamur,
1560 783 1590 809 et
1626 784 1786 824 tamquam

1034 822 1102 857 Deo
1148 834 1203 869 per
1242 834 1300 857 nos
1346 822 1530 858 exhortante
1570 824 1785 863 obsecramus.

1034 871 1250 913 Quamobrem
1273 872 1421 906 omnibus
1449 872 1480 907 in
1504 882 1606 908 vestro
1633 877 1787 912 coenobio

1034 922 1126 955 vitam
1142 921 1328 956 canonicam
1343 922 1517 957 secundum
1533 922 1630 959 liuius
1645 932 1786 962 tenorem

1034 970 1154 1005 ordinis
1176 970 1408 1017 profitentibus,
1442 979 1471 1006 et
1500 972 1530 1006 in
1557 984 1593 1007 ea
1620 973 1787 1011 adiuvante

1035 1020 1172 1055 Domino
1190 1020 1460 1075 permanentibus,
1483 1034 1551 1062 nos,
1579 1022 1787 1071 licetindigni

1035 1069 1248 1116 apostolorum
1278 1070 1407 1110 vicarii,
1440 1082 1549 1106 eorum
1578 1084 1614 1107 ac
1645 1082 1787 1110 nostram

1036 1119 1300 1163 benedictionem,
1323 1127 1585 1168 peccatorumque
1606 1122 1789 1159 absolutio-

1034 1180 1108 1214 nem
1132 1176 1282 1215 potestate
1305 1168 1367 1204 illis
1388 1181 1403 1203 a
1419 1169 1557 1205 Domino
1572 1171 1692 1206 indulta
1708 1185 1789 1208 con-

1036 1218 1196 1259 cedimus·,
1216 1219 1457 1259 constituentes,
1478 1232 1516 1254 tie
1534 1220 1681 1268 cuiquam
1696 1221 1790 1258 liccat

1036 1268 1166 1302 omnino
1187 1268 1273 1303 hunc
1295 1269 1387 1303 vestri
1415 1277 1531 1303 statum
1553 1271 1676 1306 ordinis
1697 1273 1788 1307 comss·

1037 1325 1181 1358 mutare,
1219 1317 1258 1352 de
1303 1330 1367 1364 quo
1406 1317 1436 1352 in
1472 1318 1610 1354 Domino
1651 1321 1789 1356 conlidi-

1038 1379 1107 1401 mtis
1140 1366 1275 1401 multum
1313 1367 1449 1402 fructum
1488 1380 1680 1404 excrescere.
1719 1370 1789 1406 Sta-

1036 1417 1156 1450 tuinius
1203 1417 1293 1451 etiam
1338 1429 1377 1451 ne
1420 1417 1624 1462 professionis
1667 1429 1790 1456 vestrae

1037 1465 1207 1512 quispiam.
1232 1474 1396 1513 postquam
1416 1466 1473 1501 Dei
1499 1467 1563 1503 tice
1584 1480 1679 1515 super
1694 1477 1791 1517 caput

1037 1514 1095 1549 sibi
1114 1516 1296 1550 hominem
1290 1517 1487 1571 imposuerit,
1503 1517 1638 1553 alicuius
1653 1518 1790 1554 levitatis

1038 1564 1202 1609 instinctu,
1211 1565 1376 1599 veldistric
1371 1565 1467 1600 ·tioi·is
1479 1566 1790 1612 religionisobtentu,

1037 1625 1074 1648 ex
1096 1614 1208 1649 eodem
1228 1615 1365 1649 claustro
1387 1614 1499 1650 audeat
1517 1617 1585 1651 sine
1598 1619 1789 1672 praepositi,

1038 1664 1196 1711 totiusque
1223 1664 1476 1710 congregationis
1504 1666 1713 1712 permissione
1735 1667 1791 1702 di-

1039 1712 1182 1754 scedere;
1209 1713 1423 1748 liscedentem
1451 1726 1525 1750 vero
1562 1715 1668 1750 nullus
1700 1716 1791 1752 abba-

1040 1770 1105 1796 tum
1139 1742 1186 1797 vel
1213 1763 1451 1810 episcoporum,
1485 1772 1515 1798 et
1549 1765 1655 1800 nullus
1676 1778 1790 1801 mona-

1039 1812 1170 1846 chorum
1193 1813 1262 1847 sine
1289 1813 1507 1848 communium
1528 1813 1688 1849 literarum
1712 1828 1791 1851 cati-

1041 1862 1124 1896 tione
1140 1862 1301 1908 suscipiat.
1316 1862 1466 1897 Decinias
1487 1875 1612 1910 quoque
1630 1865 1791 1900 noialium

1039 1910 1182 1945 eiusdem
1205 1910 1385 1946 Canonicae
1411 1912 1448 1946 ad
1467 1912 1610 1948 eamdent
1633 1916 1792 1961 pertinere

1040 1960 1254 2004 decernimus,
1276 1961 1361 1996 salio
1388 1961 1562 1996 ticinarum
1591 1963 1657 1998 iure
1683 1963 1793 1998 eccle-

1040 2010 1168 2044 siarum
1193 2009 1256 2045 Vos
1290 2011 1394 2056 igitur
1423 2010 1476 2045 filii
1507 2012 1536 2046 iii
1560 2011 1687 2047 Christo
1710 2013 1793 2047 cha-

1042 2059 1171 2103 rissimi,
1195 2067 1318 2106 oportet
1344 2059 1498 2106 regularis
1525 2061 1711 2108 disciplinae
1744 2062 1794 2096 in-

1041 2109 1202 2143 stitutione
1224 2108 1379 2144 solicitius
1405 2121 1440 2144 ac
1466 2110 1608 2145 devotius
1636 2111 1793 2155 insudare,

1043 2166 1075 2192 nt
1101 2170 1219 2205 quanio
1241 2159 1316 2193 estis
1337 2171 1351 2192 a
1367 2159 1582 2194 saecularibus
1607 2160 1795 2195 tumultibus

1042 2207 1143 2251 liberi,
1171 2215 1255 2242 tinto
1276 2217 1300 2242 st
1309 2221 1335 2242 ii
1330 2208 1450 2242 liosius
1473 2209 1594 2255 placere
1616 2209 1682 2243 Deo
1699 2211 1795 2245 totius

1020 2269 1092 2296 ,em
1097 2259 1157 2291 ntis
1172 2265 1324 2309 etcorpor
1329 2258 1353 2291 is
1374 2257 1493 2291 titilius
1514 2258 1678 2299 anheletis,
1703 2271 1796 2306 piae-

1811 235 1860 262 An.
1873 235 1901 261 C.
1923 234 1994 262 1090

1847 1384 1937 1406 Decreta
1952 1389 2002 1405 tion·

1817 1412 1873 1432 nulla
1882 1417 1919 1438 pro
1930 1411 2002 1431 obser-

1818 1439 1890 1458 tantia
1901 1437 2003 1464 regulari·

1819 1465 1882 1486 iitae.

251 2308 479 2354 scilicetatque
495 2307 740 2346 monadmrunu
760 2306 871 2340 hatum
888 2318 1003 2341 secun·
1020 2289 1025 2334 l
1043 2307 1136 2353 cipue
1162 2304 1326 2341 studentes
1358 2307 1521 2341 Romanae
1548 2307 1710 2343 Ecclesiae
1737 2308 1797 2343 de-

251 2357 325 2392 dam
352 2368 407 2412 per
433 2355 571 2390 ditinam
596 2355 867 2390 misericor-'diam
861 2367 920 2390 iam
939 2355 1003 2391 tre·
1020 2339 1026 2387 l
1044 2364 1126 2390 creta
1154 2357 1332 2391 tenerantia
1348 2368 1484 2400 semare,
1507 2357 1599 2391 cuius
1622 2358 1796 2404 patrocinio

252 2406 378 2454 quentia
408 2405 485 2440 facta
508 2405 601 2440 etiam
638 2406 669 2439 in
705 2417 735 2439 sa
740 2404 831 2440 θον-’ἑο
859 2405 1003 2441 titiiterso
1044 2405 1083 2440 ai)
1120 2405 1205 2440 omni
1240 2406 1313 2451 iugo
1344 2405 1514 2440 mentium
1550 2406 1626 2441 estis
1659 2407 1797 2442 donante

253 2455 376 2497 elucet;
411 2455 509 2510 prima
538 2466 610 2489 ieio
641 2454 726 2489 deca:
731 2462 855 2489 escente
885 2455 1004 2490 fervete
1022 2477 1027 2496 ,
1045 2455 1182 2489 Doiiiino
1211 2454 1413 2501 praemuniti
1436 2454 1486 2489 Ad
1514 2455 1667 2490 indicium
1691 2465 1796 2492 autem

254 2504 423 2540 fidelium
416 2517 475 2539 iam
504 2516 585 2552 pene
607 2506 738 2538 omnino
760 2503 907 2538 defluxit:
924 2497 1028 2540 hanel
1023 2541 1028 2561 Ι
1047 2505 1139 2539 'nitius
1167 2516 1183 2539 a
1217 2504 1358 2539 Romana
1381 2504 1520 2539 Ecclesia
1549 2505 1714 2551 libertatis,
1742 2518 1799 2553 per
1846 2520 1904 2540 nona
1920 2519 2006 2539 Latera-

255 2562 373 2602 martyr
393 2563 424 2589 et
446 2553 585 2601 pontifex
602 2553 769 2588 Uilianus
765 2554 910 2595 instituit,
926 2554 984 2588 {iar
978 2567 1005 2589 .c
1046 2566 1146 2588 annos
1167 2554 1309 2600 singulos
1331 2553 1368 2588 ad
1389 2562 1530 2588 nostruin
1554 2563 1799 2601 nostrorumque
1832 2554 1856 2568 ¹¹
1860 2548 1891 2567 ¹¹¹
1912 2547 1993 2572 ''³¹³¹¹⁰

1858 2574 1929 2620 libeta
1944 2578 1999 2593 anno

256 2603 453 2651 Augustinus
479 2605 544 2639 suis
580 2603 696 2650 regulis
723 2602 891 2643 ordinavit,
927 2603 1007 2639 hanc
1024 2626 1030 2655 Ι
1047 2614 1267 2639 successorum
1307 2615 1399 2639 usum
1436 2603 1656 2656 quotidianum
1683 2604 1798 2638 Albam
1822 2580 1901 2622 gujw
