2180 3205
161 244 208 270 An.
228 244 246 271 C

180 309 251 331 Nonne
298 312 322 331 ad

158 340 248 361 ecclesii
281 342 340 362 liuius

158 374 241 393 immuni
277 379 316 394 eui.

296 246 342 271 1511

168 1136 191 1156 Et
214 1143 322 1157 sacrorum

164 1169 327 1188 ministeriorum

154 1200 287 1218 §.mentalem
316 1203 337 1219 et

155 1231 252 1250 dv·t?01·t¹iu
286 1236 337 1256 spe-

155 1261 232 1279 ctantia
248 1262 322 1280 murti.

171 2041 274 2062 Nonnulla
292 2042 340 2060 item

159 2074 183 2093 ad
199 2072 302 2095 remi-aris
313 2072 343 2091 di-

159 2110 174 2123 s:
184 2104 261 2130 iplinae
270 2103 342 2122 obser-

160 2136 249 2154 vanti-ini
279 2139 342 2160 prae-

160 2166 217 2191 cipit.

201 2572 318 2594 Clausulae.

410 235 479 267 6¹8

358 299 415 333 boc
441 307 579 333 nostrum
608 296 802 343 privilegium
831 295 938 341 aliquo
966 305 1105 340 tempore

355 350 554 395 apparuerit,
588 347 615 380 id
653 346 771 380 irritum
800 345 957 378 ducimus.
987 343 1105 377 Prohi-

357 399 467 432 bemus
493 406 610 440 autem⁷
647 404 678 430 ut
710 395 785 429 nulli
809 394 938 428 fratrum
964 403 1032 441 post
1060 392 1105 426 fa-

354 455 435 481 ctam
467 448 495 480 in
528 446 637 480 eodem
672 444 741 479 loeo
769 443 1009 490 professionem,
1036 443 1104 477 sine

355 497 468 542 prioris
495 496 543 530 sui
579 494 722 538 licentia⁷
750 493 795 528 fas
829 493 869 527 sit
903 492 942 528 de
969 493 1104 527 einum-0

353 545 530 585 discedere;
550 544 764 578 discedentem
780 555 852 578 vero
868 542 985 589 absque
1000 541 1105 575 buius-

354 594 438 628 modi
475 595 632 628 literarum
669 593 813 627 cautione
849 591 954 626 nullus
991 590 1101 625 audeat

354 645 498 678 retinere.
536 643 732 677 Adliibentes
754 642 953 688 suggestione
981 650 1010 675 et
1042 652 1123 688 vo-¹

353 693 470 727 luntatc
510 693 638 727 fratrum
679 700 856 726 nostrorum
896 690 1123 725 cardinaliuml

352 744 572 790 episcoporum
596 742 767 781 sanximus,
789 749 822 775 ut
837 740 946 775 eadem
962 740 1100 774 Ecclesia

353 800 509 839 tamqnam
550 791 732 839 principalis
776 798 875 825 mater
909 798 939 825 et
975 789 1101 824 domina

352 844 482 876 omnino
506 842 602 875 libera
631 842 681 885 sit⁷
708 849 737 875 et
764 840 840 874 nulli
871 841 1007 886 penitus,
1043 839 1100 872 nisi

351 891 408 925 soli
437 891 579 926 Romano
602 890 746 925 Pontifici
765 891 806 923 sit
828 889 987 929 subiecta;
1009 897 1101 934 atque

353 941 446 975 iidem
470 941 609 988 episcopi
637 939 752 974 salubri
777 939 983 986 providentia.
1007 938 1100 972 veluti

350 998 570 1036 cooperatores
592 998 621 1023 et
644 989 749 1023 vicarii
778 989 887 1024 nostri.
915 989 1014 1035 ipsius
1043 1000 1102 1021 ve-

351 1040 499 1074 nerabilis
528 1040 671 1073 basilicae
700 1039 866 1073 utilitatem
891 1046 921 1072 ot
952 1038 1101 1071 bonesta-

351 1098 412 1124 tvm
438 1089 629 1136 provideant.
667 1088 747 1122 illud
772 1100 860 1128 vero,
889 1087 972 1134 qnod
996 1099 1010 1120 a
1036 1099 1101 1121 me-

353 1148 471 1174 morato
507 1139 746 1185 praedecessore
783 1145 889 1172 nostro
922 1136 1100 1171 Alexandro

351 1197 498 1223 statutum
528 1197 586 1232 est,
617 1188 752 1222 maxime
786 1187 942 1221 observari
978 1186 1100 1234 praeci-

354 1239 467 1286 pimus.
491 1238 634 1272 videlicet
653 1245 685 1271 ut
704 1249 771 1271 vasa
791 1249 846 1271 sen
864 1245 963 1271 vestes
984 1236 1100 1280 altaris⁷

351 1297 382 1322 et
403 1296 514 1322 cuncta
543 1289 620 1322 sacri
649 1287 786 1334 mysterii
809 1294 1010 1325 ornamenta,
1038 1298 1099 1319 non

352 1346 529 1384 tangantur,
551 1338 597 1371 vel
628 1336 836 1384 proferantur,
866 1348 921 1370 seu
951 1347 1102 1382 reponan-

353 1397 418 1428 tur,
445 1395 498 1421 aut
524 1387 617 1421 etiam
649 1386 896 1432 qualescumque
925 1385 1101 1419 oblationes

352 1437 488 1484 desuper
513 1436 601 1471 altari
623 1448 639 1470 a
667 1448 728 1469 non
756 1436 886 1470 sacratis
907 1434 974 1469 Dm
1005 1435 1101 1468 mini-

352 1488 425 1521 stris
453 1486 610 1520 tollantur.
640 1484 737 1519 Porro
771 1484 1003 1519 celebrantibus
1035 1484 1101 1517 ibi-

352 1537 422 1570 dem
446 1536 601 1583 episcopis
633 1547 719 1569 sacra
749 1535 913 1568 missarum
936 1534 1100 1574 solemnia,

354 1587 383 1620 in
419 1585 616 1620 clericalibus
648 1584 763 1618 tunicis
798 1592 978 1630 praesentes
1013 1583 1100 1624 sitis,

353 1644 477 1670 cantum
502 1635 681 1681 imponatis,
715 1641 744 1668 et
771 1646 807 1668 ex
831 1633 917 1667 vobis
941 1633 1102 1680 presbyte-

354 1693 476 1726 terum,
511 1684 697 1724 diaconum,
734 1683 982 1726 subdiaconum,
1009 1692 1101 1729 atque

353 1734 508 1782 acolytum
532 1746 658 1781 semper
680 1732 842 1780 providere
857 1733 982 1767 curetis.
1007 1732 1102 1767 Prae-

355 1794 436 1818 terea
473 1784 577 1817 minus
607 1791 740 1830 quatuor
774 1782 921 1816 fratribus
958 1782 1123 1815 assisium<

355 1830 457 1868 missa¹
482 1833 512 1867 in
540 1833 648 1867 eadem
686 1832 838 1875 ecclesia,
865 1832 957 1866 etiam
993 1832 1102 1866 diebus

357 1883 494 1930 privatis7
523 1882 652 1917 minime
675 1881 860 1915 celebretur.
891 1881 1009 1915 Diebus
1032 1893 1102 1916 vero

355 1933 535 1971 dominicis,
555 1940 584 1967 et
606 1932 636 1965 in
659 1931 846 1965 Sanctorum
872 1930 1100 1970 festivitatibus,

355 1990 627 2030 ‹piantuscumque
663 1980 772 2021 fuerit,
809 1980 967 2027 plenarius
1004 1989 1104 2014 vestes

356 2033 437 2067 adsit
468 2039 652 2066 conventus.
691 2029 734 2064 Ut
766 2038 868 2064 autem
907 2031 937 2063 in
973 2029 1102 2064 ccclesia

357 2082 421 2129 ipsa
451 2081 602 2126 regularis
623 2080 741 2115 ordinis
762 2087 791 2113 et
814 2080 998 2126 discipliuae
1017 2080 1104 2125 vigor

358 2130 589 2174 inviolabiliter,
614 2129 782 2164 auxiliante
805 2129 883 2168 Deo,
911 2128 1105 2163 custodiatur

357 2189 386 2215 et
407 2190 559 2224 serretur,
592 2191 851 2226 unumquemque
874 2178 1103 2225 praedictorum

356 2229 559 2264 cardinalium
600 2229 839 2276 episcoporum,
874 2228 925 2275 qui
959 2236 1032 2262 sunt
1067 2228 1103 2262 ad

359 2279 540 2326 principalis
562 2277 667 2313 altaris
689 2278 850 2312 servitium
873 2278 1030 2324 deputati,
1053 2290 1106 2311 se-

358 2329 420 2363 mel
443 2329 473 2362 in
496 2328 692 2363 bebdomada
714 2327 752 2361 de
771 2327 964 2361 observantia
983 2327 1105 2373 regulae

358 2391 428 2411 cum
446 2377 592 2412 fratribus
608 2378 705 2424 ipsius
720 2377 779 2411 loci
798 2376 969 2423 capitulum
989 2385 1105 2415 tenore,

358 2435 387 2460 ct
414 2427 437 2461 si
461 2427 537 2473 quid
559 2439 651 2472 grave
668 2426 887 2472 corrigendum
912 2425 1013 2465 fucrit.
1033 2438 1104 2459 cum

358 2477 516 2510 communi
549 2476 681 2510 consilio
709 2476 821 2522 prioris
842 2483 872 2509 et
894 2474 1023 2509 fratrum
1053 2487 1107 2522 per

360 2525 444 2572 ipsos
467 2526 530 2559 vice
558 2533 661 2559 nostra
684 2525 842 2559 emendari
867 2526 1044 2558 statuimus.
1073 2525 1104 2557 Si

360 2587 418 2621 qua
448 2575 542 2620 igitur
569 2575 598 2608 in
627 2582 784 2620 posterum
812 2574 1020 2608 ecclesiastica
1038 2586 1107 2607 sae-

360 2624 510 2659 cutm-isve
537 2635 685 2670 persona.
715 2625 794 2657 lianc
829 2631 951 2657 nostrae
984 2625 1107 2658 consti-

941 239 1124 262 annuntiat
1153 238 1316 260 nonatum

1124 297 1127 306 “
1147 294 1275 327 tutionis
1298 301 1328 327 et
1346 293 1592 327 confirmationis
1612 292 1756 339 pagiuam
1779 293 1893 330 sciens,

1146 351 1252 377 contra
1280 355 1347 376 eam
1371 355 1448 376 ausu
1478 352 1642 376 temerario
1666 354 1770 376 venire
1793 351 1894 376 tenta-

1146 393 1239 436 verb,
1272 392 1412 426 secundo
1435 393 1564 426 tertiove
1596 392 1799 430 commonita,
1835 392 1892 425 nisi

1146 450 1263 476 reatum
1293 453 1385 476 suum
1414 453 1552 487 congrua
1585 440 1796 475 satisfactione
1823 453 1895 475 cor-

1145 492 1270 532 rexerit,
1291 491 1451 538 potestatis
1471 491 1662 538 honorisque
1681 491 1726 524 sui
1743 490 1895 536 dignitate

1144 549 1258 580 careat,
1283 553 1429 587 reamque
1448 553 1481 575 se
1502 541 1607 574 divino
1622 539 1737 574 iudicio
1760 540 1894 574 existere

1144 589 1182 623 de
1219 598 1392 636 perpetrata
1423 590 1583 636 iniquitate
1608 598 1788 635 cognoscat,
1823 598 1852 622 vt
1878 602 1892 622 a

1144 640 1351 673 sacratissimo
1382 639 1522 686 Corpore
1550 647 1580 673 et
1602 638 1762 685 Sanguine
1786 638 1841 672 Det
1864 647 1893 672 et

1144 688 1270 723 Domini
1301 689 1522 735 Redemptoris
1556 689 1652 722 nostri
1682 688 1750 722 Iesu
1774 687 1891 721 Clu-isti

1143 739 1240 772 aliena
1266 738 1332 777 liat.
1357 747 1450 785 atque
1475 739 1503 772 in
1527 746 1666 772 extremo
1689 738 1831 772 examine
1849 738 1896 771 di-

1143 789 1268 821 strictae
1291 789 1399 822 ultioni
1434 788 1604 822 subiaceat.
1633 788 1763 820 Cunctis
1788 795 1891 820 antem

1143 837 1244 871 eidem
1270 837 1337 871 loco
1366 838 1429 872 iura
1453 837 1649 872 servantibus
1673 838 1708 869 sit
1745 849 1802 882 pax
1830 837 1894 870 Do-

1144 888 1217 920 mini
1238 888 1334 921 nostri
1356 887 1423 921 lesu
1448 886 1584 928 Cin-isti,
1608 895 1764 933 quatenus
1786 896 1813 919 et
1844 886 1893 919 bie

1142 936 1276 970 fructum
1322 936 1422 971 bonae
1459 938 1593 970 actionis
1630 936 1819 982 percipiant.
1862 944 1892 968 et

1141 985 1223 1033 apud
1247 986 1422 1020 districtum
1439 986 1577 1020 ludicem
1595 986 1730 1032 praemia
1747 994 1892 1019 aeternae

1142 1036 1227 1081 pacis
1250 1036 1419 1069 inveniant.
1446 1036 1559 1069 Amen.

1190 1085 1260 1119 Dat.
1288 1085 1489 1132 pontificatus
1515 1097 1598 1119 anno
1626 1098 1666 1123 ιι,
1692 1097 1804 1120 ncuv.

1311 1141 1369 1171 Dat.
1389 1152 1465 1171 anno
1487 1141 1601 1171 Domini
1625 1142 1706 1175 1154,

1391 1186 1491 1226 pontis.
1514 1195 1590 1215 anno
1609 1195 1637 1216 u.

1492 1354 1560 1389 XV.

1140 1428 1304 1472 Hospitale
1334 1434 1360 1460 el
1390 1429 1498 1471 religio
1532 1430 1565 1461 S.
1597 1429 1722 1462 loannis
1751 1424 1893 1462 Hieroso-

1190 1483 1335 1525 lymituui
1358 1483 1412 1515 sub
1449 1483 1536 1514 Sedis
1576 1483 1771 1526 Apostolicoe
1795 1491 1893 1526 prote-

1190 1537 1286 1568 ctione
1305 1537 1470 1580 suscipitur
1484 1549 1551 1569 cum
1562 1537 1796 1581 prr'rileqiorwn
1814 1537 1891 1570 elar-

1190 1597 1314 1634 yllione.

1410 1665 1623 1695 sulimatum

1144 1730 1329 1760 Prooemium.
1345 1749 1384 1754 —
1407 1732 1554 1770 llospitale
1577 1732 1631 1761 sub
1655 1731 1684 1761 Β.
1703 1732 1778 1762 Petri
1803 1734 1891 1763 tutela

1182 1776 1306 1814 sust-ipit
1330 1775 1601 1807 Pontifex.—Bona
1616 1778 1711 1806 omnia
1732 1778 1894 1807 confirmat.

1182 1837 1221 1842 —
1240 1820 1386 1850 Nonnulla
1405 1821 1555 1859 privilegia
1569 1826 1596 1850 et
1609 1821 1809 1851 immunitates
1826 1831 1895 1851 con-

1183 1866 1268 1894 cedit.
1290 1882 1330 1887 —
1358 1866 1395 1895 De
1417 1866 1546 1895 clericis.
1564 1883 1604 1888 —
1625 1865 1750 1901 Fratres,
1768 1867 1818 1905 qui
1843 1876 1893 1895 se-

1184 1910 1240 1939 mel
1275 1910 1407 1940 habitum
1441 1911 1639 1949 sumpserint,
1671 1911 1706 1939 ad
1740 1911 1894 1940 saeculum

1184 1959 1329 1984 revertere
1348 1964 1403 1984 non
1423 1964 1508 1994 posse
1528 1959 1581 1983 etc.
1601 1955 1739 1983 declarat.
1761 1971 1800 1976 —-
1815 1954 1893 1984 Sub-

1184 1999 1245 2028 iicit
1272 2008 1337 2028 vero
1369 1999 1397 2027 in
1426 1998 1632 2038 spiritualibus
1661 2000 1799 2038 episcopo
1830 2000 1895 2028 loci.

1183 2060 1222 2065 -·
1245 2042 1433 2082 Praepositus
1465 2053 1478 2072 a
1499 2042 1638 2073 fratribus
1661 2043 1827 2081 eligendus.
1858 2060 1898 2066 —

1185 2087 1351 2117 Clausutae.

1125 2187 1126 2191 ,
1144 2160 1303 2188 Anastasius
1313 2159 1452 2195 episcopus
1463 2166 1556 2188 servus
1569 2167 1707 2189 servorum
1719 2160 1775 2194 Dei,
1789 2161 1896 2190 dilectis

1191 2210 1265 2242 filiis,
1285 2210 1440 2244 Raymuncto
1457 2210 1588 2245 Magistro
1607 2210 1731 2239 civitatis
1746 2210 1896 2245 Hierosoly·

1190 2260 1319 2293 mttanae,
1340 2260 1448 2296 eiusque
1471 2259 1605 2289 fratribus
1624 2261 1682 2288 tam
1709 2261 1899 2296 praesentibus

1190 2316 1269 2345 quam
1285 2302 1397 2341 futuris,
1426 2309 1581 2345 regularem
1601 2310 1685 2337 vitam
1703 2309 1844 2345 professis,
1870 2310 1899 2337 in

1190 2361 1363 2396 perpetuum,
1385 2359 1502 2388 salutem
1529 2361 1556 2387 et
1585 2359 1761 2395 apostolicam
1791 2360 1897 2388 henedi-

1190 2411 1316 2438 ctionem.

1147 2531 1176 2557 et
1216 2524 1366 2557 veraciter
1401 2524 1583 2567 confitetur⁷
1620 2523 1703 2570 quod
1739 2522 1895 2556 Dominus

1149 2581 1253 2607 noster
1279 2572 1364 2607 lesus
1379 2572 1535 2616 Christus,
1558 2585 1629 2607 cum
1649 2573 1790 2606 omnium
1809 2572 1895 2605 ‹lives-

1148 2631 1240 2662 osset,
1261 2634 1315 2669 pro
1338 2623 1428 2656 nobis
1451 2631 1494 2655 est
1513 2622 1783 2669 pauper-ellectus.
1805 2621 1894 2656 Unde

1911 233 1959 261 An.
1978 232 2006 260 C.
2028 233 2091 260 il5't

1196 2473 1395 2507 Christianae
1412 2473 1483 2507 lidei
1500 2473 1608 2519 religio
1631 2474 1689 2508 boc
1710 2474 1759 2520 pie
1785 2472 1896 2513 credit,
1939 2479 2061 2500 ”mmmmm
