2180 3205
26 251 74 279 Λιι.
95 251 126 279 C.
138 252 147 278 t
158 250 205 278 tm

50 745 129 768 setta·
147 744 204 765 elau-

25 772 88 794 dn.

35 2429 41 2434 ,
49 2403 105 2426 Bou
131 2406 201 2428 Eccle-

25 2435 99 2453 lumm
112 2435 202 2459 pretium

25 2460 203 2512 kssssssfflffl}
221 2462 349 2498 nonicis
374 2459 593 2496 sanctionibus
619 2459 864 2500 demonstratur,
891 2456 977 2503 quod

25 2508 104 2532 tut-m
124 2517 130 2523 ·

856 252 893 275 CA
899 250 1012 275 uxrt‘s
1034 250 1057 272 tt
1082 249 1127 272 ΙΨ.

232 324 304 348 nem
332 311 363 347 iu
386 321 439 348 tuo
466 321 655 357 tuorumque
683 318 901 342 successorum
929 316 980 339 ar-

231 362 326 396 bitrio
353 370 383 396 et
420 370 569 409 potestate
606 369 767 394 remancre
801 366 978 390 censemus.

229 410 313 446 Nulli
336 411 439 458 itaque
458 411 621 445 bominum
646 407 775 442 facultas
796 406 847 445 sit,
869 403 978 437 eadem

230 461 416 495 monasteria
442 459 636 507 perturbare,
657 464 829 491 auteornm
854 464 980 508 posses-

228 509 335 544 siones
355 509 489 549 auferre,
511 509 629 543 ablatas
657 506 802 543 retinere,
825 512 978 543 minuere,

228 558 276 593 vel
298 559 474 594 temerariis
504 555 740 602 fatigationibus
775 562 898 590 vexare,
922 549 977 584 sed

227 607 333 642 omnia
361 607 479 653 integra
509 611 734 641 conserventur
764 612 886 643 eorum,
922 610 978 645 pro

226 668 362 704 quorum
399 655 648 691 substentatione
680 660 709 686 et
747 649 976 697 gubernatione

225 717 376 741 concessa
403 714 494 744 sunt,
523 703 631 739 usibus
652 699 846 736 omnimodis
869 696 977 744 profu-

225 762 304 790 tura.
329 754 364 790 Si
394 768 454 802 qua
478 754 573 800 igitur
602 749 810 787 ecclesiastica
833 746 976 801 saecula-

225 804 307 839 risve
333 816 478 850 persona,
501 805 582 838 lianc
601 808 724 836 nostrae
742 798 976 850 constitutionis

225 853 370 900 paginam
387 854 504 896 sciens,
522 860 628 887 contra
644 861 712 883 eam
733 857 849 882 temere
872 857 976 899 venire

225 903 401 942 tentaverit,
435 901 575 937 secundo
604 900 732 934 tertiove
765 902 974 948 commonita,

224 952 249 987 si
277 964 339 987 non
362 951 571 986 satisfactione
593 959 730 993 congrua
750 944 974 984 emendaverit,

224 1002 387 1048 potestatis
404 1001 598 1046 honorisque
616 997 664 1032 sui
687 995 838 1041 dignitate
860 1000 973 1032 careat,

226 1061 376 1098 reamque
409 1062 442 1084 se
473 1049 580 1084 divino
615 1045 731 1081 iudicio
765 1044 899 1078 existere
936 1041 974 1076 dc

223 1107 400 1146 perpetrata
423 1098 588 1145 iniquitate
610 1101 797 1147 cognoscat,
824 1101 854 1126 et
878 1102 975 1146 asa—

222 1149 398 1184 cratissimo
427 1147 570 1194 Corpore
605 1153 635 1180 et
662 1140 914 1195 Sanguine-Dei
945 1148 974 1174 et

220 1196 350 1233 Domini
372 1196 597 1243 Redemptoris
624 1194 693 1229 lesu
726 1191 843 1244 Christi
875 1190 974 1244 altena

221 1245 286 1290 fiat,
308 1256 402 1294 atque
426 1246 456 1280 in
484 1254 624 1279 extremo
647 1241 792 1277 examine
814 1239 974 1273 districtae

221 1294 335 1331 ultioni
367 1295 543 1331 subiaceat:
571 1292 694 1328 cunctis
721 1297 826 1324 autem
854 1287 973 1322 eisdem

219 1346 422 1381 monasteriis
444 1344 524 1378 iusta
549 1340 748 1376 servantibus
770 1338 808 1372 sit
830 1349 889 1384 pax
908 1336 976 1390 Do-

220 1394 300 1429 mini
324 1394 422 1429 nostri
443 1393 516 1428 Iesu
538 1391 668 1431 Christi,
691 1396 846 1436 quatenus
873 1393 903 1420 et
924 1385 975 1419 liic

223 1443 360 1479 fructum
379 1443 480 1478 bonae
499 1440 631 1476 actionis
648 1437 830 1486 percipiant,
845 1443 875 1469 et
890 1434 973 1489 apud

221 1492 398 1529 districtum
421 1491 561 1526 Iudicem
582 1488 876 1537 praemia-aeternae
891 1496 975 1531 pacis

220 1542 392 1577 inveniant.

227 1595 229 1598 ’
269 1591 394 1638 Scripta
418 1601 472 1636 per
496 1600 624 1623 manum
646 1585 787 1621 Gervasii
820 1582 972 1618 scriniarii

221 1640 389 1688 regionarii
417 1648 446 1674 et
465 1638 574 1672 notarii
598 1636 675 1670 sacri
705 1633 819 1682 palatii.

512 1739 689 1775 xxxvttt.

223 1811 425 1856 Confirmatio
447 1808 665 1853 dispositionis,
688 1807 726 1839 ab
752 1806 862 1839 Ottone
883 1805 976 1836 Bam-

272 1861 411 1904 beryensi
423 1860 560 1903 episcopo
575 1858 686 1900 factae,
705 1857 740 1888 de
758 1855 872 1887 mansis
892 1854 975 1886 illius
996 1865 997 1882 ι

269 1910 428 1943 Ecclesiae
447 1907 582 1952 propriis
610 1906 666 1948 (l).

491 1964 706 1996 SUMMARIL'M

223 2016 301 2047 Bona
312 2016 511 2046 Ecclesiarum
525 2014 649 2053 pretium
663 2017 851 2052 peccatorum
865 2016 892 2040 et
905 2020 976 2049 pau·
996 2024 997 2033 ι

261 2066 364 2096 perum
388 2054 574 2094 patrimonia.
589 2070 629 2075 —
650 2052 777 2090 Ideoque
808 2060 866 2080 uon
899 2051 974 2079 alie·
996 2060 997 2066 ¹

259 2096 368 2126 nanda.
390 2111 430 2116 —
451 2094 543 2124 Mansi
568 2092 795 2129 Bambergensis
823 2090 975 2119 Ecclesiae

260 2145 319 2166 non
336 2134 491 2169 vendendi,
515 2133 567 2162 sed
586 2133 622 2162 de
645 2140 746 2161 eorum
775 2130 871 2159 fructu
900 2139 975 2158 con-

260 2174 407 2205 cinnanda
430 2173 599 2202 luminaria.
619 2188 658 2194 —
676 2170 846 2200 Erectiones
870 2168 905 2198 ab
928 2168 977 2197 Ot-

258 2219 326 2244 tone
343 2215 482 2252 episcopo
501 2212 595 2241 factae
615 2220 672 2240 non
693 2209 903 2239 immutandae.

221 2271 348 2300 calixtus
371 2269 512 2305 episcopus
532 2275 627 2296 servus
656 2273 795 2295 servorum
813 2265 868 2297 Dei,
898 2271 975 2292 vene-

263 2315 346 2344 rabili
376 2313 462 2342 fratri
495 2312 587 2341 (moni
617 2310 808 2346 Bambergensi
842 2309 999 2344 episcopo„

267 2360 384 2389 salutem
404 2359 432 2387 et
451 2357 630 2393 apostoticam
655 2355 876 2384 benedictionem.

275 2413 466 2449 Sanctorum
500 2411 629 2445 l'atrum
668 2408 842 2456 praeceptis
874 2415 904 2442 et
931 2410 999 2442 ca-'i

223 2512 354 2560 praedia
372 2519 403 2545 et
427 2510 642 2557 possessiones
655 2507 884 2549 Ecclesiarum,
898 2518 977 2552 quae
998 2540 1000 2555 ἲ

225 2568 296 2596 vota
320 2559 470 2594 fidelium.
500 2559 594 2604 pretia
619 2564 816 2604 peccatorum
844 2562 874 2590 et
904 2566 979 2601 pau-

265 2617 305 2652 (t)
324 2617 362 2642 Ex
383 2616 496 2642 Baronio
516 2615 548 2641 ad
568 2622 667 2641 annum
691 2614 765 2639 ttfl‘t.

312 2660 388 2693 Bau.
409 2659 486 2690 nom.
514 2658 569 2688 rot.
594 2657 630 2687 11.
753 2656 791 2686 44
997 2640 1001 2659 ¹

1657 239 1726 272 543

1025 314 1133 349 perum
1154 297 1339 349 patrimonia
1363 310 1598 350 nuncupantur,
1621 303 1711 337 vendi
1728 315 1773 337 ve.

1022 351 1149 385 alienari
1174 364 1234 385 non
1259 352 1402 386 debeant.
1431 351 1520 394 Quae
1542 353 1625 386 enim
1649 351 1775 386 divinae

1023 400 1191 434 maiestatis
1213 400 1378 447 obsequio,
1406 410 1435 435 ct
1462 401 1643 436 caelestium
1667 413 1774 436 secre-

1023 458 1123 484 torum
1148 450 1217 483 usui
1243 458 1316 483 sunt
1338 450 1451 494 ‹licata,
1474 463 1535 485 non
1553 450 1643 485 decet
1658 451 1687 485 in
1703 451 1774 485 alie-

1022 510 1096 532 num
1133 498 1180 532 ius
1216 499 1326 543 redigi,
1354 500 1398 532 vel
1429 499 1457 532 in
1492 499 1621 534 alterius
1654 500 1770 534 servitii

1021 547 1151 581 formam
1175 548 1389 581 transmutari.
1413 548 1534 595 Nempe
1557 552 1601 592 (ut
1623 548 1659 582 B.
1683 549 1774 596 Sym-

1020 596 1122 630 machi
1156 596 1258 642 Papae
1286 596 1388 630 verbis
1423 597 1598 643 loquamur)
1639 610 1772 644 posses-

1020 646 1142 686 siones,
1170 657 1248 691 quas
1271 645 1488 692 unnsquisque
1511 646 1670 681 Ecclesiae
1699 659 1772 692 pro-

1020 696 1104 740 priae
1127 694 1212 728 dedit
1238 702 1291 728 ant
1320 695 1445 741 reliquit
1473 695 1611 734 arbitrio,
1639 695 1768 730 alienari

1018 743 1213 789 quibuslibet
1257 743 1355 777 titulis
1395 752 1448 777 aut
1488 744 1770 785 distractionibus,

1019 792 1063 826 vel
1087 793 1146 826 sub
1168 804 1368 839 quocumque
1390 801 1596 838 argumento,
1620 806 1682 828 non
1707 806 1770 841 pa-

1018 842 1124 875 timur.
1156 841 1329 888 Eapropter
1356 854 1413 876 nos
1436 842 1497 876 tuis
1526 843 1614 877 iustis
1637 843 1771 889 postula-

1017 890 1156 924 tionibus
1177 898 1370 934 annuentes,
1399 903 1535 934 mansos,
1563 892 1615 938 qui
1643 892 1768 938 episco-

1018 939 1096 986 palis
1119 951 1245 974 mensae
1268 947 1338 974 tuae
1361 940 1487 974 servitio
1509 940 1605 975 dediti
1629 948 1713 985 sunt,
1737 941 1765 975 in

1017 989 1127 1023 codem
1151 997 1244 1029 statu,
1279 989 1309 1023 in
1338 1001 1402 1035 quo
1428 988 1509 1023 bene
1531 1001 1547 1023 a
1571 997 1600 1024 te
1622 989 1768 1037 dispositi

1016 1046 1263 1084 cognoscuntur,
1287 1037 1399 1072 futuris
1422 1038 1619 1084 temporibus
1641 1051 1769 1085 perma-

1017 1099 1091 1121 nere
1106 1088 1278 1134 praesentis
1290 1087 1397 1133 scripti
1413 1087 1508 1122 nostri
1525 1088 1767 1123 confirmatione

1017 1137 1194 1175 sancimus:
1223 1144 1414 1177 statuentes,
1441 1145 1473 1170 ut
1500 1137 1575 1170 nulli
1599 1149 1768 1172 successo-

1018 1198 1086 1219 rum
1110 1193 1248 1225 tuorum‚
1271 1184 1317 1219 vel
1340 1185 1432 1219 alicui
1455 1185 1641 1226 hominum,
1676 1186 1766 1221 liceat

1017 1246 1071 1268 eos
1099 1235 1244 1275 vendere,
1272 1234 1336 1269 sive
1359 1234 1389 1268 in
1414 1234 1563 1269 laicorum
1578 1235 1766 1269 beneficium

1017 1283 1139 1317 tradere
1177 1283 1223 1318 vel
1258 1283 1288 1317 in
1325 1295 1399 1317 usus
1439 1283 1517 1318 alios
1552 1291 1766 1324 commutare3

1016 1332 1070 1366 sed
1098 1332 1177 1366 sicut
1204 1345 1220 1366 a
1253 1340 1281 1366 te
1315 1332 1502 1379 dispositum
1530 1341 1595 1377 est,
1622 1332 1662 1367 de
1685 1344 1766 1367 uno-

1016 1393 1142 1428 quoque
1165 1380 1394 1427 praedictorum
1416 1393 1596 1415 mansorum
1619 1381 1767 1416 denarius

1017 1442 1099 1464 uuus
1123 1430 1213 1464 annis
1247 1430 1382 1476 singulis
1408 1429 1633 1475 Bambergensi
1661 1430 1766 1465 Eccle-

1016 1479 1080 1513 siae
1108 1491 1164 1525 pro
1191 1479 1292 1513 anima
1315 1479 1512 1525 imperatoris
1538 1479 1666 1514 Henrici
1697 1479 1766 1513 fun-

1016 1528 1134 1562 datoris
1164 1528 1247 1567 eius,
1287 1528 1324 1562 ad
1352 1528 1571 1563 concinnanda
1599 1529 1764 1562 luminaria

1017 1577 1206 1612 conferatur.
1246 1577 1396 1612 Abbatias
1424 1589 1496 1611 vero
1537 1585 1567 1611 et
1607 1577 1766 1623 regulares

1017 1627 1187 1661 canonicas
1214 1638 1270 1673 per
1300 1626 1486 1660 industriam
1520 1635 1603 1661 tuam
1632 1627 1662 1660 in
1691 1626 1768 1661 reli-

1017 1676 1120 1720 gionis
1135 1676 1244 1710 ordine
1266 1675 1428 1715 stabilitas,
1451 1683 1482 1709 et
1504 1675 1562 1709 alia
1589 1688 1605 1710 a
1630 1685 1658 1710 te
1684 1684 1767 1710 recte

1017 1725 1196 1763 constituta,
1219 1724 1295 1758 nulli
1319 1724 1485 1759 hominnm
1503 1724 1632 1759 facultas
1654 1725 1693 1759 sit
1713 1725 1768 1758 im-

1018 1783 1177 1820 posterum
1198 1775 1375 1808 immutare.
1399 1773 1431 1807 Si
1452 1774 1523 1820 quis
1538 1782 1641 1808 autem
1660 1781 1768 1808 contra

996 1835 997 1855 i
1016 1823 1098 1857 lianc
1111 1823 1382 1857 confirmationem
1397 1823 1503 1857 venire
1515 1823 1768 1857 temerarioausu

996 1892 997 1897 =
1018 1872 1274 1918 praesumpserit,
1289 1872 1626 1907 excommunicationis
1644 1872 1769 1906 vinculo

1017 1920 1202 1955 subiacebit.
1245 1928 1258 1935 ’“

1067 1970 1145 2004 Data
1168 1970 1323 2010 Laterani,
1348 1970 1452 2021 idibus
1463 1971 1581 2018 aprilis,
1597 1968 1771 2004 indictione

996 2035 998 2056 ι
1018 2018 1158 2053 secunda
1180 2021 1236 2062 (l).

1067 2075 1129 2106 Dat.
1151 2076 1197 2105 die
1222 2076 1258 2105 13
1276 2075 1378 2114 aprilis
1399 2085 1474 2104 anno
1493 2074 1609 2104 Domini
1635 2074 1718 2112 11:24,

1259 2119 1360 2158 pontif.
1379 2128 1454 2148 anno
1473 2127 1509 2148 Vt.

1053 2194 1091 2228 (t)
1112 2194 1183 2220 Inter
1203 2201 1242 2225 ea,
1260 2201 1328 2227 quae
1339 2193 1365 2219 S.
1384 2192 1446 2219 Otto
1458 2192 1657 2226 Bambergensis
1671 2193 1772 2227 peregit

1017 2233 1159 2263 antequam
1185 2228 1217 2254 ad
1245 2229 1402 2254 Pomcranos
1432 2227 1463 2253 ad
1491 2228 1568 2254 tidem
1602 2227 1772 2254 christianam

997 2266 998 2278 ¹
1018 2264 1214 2290 convertendos
1225 2263 1448 2297 proficisceretur,
1461 2262 1524 2288 haec
1537 2262 1615 2289 refert
1627 2263 1771 2289 Baronius:

997 2301 998 2304 ’
1018 2299 1198 2325 fundationem
1227 2299 1326 2324 scilicet
1350 2299 1582 2329 monasteriorum,
1611 2301 1637 2324 et
1656 2297 1772 2324 dotatio—

1019 2342 1077 2360 nem
1096 2334 1225 2360 Ecclesiae
1243 2333 1442 2367 hambergensis
1460 2336 1567 2358 sanctus
1589 2332 1628 2358 hic
1641 2333 1772 2367 siquidem

1018 2369 1155 2403 apostolus
1176 2377 1204 2395 ea
1222 2369 1308 2395 omnia
1326 2369 1350 2393 in
1367 2368 1477 2394 dioecesi
1493 2368 1676 2401 Bambergensi
1689 2368 1775 2394 voluit

1019 2406 1092 2438 prius
1109 2404 1259 2438 disponere,
1278 2411 1309 2429 ne
1325 2410 1486 2437 paganorum
1507 2403 1585 2429 saluti
1602 2403 1730 2435 intentus,
1743 2411 1773 2429 ea

1019 2441 1140 2466 omittere
1159 2440 1305 2469 videretur,
1317 2446 1385 2472 quae
1396 2446 1409 2464 a
1422 2437 1506 2472 probo
1517 2438 1669 2472 aniantique
1684 2442 1775 2473 pasto-

1019 2483 1047 2500 re
1063 2482 1220 2501 commissus
1237 2475 1258 2500 ei
1276 2474 1404 2499 divinitus
1430 2481 1494 2507 grex
1511 2475 1640 2507 potuisset
1658 2481 1774 2507 unquam

1019 2510 1179 2536 desiderare.
1194 2509 1268 2534 Plura
1280 2509 1321 2534 llic
1332 2508 1440 2534 dicenda
1452 2512 1551 2539 essent,
1565 2509 1611 2534 nisi
1623 2509 1712 2542 operis
1723 2509 1774 2534 hu-

1020 2545 1059 2570 ius
1072 2549 1162 2570 natura
1179 2549 1201 2569 et
1221 2543 1321 2570 indoles
1339 2543 1497 2569 brevitatem
1513 2544 1659 2577 exigerent,
1673 2551 1775 2570 nocuos

997 2591 1000 2619 s
1020 2580 1189 2620 prohiberent
1201 2579 1300 2607 diutius
1307 2579 1465 2605 commorari
1478 2580 1501 2604 in
1513 2579 1677 2605 enarratione
1688 2579 1774 2605 facto-

997 2628 1000 2635 =
1020 2623 1079 2641 rum
1098 2621 1138 2641 ss.
1161 2622 1293 2640 virorum.

1798 246 1845 273 An.
1867 247 1894 273 (ἶ.
1915 246 1980 272 1124

1823 547 1915 573 ldeoqnn
1940 553 1981 567 nun

1798 574 1917 594 alten-auda.

1831 837 1896 857 nana
1920 838 1981 858 Barn-

1798 863 1906 889 burgi—usta
1943 864 1982 884 Ec-

1799 891 1875 911 clesiae
1884 897 1924 911 non
1936 897 1966 911 vei
1976 901 1983 906 -

1799 918 1875 940 tlon-li,
1897 918 1932 936 seut
1955 918 1982 937 de

1806 949 1878 964 eorum
1907 943 1973 963 fructu

1799 971 1982 990 cuticinncnulalu-

1799 997 1886 1017 minaria

1824 1559 1946 1580 Erectiones
1955 1559 1981 1580 ab

1798 1585 1981 1612 Ovoneepiscopo

1797 1612 1867 1633 saciata
1889 1618 1928 1632 non
1945 1620 1981 1633 int·

1797 1639 1917 1660 mutandae.
