2180 3205
41 273 88 301 Λιι.
109 272 138 301 C.
156 273 222 301 1118

42 1423 47 1428 ’
61 1429 180 1452 Exordium.

79 1541 188 1562 confirmat
193 1548 217 1563 ur

37 1566 124 1598 dignitas
144 1570 217 1589 matri-

45 1599 75 1614 cis
101 1594 208 1616 Ecclesiae

38 1618 140 1642 [incanae.

51 2024 132 2047 Priores
145 2029 216 2048 «ιιι-Ια-

39 2057 76 2072 nm
96 2059 140 2074 311113
168 2059 215 2075 eoi-t

38 2083 97 2099 ”usu
123 2081 215 2106 episcopi

39 2105 60 2125 et.
72 2105 160 2130 priorum
178 2107 215 2127 Ec-

39 2129 112 2152 dusiao
127 2135 194 2153 matri
193 2134 216 2153 :is

39 2161 76 2177 non
112 2159 215 2184 eligenti:

39 2185 164 2212 caeteraque
175 2186 215 2210 pii-

39 2208 76 2230 vite
91 2216 111 2230 ia
124 2213 216 2232 matricis

37 2233 144 2258 &cest-a·
167 2244 216 2264 prc-

40 2261 92 2288 pu'a.

865 282 1017 307 GELASIPS
1042 283 1068 305 11
1094 283 1135 305 Pr

598 336 636 374 V.

247 411 443 456 Confirmatio
454 412 656 445 maternitatis
671 411 822 444 Ecclesiae
838 412 990 447 Lucanae,

292 461 344 493 cui
363 461 514 494 ηοηηαΙΙα
528 462 570 494 ad
591 462 623 494 id
636 461 806 505 spectantia
823 460 994 493 concedan-

291 516 342 543 tur
362 510 527 554 privilegia
549 511 605 553 (1).

508 586 724 617 SUMMARIUM

241 651 410 682 Exordium.
427 668 467 675 —
488 652 683 682 Confirmatur
709 652 835 690 dignitas
860 652 991 681 matricis

281 696 431 726 Ecclesiae
459 696 602 726 Lucanae.
627 712 668 718 --
692 695 809 725 Priores
838 701 864 726 et
892 696 991 725 clerici

281 741 345 770 sinc
363 749 513 770 consensu
532 739 664 779 episcopi
689 744 717 769 et
735 740 866 778 priorum
894 739 992 770 Eccle-

281 785 342 814 siae
359 785 488 814 matricis
504 794 561 813 non
580 784 725 821 eligendi:
741 788 916 823 caeteraque
932 785 992 824 pri-

278 828 383 866 vilegia
404 829 535 858 matricis
558 827 706 857 Ecclesiae
729 828 855 867 propria.
880 845 920 851 —-
945 830 992 859 Li-

278 871 378 902 bertas
406 872 566 902 exactionis
590 872 782 906 decimarum,
805 871 990 911 aliorumque

279 925 413 946 onerum.
435 933 474 939 —
490 916 630 946 Canonici
659 915 817 952 dignitate,
838 916 881 944 vel
909 926 991 955 prae-

280 959 376 990 benda
395 960 431 990 ab
450 961 587 999 episcopo
609 968 667 988 non
695 959 828 996 privandi
854 960 917 989 sine
939 960 991 990 Ca-

279 1004 365 1043 pituli
375 1013 583 1034 consensu.—
594 1003 789 1033 Confirmatur
805 1003 988 1042 privilegium

279 1057 294 1077 a
318 1048 455 1078 Paschali
474 1048 527 1078 cP.
540 1057 726 1077 concessum.
738 1064 777 1069 —
790 1047 897 1077 Solitae
910 1049 990 1078 clau-

278 1092 372 1122 sulae.
389 1108 430 1115 —·
446 1091 555 1122 Gelasii
580 1092 632 1121 PP.
656 1096 684 1121 et
698 1090 726 1121 S.
750 1091 782 1120 R.
804 1091 835 1121 E.
854 1093 990 1122 cardina-

277 1135 351 1166 lium
368 1136 613 1175 subscriptiones.

237 1196 343 1227 Gelasius
363 1198 483 1236 episcopus
505 1207 582 1227 serius
611 1207 727 1228 servornm
750 1198 800 1235 Dei,
819 1198 910 1228 dilectis
936 1198 990 1228 liliis

277 1241 403 1271 Benedicta
420 1241 590 1278 archidiacono,
610 1241 694 1271 chrto
713 1242 919 1281 archipresbytero,
936 1243 988 1272 Rai-

277 1286 343 1314 neiro
365 1285 506 1319 Primiccrio,
528 1285 606 1314 Mauro
624 1287 712 1315 cantori
736 1286 840 1315 Lucanae
857 1286 987 1324 Ecclesiae,

277 1337 403 1367 earumque
420 1328 526 1358 fratribus
544 1334 590 1359 tani
615 1329 782 1368 praesentibus,
806 1340 874 1368 quain
897 1330 986 1368 suturis,

279 1374 302 1402 in
323 1377 469 1412 perpetuum.

287 1433 457 1469 Charitatis
480 1434 595 1469 bonum
619 1444 665 1469 est
689 1436 863 1482 proprium,
887 1435 986 1470 aliena

240 1483 354 1518 damna
380 1484 502 1531 propria
526 1484 688 1530 deputare,
722 1494 749 1519 et
772 1485 881 1519 alienis
908 1494 988 1519 tam-

239 1545 332 1579 quam
373 1534 509 1580 propriis
535 1535 672 1579 gaudere
703 1534 905 1580 profectibus.
943 1534 985 1568 Ea

241 1590 367 1628 propter
401 1584 568 1629 petitiones
596 1591 712 1617 vestras
740 1583 910 1617 clementer
933 1585 987 1617 ad-

240 1632 412 1675 mittimus,
451 1640 481 1665 et
517 1632 603 1665 vobis
639 1633 783 1678 antiquas
828 1632 986 1677 Ecclesiae

239 1681 377 1714 matricis
403 1682 652 1715 consuetudines
679 1684 914 1715 contii-mamus:
954 1691 983 1715 ut

239 1729 383 1764 videlicet
406 1731 569 1764 unctiones
592 1730 801 1773 intirmorum,
824 1739 854 1764 et
879 1731 987 1776 scpul-

240 1787 326 1812 tnrae
353 1779 486 1813 civitatis
509 1792 663 1825 propriae,
686 1779 723 1813 ad
746 1781 904 1813 matricem
924 1780 987 1814 Ec-

239 1827 366 1861 clesiam
396 1829 599 1874 pertinentes,
621 1837 650 1862 et
677 1828 829 1868 officium,
857 1837 888 1862 et
916 1842 988 1874 par-

241 1877 379 1920 ticipatio
407 1876 549 1911 beneficii
573 1878 729 1917 funerum,
756 1880 792 1911 ad
815 1877 892 1912 alias
919 1878 987 1912 Ec-

240 1926 350 1959 ctesias
372 1926 606 1972 pertinentium,
634 1927 721 1960 vobis
748 1928 830 1961 uuila
854 1928 986 1961 clerico-

241 1987 309 2008 rum
327 1974 507 2012 calliditatc,
531 1985 581 2009 aut
598 1976 747 2009 laicorum
764 1976 986 2022 quorumlibet,

240 2024 663 2059 subtrahantur.Electioncs
691 2025 841 2071 priorum,
864 2033 894 2059 et
915 2026 987 2059 col-

241 2073 413 2107 locationes
446 2073 630 2107 clcricorum
664 2075 692 2107 in
721 2074 819 2108 aliena
846 2074 987 2108 Ecclesia

241 2121 320 2155 infra
348 2121 457 2155 urbem
485 2121 530 2156 vel
553 2132 637 2156 extra
661 2123 691 2156 in
714 2122 892 2163 suburbiis,
920 2124 988 2157 sine

241 2181 397 2204 consensu
419 2171 574 2216 episcopi,
597 2179 627 2205 et
649 2172 806 2217 priorum,
834 2173 887 2217 qui
920 2171 988 2206 loco

243 2219 335 2264 positi
359 2220 571 2261 nominantur,
594 2220 732 2253 matricis
751 2220 909 2254 Ecclesiae
925 2233 986 2254 non

242 2268 328 2301 fiant.
365 2267 431 2302 Nec
465 2268 614 2302 laicorum
649 2269 793 2302 violentia
828 2269 859 2302 iu
885 2269 986 2314 aliqua

242 2315 454 2350 Ecclesiarum
474 2317 534 2350 ulla
563 2317 701 2362 priorum
728 2325 781 2350 aut
803 2317 987 2352 clericorum

243 2364 296 2399 fiat
321 2366 442 2400 electio.
467 2365 505 2399 Et
525 2366 607 2399 nulla
631 2365 840 2399 Ecclesiarum
864 2367 988 2412 episco-

244 2423 335 2460 patus
374 2414 466 2448 vcstri
504 2422 626 2460 praeter
659 2427 767 2448 eorum
799 2427 988 2448 consensum

243 2463 333 2497 alicui
346 2463 529 2497 subiiciatur
541 2463 712 2497 Ecclesiae.
740 2463 848 2509 Neque
865 2464 989 2510 publica

243 2519 274 2546 et
296 2513 412 2546 maiora
440 2513 564 2558 negotia
598 2512 700 2558 aliqua
735 2512 794 2546 sibi
830 2512 990 2547 Ecclesia-

279 2580 318 2616 (t)
337 2581 376 2608 Ex
399 2582 600 2608 Commentariis
625 2581 787 2607 Constantini
813 2582 927 2607 Caietam
959 2582 990 2607 ad

247 2615 329 2642 Vnam
345 2617 438 2643 Gelasii
458 2618 505 2643 ΡΡ.
524 2625 569 2651 per
582 2617 763 2649 Piudulplium
783 2618 915 2650 Pisanum,
930 2619 989 2643 ner.

245 2650 302 2677 ltat.
319 2652 413 2686 Script.
434 2655 497 2679 tom.
519 2660 559 2685 ιιι,
576 2661 635 2687 pa5.
654 2653 714 2679 1105.

1664 271 1734 322 287

1036 349 1118 380 rum,
1151 335 1226 383 ipsis
1247 336 1363 377 invitis,
1390 336 1529 384 arripiat,
1556 342 1609 371 aut
1639 336 1782 383 publicas

1036 386 1244 432 poenitentias
1280 387 1409 420 tribuat:
1453 398 1509 421 nec
1536 386 1723 427 sententias,
1751 393 1782 420 et

1036 435 1234 469 interdictum
1276 435 1412 470 matricis
1451 435 1611 470 Ecclesiae
1651 442 1781 481 temptet

1035 483 1216 529 infringere.
1239 483 1330 518 Nulla
1352 485 1445 518 etiam
1465 484 1558 519 vestii
1580 484 1782 539 episcopatus

1035 544 1166 579 persona
1190 533 1257 567 sinc
1284 545 1438 567 consensu
1463 533 1614 587 episcopi,
1637 533 1682 567 vel
1701 533 1782 587 prio-

1035 594 1116 625 rum,
1138 582 1190 628 qui
1209 582 1277 617 loco
1297 582 1389 629 positi
1406 582 1618 623 nominantur,
1642 581 1781 616 matricis

1033 630 1192 665 Ecclesiae
1234 631 1542 666 excommunicetur:
1566 639 1595 665 et
1620 631 1703 678 quod
1743 631 1782 665 ab

1033 680 1183 727 episcopo
1204 680 1334 726 ligatum
1357 680 1460 721 fucrit,
1479 692 1496 715 a
1516 681 1641 715 nemine
1658 680 1778 714 irritum

1033 728 1103 763 duci
1140 737 1320 776 temptetur.
1367 729 1449 764 Sane
1489 729 1622 764 civitatis
1661 737 1780 764 vestrae

1032 778 1149 819 clerici,
1173 786 1203 812 et
1233 779 1285 825 qui
1320 779 1350 812 in
1378 778 1539 813 suburbiis
1561 786 1644 820 sunt,
1672 779 1780 813 solitas

1032 826 1237 868 obedientias,
1262 827 1408 862 videlicet
1431 828 1460 861 in
1484 827 1634 870 Letaniis,
1662 827 1692 861 in
1713 840 1780 874 pro-

1032 876 1228 911 cessionibus
1242 876 1477 915 eommunibus,
1503 877 1533 910 in
1549 876 1778 918 festivitatibus,

1032 933 1062 958 et
1095 925 1283 960 stationibus
1320 926 1446 960 maioris
1480 925 1642 960 Ecclesiae
1676 926 1779 960 eidem

1032 974 1213 1021 impendant
1234 974 1406 1015 Ecclesiae,
1430 983 1462 1009 ut
1485 974 1644 1009 vobiscum
1664 975 1777 1009 adsint.

1032 1022 1157 1058 Por'ro
1152 1037 1181 1057 m
1197 1024 1324 1071 quintae
1337 1024 1432 1058 seriae
1451 1032 1542 1058 nocte
1557 1032 1627 1058 ante
1643 1024 1778 1065 Pascha,

1033 1072 1114 1106 nulla
1138 1073 1290 1114 Ecclesia,
1318 1069 1493 1107 secundum
1518 1086 1636 1108 morem
1661 1082 1778 1108 vestrae

1030 1121 1209 1166 Ecclesiae,
1249 1134 1416 1169 cimpanas
1451 1131 1563 1156 sonet:
1600 1134 1703 1169 neque
1745 1124 1776 1157 in

1029 1170 1167 1205 Sabbato
1194 1171 1310 1206 Sancto
1336 1183 1462 1205 cereum
1496 1171 1681 1213 benedicat;
1721 1172 1775 1206 sed

1030 1219 1067 1252 ad
1104 1219 1294 1265 baptismum
1332 1221 1481 1267 praedicti
1521 1221 1647 1261 clerici,
1685 1229 1778 1267 prout

1030 1278 1215 1303 consuetum
1249 1278 1307 1308 cst,
1336 1270 1473 1303 veniant.
1501 1269 1589 1303 Nulla
1619 1279 1777 1316 praeterea

1031 1317 1239 1352 Ecclesiarum
1271 1319 1380 1352 missas
1402 1320 1559 1352 solemnes
1586 1319 1722 1353 celcbrct
1746 1319 1774 1353 in

1031 1366 1194 1401 festivitate
1226 1368 1313 1401 Bcati
1347 1367 1490 1410 Martini,
1518 1375 1547 1401 et
1573 1368 1606 1402 S.
1644 1368 1775 1411 Reguli,

1029 1424 1057 1448 ct
1081 1417 1110 1449 in
1138 1417 1275 1450 secunda
1306 1417 1378 1450 seria
1403 1416 1558 1459 Paschae,
1586 1425 1615 1450 et
1643 1417 1672 1450 in
1702 1429 1776 1462 pro-

1028 1465 1223 1499 cessionibus
1250 1466 1527 1511 Quadragcsimae,
1555 1466 1654 1499 donec
1676 1474 1776 1499 statio-

1031 1515 1077 1547 nis
1111 1514 1271 1548 solrantur
1311 1524 1492 1548 conventus.
1533 1514 1644 1547 Nullus
1683 1515 1773 1547 ctiam

1028 1563 1211 1597 clericorum
1245 1564 1380 1597 ollicium
1417 1565 1579 1604 virorum,
1606 1573 1658 1597 aut
1686 1576 1776 1597 mor-

1029 1620 1165 1655 tuorum,
1182 1613 1219 1647 ad
1237 1614 1395 1647 matricem
1414 1612 1585 1646 Ecclesiam
1605 1613 1774 1658 peitincns,

1029 1660 1128 1695 facere
1165 1663 1209 1695 vel
1236 1662 1392 1696 celebrare
1416 1670 1601 1708 pracsumat.
1630 1662 1674 1695 ᾹιΙ
1702 1663 1775 1696 hacc

1029 1711 1208 1744 adiicientes
1230 1712 1407 1749 statuimus,
1431 1720 1463 1744 ut
1481 1711 1622 1744 decimae
1640 1713 1778 1745 matrices

1031 1758 1189 1793 Ecclesia.»
1211 1761 1250 1794 ab
1273 1761 1330 1799 liis,
1353 1762 1404 1807 qui
1429 1761 1583 1802 tribuunt,
1613 1773 1672 1793 non
1691 1760 1775 1794 frau-

1029 1808 1152 1842 dentur.
1186 1809 1225 1843 Et
1260 1810 1343 1843 nulla
1376 1822 1427 1843 eas
1454 1809 1607 1843 clericalis
1644 1822 1774 1854 persona

1029 1858 1187 1904 surripiat,
1215 1867 1267 1893 aut
1294 1858 1457 1892 diminuat.
1483 1858 1566 1892 Nulli
1595 1859 1686 1892 etiam
1707 1871 1776 1904 epi-

1029 1919 1124 1951 scopo
1149 1908 1237 1941 liceat
1273 1908 1409 1954 aliquem
1447 1908 1583 1941 matricis
1616 1907 1775 1941 Ecclesiae

1028 1957 1215 1990 canonicum
1255 1957 1374 1996 officio,
1414 1969 1470 1991 scu
1510 1956 1674 1994 beneficio,
1709 1957 1776 1990 sine

1029 2005 1180 2039 canonico
1197 2006 1316 2051 privare
1340 2005 1468 2039 iudicio.
1497 2005 1579 2039 Sane
1595 2005 1773 2039 charitativa

1031 2054 1079 2087 illa
1107 2054 1248 2088 ciborum
1272 2054 1434 2098 beneficia,
1461 2067 1540 2100 quae
1559 2054 1598 2088 ab
1619 2056 1776 2100 episcopis

1030 2104 1138 2136 vestris
1174 2104 1259 2145 (sive
1300 2106 1502 2149 praesentes,
1535 2104 1599 2137 sive
1631 2103 1776 2137 abscntcs

1030 2150 1160 2194 suerint)
1194 2152 1223 2185 in
1247 2152 1493 2186 solemnioribus
1520 2151 1606 2186 festis
1640 2164 1776 2186 consac-

1809 273 1859 300 Au.
1881 275 1993 303 C.1118

1836 1027 1932 1047 Libertas
1945 1034 1993 1048 exa-

1809 1056 1884 1073 ctionis
1903 1054 1993 1074 decinct-

1809 1086 1866 1101 rum.
1895 1081 1993 1100 aliorum-

1810 1113 1850 1132 que
1866 1114 1884 1127 ιιι
1895 1114 1958 1127 ι·ιίιιιι.

1817 1859 1914 1879 Cannici
1925 1860 1991 1885 ‹ligni-

1808 1889 1849 1905 tatu·
1876 1888 1906 1906 iel
1931 1893 1990 1911 prae-

1808 1913 1875 1931 bru-la
1899 1913 1924 1932 ali
1948 1914 1991 1937 cpi-

1807 1945 1871 1960 wv»
1895 1946 1933 1958 ivvii
1950 1946 1990 1963 iri—

1809 1972 1823 1983 ι4
1836 1972 1847 1985 ιι
1857 1966 1919 1985 iismt
1932 1968 1951 1985 L*
1963 1973 1992 1991 p.-

1809 1993 1844 2011 tuli
1856 1999 1966 2012 censensu.

1030 2201 1116 2233 vistis
1142 2201 1295 2247 accipere,
1321 2201 1407 2235 vobis
1447 2202 1620 2246 vestrisque
1643 2201 1776 2246 posteris
1799 2216 1804 2221 -

1032 2256 1092 2282 rata
1146 2250 1355 2295 praecipimus
1407 2257 1437 2283 et
1475 2249 1591 2283 illibata
1648 2249 1773 2283 servari.

1029 2296 1063 2330 In
1107 2297 1155 2331 his
1194 2298 1340 2332 omnibus
1386 2298 1638 2343 praedecessoris
1679 2298 1775 2331 nostri

1030 2353 1154 2380 sanctae
1178 2348 1347 2380 memoriae
1369 2346 1529 2381 Pasclialis
1552 2347 1656 2392 Papae
1678 2348 1776 2394 privi-

1032 2394 1146 2439 legium
1174 2395 1416 2439 confirmamus,
1445 2404 1473 2429 ct
1507 2395 1675 2430 stabilitate
1706 2408 1776 2441 per-

1033 2453 1123 2487 petua
1158 2444 1407 2478 corroboramus.
1452 2444 1485 2479 St
1521 2457 1581 2491 qua
1617 2445 1711 2487 i<ritur
1746 2446 1776 2478 in

1033 2492 1169 2527 fututum
1205 2494 1435 2533 ecclimsiistica,
1470 2494 1675 2528 saeculuuisxe
1707 2506 1778 2540 pcr-

1031 2553 1121 2581 sona,
1145 2542 1224 2576 lianc
1240 2551 1361 2576 nostiae
1383 2543 1617 2576 constitutionis
1633 2543 1776 2589 pagiuam

1032 2591 1145 2626 sciens.
1176 2600 1281 2625 coatia
1310 2603 1376 2625 cam
1401 2600 1517 2626 temere
1539 2593 1644 2626 senine
1672 2601 1778 2626 teuta-

1034 2640 1120 2680 verit,
1139 2641 1279 2675 secundo
1303 2641 1430 2675 tertiove
1449 2642 1651 2683 commonita,
1673 2643 1698 2675 si
1716 2653 1777 2675 non

1852 2294 1990 2317 Confirmatur

1813 2324 1945 2347 prixilegium
1971 2330 1983 2343 a

1813 2349 1910 2368 l'aschali
1939 2349 1978 2369 ΓΡ.

1805 2381 1934 2395 concessum.

1830 2453 1910 2474 §omae
1933 2454 1988 2473 clau—

1804 2485 1818 2499 s
1817 2480 1870 2500 ilac.
