2180 3205
103 238 108 244 .
126 216 154 243 C.
189 216 230 243 07.

58 218 136 291 siau,
166 217 240 291 41ηηί
261 258 486 296 apparamento
514 257 636 297 septem
667 250 843 286 cardinales
868 251 953 285 altari
982 251 1015 285 S.

55 299 76 318 et
97 298 161 317 sati-l«.
174 304 194 317 tn
207 304 240 317 rui

124 325 205 343 »asculi
218 324 240 343 ii-

70 355 94 370 us
102 350 185 371 auaris
203 350 239 370 Pe-

54 377 81 397 tri
105 376 183 397 ibidem
203 377 230 397 ml

54 403 198 424 nistranubus.

85 659 226 680 Sacramenta

54 686 133 707 iuvem
157 690 239 711 episco-

54 718 93 739 pus
111 712 164 741 cuuis·
174 718 207 733 rte
221 712 239 732 si

63 741 171 764 negaverit
184 754 189 762 .
217 744 230 759 a

54 765 182 790 otintihuerit
201 770 237 790 pe—

54 793 124 813 tantu
145 792 237 818 piscopo-

91 1008 226 1030 Oxum-matio

53 1041 105 1062 prae
120 1035 236 1062 e,·tihuius.

889 198 967 220 ,UAEX
979 198 1035 219 tw}

262 297 344 332 Petri
387 299 565 334 ministrare
601 300 748 343 student,
789 301 878 334 mitra
895 328 903 340 ,
943 312 1017 334 san—

233 387 240 391 ·
261 347 369 388 dalnis3
392 349 486 383 simili
507 349 600 384 modo
623 350 723 396 ipsius
742 349 902 384 Ecclesiae
925 361 1016 394 prae-

261 397 410 443 positum,
433 398 664 446 presbyterum,
683 399 863 442 diaconum,
879 398 1015 432 subdia-

260 457 375 481 conum
420 447 577 490 incedere,
619 447 842 495 praecipimus.
878 447 1013 487 Laudes,

259 506 337 541 quas
363 497 423 531 sul)
450 496 626 531 diademate
654 496 777 531 statutis
803 496 916 530 diebus
939 508 1014 543 pro-

258 544 394 581 clamare
435 546 574 580 solemus
590 573 599 590 ,
640 545 840 580 solummodo
883 545 913 579 iu
958 547 1012 579 ista

258 592 398 630 Ecclesia
426 595 567 630 adstante
593 595 675 629 duce
701 606 824 629 summa
852 594 1011 640 diligentia

258 642 419 678 Christum
434 643 612 679 collaudare
629 643 849 690 permittimus.
866 643 1011 678 Clu-isma

259 691 461 738 baptizandi,
499 693 768 727 consecrationem
809 693 1010 732 clericorum,

256 742 426 788 episeopus
437 741 496 777 loci
509 742 591 776 illius
603 741 718 776 invidia
735 741 850 776 diaboli
865 750 1010 785 attactus,
1033 743 1036 746 ’

256 790 415 837 obnegare
436 792 461 826 si
491 791 750 838 praesumpserit,
772 790 870 825 nostri
893 791 1009 826 decreti

257 839 374 875 iudicio
396 840 478 888 apud
506 839 679 887 quemlibet
712 840 896 887 episcopum
921 840 1009 874 inve-

256 888 333 930 niat,
359 897 390 924 ct
415 889 558 936 accipiat.
585 889 721 923 Nemine
744 897 847 924 autem
875 901 1010 936 praepe-

255 938 374 980 diente,
389 950 516 984 omnem
533 938 679 972 iniuriam
695 938 726 972 in
747 950 873 973 romana
889 939 1009 985 synodo

255 986 354 1023 libere
380 988 563 1035 proclamet.
586 987 710 1034 Scripta
738 987 867 1022 istarum
897 988 1009 1022 litera-

256 1049 326 1071 rum
353 1037 457 1083 sigillo
485 1037 650 1083 impresso,
680 1048 772 1082 supra
795 1037 1006 1071 venerandum

255 1097 371 1132 corpus
392 1086 475 1120 beati
497 1085 580 1119 Petri
597 1085 728 1131 apostoli
753 1086 926 1131 posuimus3
940 1098 1008 1120 ma-

256 1135 340 1169 xime
361 1146 396 1170 ea
417 1147 475 1181 pro
489 1146 595 1172 causa,
610 1141 644 1168 ut
659 1134 758 1180 siquis
771 1134 831 1169 Dei
847 1134 1007 1174 inimicus,

256 1183 541 1230 mandatorumque
556 1183 624 1218 eins
646 1190 855 1229 contemptor,
878 1183 938 1218 hoc
956 1183 1008 1218 di-

257 1231 374 1267 vellere
401 1232 547 1271 voluerit,
569 1232 646 1266 sciat
672 1244 706 1267 se
733 1232 771 1266 ab
798 1232 1005 1280 omnipotenti

255 1280 324 1316 Deo
345 1281 377 1315 in
401 1289 588 1329 perpetuum
612 1281 869 1322 condemnatum,
885 1294 1005 1316 aecum

255 1330 398 1365 coetibus
436 1338 616 1365 sanctorum
644 1330 686 1364 nil
721 1342 892 1365 commune
926 1330 1005 1370 sore;

254 1378 308 1414 sed
332 1390 405 1413 cum
427 1379 553 1413 diabolo
585 1379 816 1424 inextinguibili
843 1379 1006 1425 gehennae

254 1427 404 1462 incendio
442 1427 642 1462 aeternaliter
680 1429 885 1462 concremari.
928 1428 1004 1462 Data

256 1477 332 1512 liaec
366 1476 398 1511 in
432 1488 545 1511 manus
571 1476 656 1511 Petri
690 1477 861 1524 praepositi
896 1477 1003 1512 Sancti

253 1525 383 1571 Georgii
405 1525 437 1560 in
459 1525 574 1572 palatio
596 1525 812 1569 Lateranensi,
835 1526 894 1561 sul)
918 1526 1005 1560 Hen-

254 1575 319 1610 rico
341 1586 413 1621 rege
435 1575 498 1609 filio
519 1574 649 1609 Heuriei
671 1575 888 1621 gloriosissimi
903 1576 1006 1623 impe-

253 1623 384 1666 ratoris;
405 1636 452 1659 vn
479 1624 550 1659 idus
572 1624 643 1658 maii
671 1627 726 1669 (l).

570 1759 693 1794 XXXI.

256 1831 351 1865 Bulla
377 1838 483 1865 conti-a
508 1832 670 1865 siinom'am
700 1833 731 1865 in
768 1833 927 1866 Lucensem
951 1834 1009 1866 Ec-

303 1881 427 1914 clesiam
453 1881 601 1914 invectam
628 1882 659 1914 in
685 1882 897 1915 collationibus
925 1883 1008 1920 brne-

303 1930 443 1975 ficiornm
479 1931 529 1972 2).

527 1999 740 2030 St'MMAtttt‘M

255 2060 421 2090 Exordium.
451 2077 491 2082 —
521 2061 684 2090 Alexander
709 2061 733 2090 tl
752 2067 835 2092 antea
864 2063 1007 2093 Lucensis

295 2100 464 2138 episcopus.
491 2117 530 2122 —
558 2100 724 2130 Simoniaca
755 2101 835 2131 labes
863 2111 950 2140 prave
978 2104 1007 2132 in

295 2139 458 2169 Lucensem
475 2140 587 2169 clerum
607 2140 729 2170 invecta.
789 2158 828 2163 —
848 2141 1008 2172 Simoniaci

293 2203 334 2239 (Ι)
354 2203 526 2238 Privilegium
549 2204 598 2231 hoc
617 2213 666 2239 pro
682 2205 796 2232 Ecclesia
821 2207 846 2232 in
869 2207 1009 2241 Wisegrad

256 2243 290 2271 ab
302 2243 454 2271 Alexandro
466 2244 488 2270 11
501 2243 526 2270 in
543 2244 658 2271 Concilio
671 2245 788 2271 Romano
804 2245 906 2278 datum,
924 2246 1010 2281 quod-

256 2291 309 2319 que
319 2291 352 2310 ex
363 2284 473 2311 Cosmae
487 2284 624 2317 Pragensis
634 2284 783 2319 Synchroni
800 2286 915 2312 auctoris
926 2286 1009 2313 Chro-

257 2323 316 2350 nico
333 2323 520 2357 excripsimuS,
539 2324 616 2357 Pagio
635 2323 740 2350 Lenivri
759 2324 866 2351 videtur
885 2325 923 2351 vel
949 2326 1011 2352 red-

257 2362 386 2394 dititium,
404 2363 447 2388 vcl
462 2363 554 2389 saltem
580 2363 781 2398 interpolatum;
799 2372 860 2390 cum
875 2365 962 2400 stylus
977 2366 1010 2392 ab

257 2402 377 2429 omnium
392 2403 504 2428 aliorum
520 2402 590 2437 stylo
611 2410 721 2437 prorsus
736 2403 861 2430 diversus
871 2405 916 2436 sit,
935 2406 1010 2431 illud-

258 2449 311 2476 que
322 2449 374 2468 non
388 2449 484 2476 paucas
504 2441 670 2468 difficultates
686 2443 811 2476 patiatur.
832 2444 913 2471 Porro
933 2445 1010 2472 liuius

258 2480 366 2508 Concilii
381 2483 481 2508 mentio
501 2482 570 2508 nulla
587 2490 667 2516 penes
686 2486 818 2514 auctores,
836 2483 929 2510 Cosma
948 2485 1011 2511 Pra-

259 2520 332 2555 gensi
342 2524 464 2555 excepto,
476 2521 598 2547 liabetur.
631 2521 670 2555 (⁹2)
682 2521 719 2547 Ex
731 2521 872 2549 Tabulario
883 2523 1008 2550 Canonic.

260 2558 343 2587 edidit
360 2559 461 2594 Ughell.
479 2559 537 2587 ltal.
558 2560 617 2587 Sac.
639 2564 704 2587 tom.
727 2568 745 2587 t.

1041 199 1079 219 :lit
1109 198 1130 220 ll
1161 199 1207 221 l'l‘.

1707 191 1745 223 ,Ἡ

1098 260 1112 279 a
1132 250 1364 282 Chalcedonensi
1381 253 1505 283 concilio
1525 253 1662 283 damnati.
1681 254 1810 289 —Ouae

1099 289 1156 319 Deo
1188 292 1368 328 offeruntur,
1400 302 1480 323 sacra
1513 294 1594 323 [iuut.
1631 310 1671 316 —-
1702 294 1810 325 Eodem

1099 330 1184 359 modo
1213 332 1262 370 qui
1295 341 1411 361 sacrum
1441 333 1593 370 ordinem,
1620 342 1652 362 ac
1681 334 1731 372 qui
1758 344 1810 364 sa-

1097 378 1174 398 cram
1195 370 1345 400 Ecclesiae
1372 381 1432 401 rem
1453 372 1595 409 vendunt,
1625 372 1668 402 vel
1695 379 1808 404 emunt.

1095 425 1134 431 —
1152 409 1262 439 Divisio
1285 411 1452 441 reddituum
1481 412 1751 442 ecclesiasticorum
1780 414 1808 443 in

1096 453 1222 486 quatuor
1240 455 1337 487 partes
1357 451 1501 481 facienda.
1517 468 1556 474 —
1570 452 1702 482 Simonia
1721 453 1809 482 dam-

1095 493 1160 517 nata
1176 489 1205 518 iu
1226 489 1320 519 Veteri
1340 489 1539 521 Testamento.
1558 508 1598 514 —
1614 491 1774 522 Simoniaci
1791 502 1806 523 a

1095 532 1193 558 sancta
1221 528 1351 559 Ecclesia
1371 530 1455 568 longe
1476 531 1661 569 proiiciendi.
1689 548 1729 554 —
1750 533 1807 568 Qui

1094 567 1299 598 columbarum
1321 569 1507 605 venditorem
1528 587 1568 593 --
1584 569 1639 606 Qui
1663 580 1806 602 nummu-

1095 606 1157 636 larii
1177 607 1389 646 intelligantur.
1420 626 1459 631 —
1481 609 1652 648 Exemplum
1675 611 1807 642 Ananiae

1093 651 1119 675 et
1140 647 1291 685 Sapliirae.
1316 665 1356 670 —
1379 648 1483 678 Contra
1502 658 1566 685 eos,
1589 650 1638 688 qni
1659 651 1687 679 in
1707 660 1807 686 suum,

1093 686 1135 715 vel
1154 688 1444 725 consanguineorum
1463 698 1549 717 usum
1570 694 1686 719 vertunt
1704 690 1807 720 Eccle-

1092 726 1152 755 siae
1172 735 1228 756 res.
1246 744 1286 749 --
1313 727 1444 757 Simouia
1464 728 1595 757 omnium
1616 735 1803 768 peccatorum

1091 766 1182 803 origo.
1211 783 1250 789 —-
1286 766 1455 803 Decretum,
1481 777 1517 797 ue
1546 767 1614 806 quis
1646 769 1806 808 episcopus

1091 805 1183 842 pretio
1200 806 1331 836 conserat
1349 806 1510 844 heneficia3
1524 823 1563 829 —
1575 806 1631 837 Sed
1651 808 1741 845 gratis
1757 818 1806 838 or·

1090 844 1179 875 dinet.
1204 862 1244 868 —-
1271 845 1304 875 Et
1324 855 1380 875 non
1400 846 1535 881 ditiores,
1554 847 1604 876 sed
1625 847 1805 885 probatiores

1091 884 1224 914 moribus
1244 886 1334 923 eligat
1348 886 1384 915 ad
1398 886 1626 916 ministrandum
1644 886 1805 918 Ecclesiae.

1088 939 1128 944 —
1143 923 1199 954 Sed
1219 926 1309 962 gratis
1329 925 1468 962 dandum,
1484 926 1635 965 gratisque
1653 927 1803 966 accipien-

1089 962 1169 992 dum.
1191 981 1232 986 —-
1256 964 1332 994 Nihil
1363 965 1492 994 dandum
1516 965 1656 1002 fabricae,
1674 971 1725 996 aut
1752 966 1801 996 do·

1088 1003 1180 1032 nariis
1210 1004 1420 1041 Ecclesiarum,
1442 1013 1496 1034 nec
1519 1005 1596 1044 quod
1620 1006 1802 1045 pauperibus

1089 1042 1127 1071 sit
1159 1043 1359 1079 tribuendum,
1378 1053 1430 1082 pro
1458 1045 1628 1084 acceptione
1655 1045 1792 1075 beneficii

1086 1097 1127 1103 —-
1144 1082 1270 1113 privatio
1301 1083 1437 1114 beneficii
1456 1088 1484 1113 et
1503 1085 1621 1122 gradus,
1646 1101 1687 1107 —
1707 1085 1802 1124 Atque

1089 1122 1242 1151 anatliema
1271 1128 1369 1152 contra
1399 1123 1633 1154 inobservanteS.
1655 1141 1694 1147 —
1721 1124 1802 1155 Sub-

1088 1161 1208 1200 scriptio
1227 1162 1383 1192 Alexandri
1404 1162 1456 1192 1³1³.

1049 1220 1179 1251 Alexander
1195 1223 1316 1263 episcopus
1329 1233 1408 1254 servus
1428 1233 1544 1254 serieruiu
1566 1224 1618 1262 Dei,
1634 1225 1744 1255 Lucensis
1758 1225 1800 1255 Ec-

1087 1266 1171 1295 clesiae
1189 1267 1251 1296 clero
1267 1272 1289 1296 et
1307 1268 1407 1306 populo,
1431 1269 1453 1297 iu
1476 1272 1622 1308 perpetuum.

1095 1328 1176 1363 Cum
1199 1329 1301 1363 divina
1325 1329 1525 1365 Providentia
1546 1330 1667 1365 idcirco
1689 1343 1747 1366 nos
1769 1332 1800 1366 in

1046 1375 1130 1411 Sede
1155 1378 1337 1424 Apostolica
1376 1379 1567 1414 constituere
1602 1379 1744 1423 voluerit,
1769 1389 1802 1415 ut.

1047 1426 1187 1460 omnium
1226 1426 1437 1462 Ecclesiarum
1473 1427 1651 1474 generalem
1689 1441 1799 1463 curam

1046 1484 1155 1519 gerere
1187 1475 1377 1516 debeamus;
1414 1484 1478 1511 tum
1514 1477 1649 1512 maxime
1671 1477 1713 1511 illi
1736 1478 1801 1512 Ec-

1046 1523 1160 1558 clesiae
1192 1524 1333 1559 studium
1361 1533 1485 1560 nostrae
1517 1526 1694 1561 devotionis
1720 1528 1800 1561 soli-

1047 1572 1144 1607 citum
1178 1582 1226 1608 est
1258 1574 1486 1619 exhibendum,
1514 1575 1545 1610 in
1568 1587 1628 1622 qua
1646 1584 1719 1611 ante
1740 1589 1803 1611 su-

1047 1630 1190 1668 sceptum
1218 1624 1404 1658 universalis
1438 1624 1598 1670 regiminis
1624 1637 1718 1671 opus,
1747 1637 1802 1661 ec-

1047 1670 1214 1706 clesiastici
1247 1672 1339 1707 officii
1369 1674 1553 1708 necessitate
1576 1673 1800 1714 laboravimus,

1048 1728 1078 1753 et
1089 1720 1139 1754 cui
1153 1721 1269 1766 privata
1283 1721 1519 1767 quodammodo
1530 1722 1699 1758 dilectione
1713 1724 1802 1770 prius

1048 1768 1206 1804 deservire
1228 1771 1417 1805 studuimus.
1441 1771 1533 1806 Circa
1554 1771 1730 1807 Lucensem
1751 1773 1802 1807 ita-

1049 1830 1110 1864 que
1137 1818 1312 1854 Ecclesiam
1348 1828 1434 1855 tanto
1472 1820 1640 1866 specialius
1677 1830 1803 1856 nostrae

1049 1867 1225 1902 devotionis
1262 1868 1400 1903 studium
1438 1870 1655 1904 desideramus
1682 1870 1802 1917 impen-

1049 1915 1135 1960 dere,
1168 1924 1285 1963 quanto
1317 1925 1347 1952 et
1376 1918 1419 1952 illi
1449 1919 1564 1965 privata
1591 1919 1659 1953 eius
1685 1929 1715 1954 et
1741 1932 1802 1966 pu-

1051 1964 1129 1999 blica
1143 1968 1285 2000 omnium
1302 1978 1376 2001 eura
1391 1967 1611 2014 compellimur
1626 1968 1801 2014 providere.

1049 2013 1082 2047 lu
1105 2026 1139 2048 ea
1163 2015 1353 2061 igiturquod
1378 2015 1484 2050 multis
1507 2017 1702 2063 temporibus
1720 2018 1802 2052 male

1051 2063 1244 2109 pullulasse,
1279 2072 1308 2098 ct
1343 2065 1373 2098 in
1402 2065 1498 2099 robur
1524 2066 1587 2099 iam·
1613 2065 1801 2100 inveteratae

1051 2112 1186 2146 malitiae
1224 2113 1438 2159 comperimus
1478 2114 1665 2154 excrev1sse,
1704 2114 1800 2148 divini

1051 2161 1139 2194 verbi
1162 2161 1269 2207 gladio
1295 2162 1469 2201 succidere,
1492 2171 1523 2197 et
1551 2163 1677 2209 penitus
1703 2164 1802 2198 extir-

1051 2221 1124 2256 pare
1146 2219 1304 2256 optamuS,
1321 2219 1351 2245 ut
1367 2211 1436 2245 Deo
1451 2208 1573 2246 volente
1591 2213 1690 2246 erutis
1703 2212 1803 2258 spinis

1051 2258 1194 2292 vitiorum
1224 2260 1253 2293 in
1283 2259 1414 2294 fertilem
1442 2260 1643 2306 postmodum
1667 2273 1802 2295 messem

1051 2319 1157 2341 semen
1198 2307 1261 2342 illic
1298 2316 1399 2342 satum
1437 2309 1537 2343 valeat
1562 2309 1732 2344 abundare.
1754 2310 1802 2345 Ex

1051 2356 1156 2390 multis
1179 2357 1374 2403 temporibus
1396 2357 1456 2391 hoc
1478 2358 1662 2393 detestabile
1683 2359 1800 2393 malum

1052 2405 1130 2439 iutra
1159 2405 1257 2451 ipsam
1282 2405 1454 2440 Ecclesiam
1484 2407 1652 2442 inolevisse
1684 2420 1804 2453 coguo-

1053 2453 1164 2491 vimus,
1189 2462 1220 2488 ut
1244 2454 1319 2488 nulli
1344 2467 1481 2502 unquam
1509 2456 1634 2494 elerico,
1657 2457 1804 2503 quarm-is
1833 2463 1855 2483 b-

1053 2552 1204 2598 praedito,
1226 2551 1475 2587 ecclesiasticum
1508 2553 1698 2589 beneficium
1724 2565 1802 2589 cou-

1832 218 1884 244 Λη.
1897 217 1927 244 C.
1947 216 2014 244 1073

1858 1358 1979 1381 Exordium.

1858 1558 1911 1578 ‚tl-'ii¹
1923 1558 1975 1579 niet·
1998 1559 2015 1580 11

1831 1587 1895 1614 antea
1915 1585 2016 1606 Lucensis

1833 1617 1851 1637 et
1860 1618 1867 1632 1
1880 1616 1952 1637 copus

1849 2436 1928 2457 Simoni
1939 2444 1970 2455 :va
1982 2438 2011 2457 !.-

1856 2472 1859 2477 ·
1895 2469 1958 2488 prave
1983 2470 2003 2484 ιη

1051 2503 1209 2548 rellglOSO'
1243 2515 1386 2549 <luamus
1420 2504 1550 2539 scientia
1590 2513 1621 2539 ct
1664 2506 1804 2539 tuo'rilius
1827 2489 1871 2536 iaie.
1887 2491 2011 2538 3‘3‡13}1³Y¹²'‘
