2180 3205
0 0 28 120 l

2 155 16 229 i

10 236 100 281 ,(Λη.
119 239 148 266 C.
165 238 231 266 1¹75

245 291 340 327 nibus
365 292 433 327 suis
465 291 504 326 ad
537 290 774 327 conversionem
804 303 910 326 earnm
941 304 995 325 re-

244 341 378 385 nientcs,
407 342 476 376 sine
507 340 682 376 cuiuslibet
709 341 851 387 episcopi
882 341 927 374 vel
955 340 997 374 al-

245 391 343 426 terins
381 403 533 438 personae
568 389 800 425 ecclesiastieae
837 389 996 423 contradi-

245 441 349 474 ctione
372 441 530 484 recipere,
557 447 587 474 et
609 439 677 474 sinc
695 439 829 473 alicuius
853 438 993 472 molestia

42 492 232 544 4⁰⁰¹·m⁸!‘¹¹¹¹¹‚⁵⁰·
247 491 390 524 retinere.
430 488 494 523 Fas
532 489 624 523 etiam
662 488 701 522 sit
736 487 776 522 de
813 488 995 521 anctoritate

32 530 159 583 *xsmf'
170 530 231 550 ‘⁸¹⁴¹‘
246 547 350 573 nostra
394 537 542 573 fratribus
593 550 648 584 per
689 537 786 571 cellas
827 536 994 583 praetaxati

246 587 440 631 monasterii,
468 587 498 621 in
527 586 717 623 civitatibus,
756 585 801 619 rel
824 585 892 620 aliis
919 585 996 620 locis

245 637 436 676 constitutis,
459 636 727 683 quandocumque
748 634 787 669 ad
810 636 912 668 ollicia
945 635 996 668 ‹li-

247 687 315 721 vina
332 685 488 720 voluerint
510 685 586 728 (nisi
605 693 716 729 terrae,
740 685 769 718 in
792 696 852 731 qna
869 684 995 721 suerint,

246 735 447 771 interdictum
467 735 595 778 stiterit)
619 734 708 780 signa
725 734 858 780 pulsare.
882 732 996 767 Nullus

245 795 350 821 autem
378 784 635 830 archiepiscopus
671 783 717 818 vel
744 783 913 830 episeopus
949 794 997 828 po-

247 835 354 882 pulum
369 833 510 877 Domini,
526 833 753 880 praescriptum
772 832 995 866 monasterium

247 884 293 919 vel
332 884 402 918 eius
435 882 529 917 cellas
568 882 689 928 ingredi
730 881 766 916 ad
803 881 995 916 audiendum

248 933 377 968 verbum
401 932 557 975 divinum,
592 932 650 966 nisi
679 943 735 978 pro
762 931 921 965 cotntnnni
950 938 998 963 to-

43 1019 57 1027 „
249 983 310 1017 tius
348 981 483 1016 civitatis
518 982 562 1015 vel
605 980 770 1026 parochiae
812 980 997 1019 interdicto,

32 1031 236 1086 Δῂξξξζᾞζζέῑᾱξζ
251 1031 417 1080 prohibere
457 1038 646 1077 praesumat.
683 1029 886 1076 Sepultnram
923 1040 998 1063 sane

36 1082 42 1086 ⁴
251 1090 312 1116 tam
341 1080 442 1128 ipsius
468 1079 650 1114 monasterii
672 1091 766 1126 qnam
790 1079 931 1112 onmium
953 1090 997 1112 ee-

251 1130 417 1166 clesiarum
450 1137 481 1163 et
514 1129 663 1164 cellarum
698 1140 826 1162 suarum
867 1127 998 1162 liberam

247 1191 318 1215 esse
345 1191 529 1217 censemus,
567 1186 601 1212 ut
634 1190 743 1212 eorum
784 1176 941 1211 devotioni
969 1184 999 1210 et

249 1237 407 1264 extremae
440 1228 613 1269 voluntati,
640 1228 692 1274 qui
728 1238 761 1261 se
788 1226 853 1260 illic
874 1225 998 1272 sepeliri

249 1278 510 1318 deliberaverint,
551 1277 608 1311 nisi
649 1276 914 1311 exeommunicati
951 1274 998 1308 vel

250 1327 406 1363 interdicti
446 1327 531 1366 sint,
567 1325 674 1361 nullus
709 1325 858 1365 obsistat,
898 1335 1000 1370 neque

249 1376 343 1412 alicui
377 1376 616 1423 archiepiscopo
643 1375 690 1410 vel
713 1375 861 1422 episcopo
895 1373 999 1413 liceat,

250 1425 424 1474 quemlibet
456 1425 485 1460 in
522 1424 713 1460 monasterio
747 1424 814 1471 ipso
840 1423 886 1457 vel
913 1422 1001 1456 cellis

250 1476 318 1511 eius
353 1474 480 1522 sepeliri
519 1474 745 1509 deliberantem
782 1471 1002 1508 excommuni—

250 1536 322 1559 care
344 1524 390 1559 vel
407 1523 606 1565 interdicere,
621 1531 681 1558 aut
701 1522 928 1557 Paenitentiam
945 1533 1000 1555 seu

250 1573 407 1609 Viatieum
435 1573 603 1619 denegare,
641 1572 700 1607 nisi
729 1572 769 1607 ob
804 1570 1000 1606 manifestam

252 1623 416 1658 rationem.
443 1622 478 1657 Si
501 1634 576 1658 vero
597 1622 694 1657 abbas
720 1622 759 1656 de
786 1620 891 1667 aliquo
909 1619 1000 1654 suerit

251 1680 418 1708 accusatus
443 1671 492 1707 vel
523 1672 706 1719 impetitus,
740 1683 812 1705 cum
843 1681 1001 1704 consensu

253 1729 308 1756 tuo
329 1730 360 1757 et
390 1722 561 1757 haeredum
588 1729 714 1755 tuorum
738 1733 754 1755 a
781 1720 926 1766 personis
947 1731 1003 1753 ec-

252 1771 436 1806 clesiasticis
466 1779 498 1806 et
529 1771 672 1805 discretis
706 1782 743 1804 ac
778 1769 900 1803 idoneis
934 1768 1002 1802 eius

35 1866 38 1867 ⁷
254 1820 356 1868 regni,
383 1832 477 1856 causa
508 1821 577 1855 eius
607 1826 767 1859 tractetur,
803 1818 1002 1861 discutiatur,

44 1873 285 1912 ΙῖυὶὶηθῦῑθδῑῆἛι
321 1870 517 1905 terminetur.
554 1869 717 1904 Praeterea
749 1867 920 1914 apostolica
953 1879 1002 1900 au-

45 1911 242 1960 ''⁶2¹0'ffi‘ss'2ss'j
254 1919 397 1954 ctoritate
429 1919 610 1960 sancimus,
645 1927 679 1953 ut
711 1917 818 1952 nullus
843 1916 1004 1962 archiepi-

40 1967 243 2022 ‘22223322‘22
255 1980 370 2016 scopus
397 1969 443 2003 vel
478 1968 660 2016 episcopus,
698 1975 751 2001 aut
784 1966 844 2001 alia
872 1977 1003 2012 persona

53 2014 157 2059 scelestis
183 2031 243 2067 ⁰³¹¹.⁵.·
256 2017 333 2052 inl'ra
354 2018 526 2053 claustrum
545 2016 727 2052 monasterii
747 2016 814 2050 sine
835 2015 960 2049 licentia
975 2022 1003 2049 et

51 2060 242 2094 =³²'¹¹'¹²⁰''³²⁵¹“¹¹'
257 2067 415 2103 voluntate
446 2068 569 2103 abbatis
599 2066 648 2101 vel
682 2072 856 2101 conventus
890 2065 1004 2098 intrare

46 2116 85 2158 θ’
255 2116 380 2163 audeat,
400 2126 454 2152 aut
476 2117 506 2151 in
529 2116 641 2152 eodem
674 2114 866 2150 monasterio
889 2113 934 2147 vel
956 2125 1006 2148 ec-

255 2166 361 2201 clesiis
386 2167 453 2201 suis
473 2166 540 2201 sine
562 2166 661 2213 ipsius
680 2165 801 2200 abbatis
822 2172 852 2198 et
872 2175 1003 2198 conven-

257 2223 308 2250 tus
340 2223 371 2250 et
397 2216 608 2263 praelatorum
635 2214 818 2249 earumdem
853 2213 1004 2248 ecclesia-

257 2277 327 2300 rum
350 2264 474 2300 lieentia
496 2265 600 2300 divina
626 2264 727 2299 officia
752 2262 919 2298 celebrare.
954 2261 1006 2295 Ni-

258 2313 432 2349 hilominus
457 2315 550 2350 etiam
572 2314 677 2349 abbati
704 2313 871 2360 praetaxati
900 2323 1005 2346 mona-

258 2363 344 2398 sterii
367 2363 580 2410 indulgemus,
606 2371 641 2398 ut
674 2362 766 2398 liceat
798 2362 825 2397 ei
853 2368 1004 2396 monaste-

259 2412 339 2447 rium
361 2420 394 2447 et
425 2413 574 2448 ecclesias
591 2425 664 2448 suas
686 2412 836 2447 canonice
848 2411 1004 2446 ordinare.

257 2461 391 2509 Insuper
416 2470 520 2498 autem
542 2462 589 2497 fas
607 2463 646 2497 sit
667 2462 769 2497 eidem
793 2460 907 2504 abbati,
934 2472 1005 2494 om-

259 2560 381 2596 ordinis
419 2561 466 2596 vel
488 2573 583 2596 sexus
603 2560 643 2595 ad
668 2560 899 2596 confessionem
919 2571 1006 2594 rect—

261 2622 354 2659 pere,
389 2619 419 2645 et
455 2610 494 2646 de
531 2610 784 2658 quibuscumque
819 2609 1006 2644 criminibus

282 2707 287 2713 .
339 2668 413 2698 Rull.
433 2667 511 2700 Rom.
534 2667 588 2697 Vol.
606 2667 643 2698 ΙΙ.
851 2668 889 2699 98

850 237 929 260 ΛῙΈΧ
936 236 1042 260 mur-,tt
1066 236 1103 258 111
1127 235 1175 258 l'l’.

259 2523 317 2546 nes
341 2511 472 2547 clericos
498 2520 529 2546 et
553 2512 648 2546 laicos
679 2523 754 2547 snos
776 2511 1005 2556 cuiuscumque
1033 2543 1037 2546 .

1673 220 1740 253 777

1037 299 1066 325 et
1089 290 1191 324 causis
1213 289 1249 323 ad
1273 287 1520 324 ecclesiasticum
1549 284 1701 320 iudicium
1726 296 1791 331 per-

1039 340 1213 374 tinentibus
1240 339 1385 372 iudicare.
1423 336 1573 371 Liberum
1602 346 1730 382 quoque
1751 334 1792 368 sit

1039 389 1196 435 praedicto
1219 387 1321 422 abbati
1345 395 1376 421 et
1403 385 1550 421 fratribus
1576 385 1654 423 suis,
1679 384 1708 417 in
1723 383 1792 430 qui-

1039 438 1236 484 buscumque
1269 437 1344 471 loeis
1381 436 1624 470 tenimentorum
1659 444 1789 467 suorum

1038 487 1075 520 atl
1100 499 1190 521 usum
1221 498 1312 520 suun]
1341 493 1370 519 et
1402 484 1568 518 hominnm
1596 482 1791 517 tenimento-

1040 548 1107 570 rum
1137 536 1296 582 ipsorum,
1332 534 1464 569 oratoria
1497 540 1690 567 construere.
1724 531 1790 565 De-

1038 585 1196 620 cernimus
1214 596 1300 630 ergo,
1323 591 1355 617 nt
1377 583 1453 617 nulli
1473 581 1603 617 omnino
1625 579 1788 616 hominum
1804 583 1930 635 d⁰r5¹10¹2¹n=
1955 585 1991 624 ἰή-

1040 635 1145 678 liceat,
1168 634 1250 668 idem
1273 632 1497 667 monasterium
1524 638 1641 665 temere
1664 637 1790 677 pertur—
1804 619 1993 672 ,51::::.¹⁷‘.:„>,1.„,;:

1039 684 1124 726 bare,
1157 690 1210 717 aut
1245 683 1273 716 ei
1295 682 1462 727 dignitates
1489 688 1519 715 et
1550 679 1709 714 libertates
1730 678 1789 713 sibi
1804 677 1874 702 ¹⁰⁸¹³⁴¹⁷
1891 678 1908 696 ’ᾗ
1925 680 1967 697 ⁰¹⁸·

1039 732 1173 766 indultas
1189 731 1385 772 subtrahere,
1413 731 1459 765 vel
1475 730 1632 772 minuere,
1654 728 1700 763 vel
1724 729 1791 763 eius

1040 781 1256 828 possessiones
1270 780 1402 821 auferre,
1426 780 1580 823 minuere,
1604 785 1657 812 aut
1672 777 1791 812 ablatas

1039 831 1186 869 retinere,
1213 842 1269 864 seu
1293 829 1450 876 aliquibus
1474 827 1626 863 molestiis
1653 826 1791 873 fatigare3

1039 880 1092 915 sed
1110 879 1213 914 omnia
1236 879 1349 913 illibata
1367 886 1397 913 et
1418 879 1538 924 integra
1553 883 1791 916 conserventur,

1039 942 1166 970 eornm,
1207 941 1262 975 pro
1302 940 1437 975 quorum
1476 926 1704 974 gubernatione
1739 932 1792 959 aut

1039 979 1286 1014 substentatione
1299 989 1448 1012 concessa
1460 984 1544 1015 sunt,
1560 975 1669 1010 usibus
1687 974 1792 1009 omni-

1041 1028 1142 1062 modis
1164 1027 1336 1074 profutura.
1359 1026 1394 1061 In
1420 1025 1580 1073 praedicto
1602 1031 1707 1059 autem
1729 1035 1793 1057 mo·
1819 1030 1990 1051 ‘lusus-numus

1040 1078 1175 1113 nasterio
1192 1077 1284 1111 nobis
1305 1088 1342 1111 ac
1362 1075 1456 1110 Rom.
1474 1074 1634 1109 Ecclesiae
1657 1062 1992 1113 reserva-Ffffir'ffs‘hssffifssssff

1042 1139 1127 1167 muS,
1151 1136 1183 1161 ut
1199 1125 1296 1160 abbas
1317 1133 1347 1160 et
1362 1125 1472 1159 fratres
1494 1123 1594 1171 ipsius
1609 1122 1790 1157 monasterii
1805 1123 1922 1174 ¹¹⁰¹³¹2³¹³⁴¹³=2
1939 1128 1992 1149 {¹0¹²-

1041 1189 1170 1213 censutn
1192 1183 1317 1210 centum
1344 1183 1526 1209 tarenorum
1547 1171 1673 1206 Siciliae
1701 1171 1792 1206 nobis
1806 1160 1928 1175 ³⁰w¹'¹¹''

1042 1226 1220 1272 nostrisque
1245 1223 1482 1259 successoribus
1497 1221 1657 1257 annuatim
1677 1220 1793 1267 persol-

1041 1284 1123 1310 vant.
1139 1274 1171 1309 Si
1187 1286 1246 1320 qua
1265 1274 1360 1320 igitur
1374 1273 1405 1306 in
1425 1271 1564 1306 futurum
1581 1269 1791 1305 ecclesiastica

1041 1324 1247 1360 saecularisve
1274 1334 1425 1370 persona,
1444 1321 1526 1355 hanc
1540 1327 1663 1354 nostrae
1675 1319 1794 1354 consti-

1043 1374 1172 1409 tutionis
1188 1373 1332 1419 paginam
1348 1372 1464 1411 sciens,
1477 1377 1582 1405 contra
1595 1381 1663 1404 eam
1677 1376 1794 1403 temere

1043 1424 1147 1458 venire
1187 1420 1449 1468 praesumpserit,
1486 1418 1627 1454 secundo
1666 1417 1794 1452 tertiove

1042 1472 1258 1512 commonita,
1297 1470 1354 1504 nisi
1389 1468 1677 1516 praesumptionem
1705 1478 1793 1501 suam

1043 1534 1179 1568 congrua
1221 1519 1432 1555 satisfactione
1468 1517 1659 1561 correxerit,
1700 1523 1796 1562 pote-

1043 1572 1130 1606 statis
1167 1569 1359 1616 honorisque
1398 1568 1447 1603 sui
1481 1567 1633 1613 dignitate
1675 1573 1796 1605 careat,

1044 1632 1192 1667 reamque
1224 1631 1257 1653 se
1296 1618 1402 1653 divino
1441 1617 1557 1652 iudicio
1591 1615 1723 1650 existere
1757 1613 1796 1648 de

1044 1676 1218 1717 perpetrata
1242 1668 1407 1714 iniquitate
1429 1674 1617 1713 cognoscat,
1642 1671 1673 1699 et
1704 1676 1720 1698 a
1745 1675 1796 1698 sa-

1044 1719 1219 1754 cratissimo
1252 1717 1393 1764 Corpore
1419 1724 1450 1751 et
1484 1714 1646 1760 Sanguine
1680 1713 1736 1747 Dei
1766 1720 1797 1747 et

1044 1768 1171 1803 Domini
1208 1767 1304 1802 nostri
1342 1767 1411 1801 lesu
1440 1765 1559 1800 Christi
1598 1763 1698 1798 aliena
1732 1761 1797 1802 siat,

1044 1826 1136 1864 atque
1152 1817 1184 1851 in
1196 1825 1336 1851 extremo
1351 1815 1494 1850 examine
1509 1813 1668 1848 districtae
1684 1811 1796 1845 ultioni

1045 1867 1221 1903 subiaceat:
1249 1865 1371 1900 cunctis
1392 1872 1495 1899 autem
1526 1863 1628 1898 eidem
1651 1861 1720 1895 loco
1741 1872 1797 1894 sna

1809 229 1858 255 An.
1876 226 1905 253 C.
1922 223 1988 252 1175

1827 1275 1905 1296 Suntne
1921 1282 1972 1296 con-

1839 1307 1957 1328 clusioncs.

1045 1917 1112 1951 iura
1144 1915 1344 1950 servantibus
1375 1914 1415 1949 sit
1447 1925 1506 1960 pax
1537 1911 1664 1947 Domini
1700 1909 1796 1943 nostri

1044 1965 1116 2000 Iesu
1148 1964 1287 2003 Christi,
1322 1971 1479 2010 quatenus
1511 1969 1542 1996 et
1571 1961 1624 1995 hic
1659 1959 1796 1993 fructum

1045 2015 1146 2050 bonae
1173 2014 1306 2048 actionis
1341 2012 1531 2060 percipiant,
1568 2018 1599 2045 et
1631 2009 1663 2043 in
1694 2007 1798 2042 futuro

1047 2067 1183 2115 praemia
1205 2075 1350 2102 aeternae
1372 2066 1457 2113 pacis
1480 2063 1654 2099 inveniant.
1678 2062 1798 2101 Amen,

1046 2133 1150 2163 amen,
1179 2132 1281 2155 amen.

1094 2174 1167 2209 Eeo
1197 2174 1399 2208 Acssxnmzn
1420 2171 1503 2206 cath.
1518 2169 1604 2205 Eecl.
1627 2168 1725 2217 episc.
1756 2179 1798 2201 ss.
1827 2179 1997 2202 Aremorica.

1679 2337 1720 2367 -Ι

1146 2437 1181 2465 3¹
1289 2439 1291 2443 ⁴
1313 2418 1447 2463 —13
1455 2435 1484 2448 ³*
1677 2426 1717 2459 -l

1145 2458 1303 2524 ,ἷζΑᾸῖΧ
1322 2456 1474 2551 and-cys?

1173 2517 1299 2565 <eff
1323 2521 1395 2571 Ulf
