2180 3205
165 255 215 284 An.
232 255 260 283 C.
284 256 353 284 1099

194 1353 346 1374 Schismatico-

160 1384 205 1400 rum
221 1382 242 1402 ot
256 1380 347 1401 haereti-

161 1411 233 1427 corum
277 1412 346 1427 sacra·

160 1435 231 1453 menta
260 1433 347 1453 sormam

159 1458 247 1481 habere.
257 1459 295 1479 setl
305 1465 348 1480 uon

160 1486 243 1506 virtutis
250 1485 348 1507 effectum

161 1511 263 1533 declarat.

187 1987 295 2014 Baptisma
320 1988 346 2009 ab

159 2013 289 2038 haereticis,
314 2015 347 2036 vel

161 2040 225 2069 etiam
253 2046 266 2061 a
293 2041 347 2061 schi-

160 2067 256 2088 smaticis
289 2073 346 2088 more

176 2093 323 2114 ecclesiastico

159 2118 232 2140 datum
251 2135 255 2143 ‚
278 2122 346 2140 ratum

160 2150 207 2166 osse
223 2145 324 2167 declarat.

428 239 499 272 206

376 305 454 338 stice
468 303 498 338 iu
514 302 622 338 eadem
640 299 770 347 epistola
788 298 993 342 obiiciuntur,
1010 298 1090 333 idest
1104 297 1127 332 si

377 352 502 399 Corpus
515 360 545 386 et
560 351 697 396 Sanguis
712 349 829 384 Christi
843 361 905 383 non
922 355 1008 391 sunt,
1027 347 1127 382 etalia

375 413 456 448 quae
484 400 713 447 praediximus,
744 398 886 445 proprias
912 409 975 431 non
1010 396 1127 430 habent

375 450 497 483 virtutis
518 449 699 494 dignitates,
721 447 794 494 quid
815 445 982 493 agentibus
998 446 1126 485 obsuut;

375 499 458 544 quod
483 498 507 531 si
536 497 665 536 habeut,
698 508 754 531 cur
775 504 988 542 spernuntur,
1023 494 1124 529 sicubi

374 548 412 581 ab
435 546 568 591 indiguo
591 547 859 593 praesumuntur?
881 544 930 578 Ad
958 544 1045 584 haec,
1077 544 1126 578 in-

373 608 479 642 quam,
507 596 545 629 ita
569 595 810 641 respondemus,
839 593 981 641 proprias
996 592 1124 640 quidem

373 644 489 678 habeut
524 644 647 678 virtutis
686 644 872 689 dignitates,
908 650 940 676 ut
969 642 1126 689 praefatus

372 693 573 739 Augustinus
607 693 649 727 ait
683 704 779 739 super
813 692 984 726 Iohannem
1017 698 1124 726 contra

373 742 572 781 Donatistas,
595 742 649 776 sed
678 741 846 788 agentibus
872 741 919 775 vel
946 740 1125 787 suscipien-

373 791 457 825 tibus
478 790 588 825 eadem
622 798 814 825 sacramenta
837 798 943 824 eontra
968 789 1123 836 praefato-

371 853 439 875 rum
471 840 659 874 Pontificum
682 840 835 879 instituta,
863 839 920 872 uisi
947 838 1023 872 torte
1059 838 1123 872 sola

372 898 472 923 morte
506 889 867 934 interveniente,utpote
890 899 928 921 ne
950 887 1017 922 sine
1045 886 1123 933 bap-

372 939 496 972 tismate
543 937 590 972 vel
639 937 863 972 communione
900 936 1033 983 quilibet
1064 936 1123 970 hu-

372 987 474 1021 manis
491 986 583 1020 rebus
605 986 747 1025 excedat,
770 986 828 1029 eis,
851 985 991 1032 inquam,
1015 985 1045 1019 in
1061 993 1123 1018 tan-

371 1043 436 1070 tum
460 1035 596 1078 obsunt,
620 1043 652 1069 ut
675 1035 737 1069 reri
760 1035 911 1069 idolatrae
938 1034 1018 1074 sint,
1050 1045 1121 1067 eum

371 1084 485 1119 talibus
498 1093 527 1118 et
547 1083 780 1118 ordinationum
804 1091 835 1117 et
853 1091 1120 1117 sacramentorum

370 1133 539 1174 confectio,
561 1140 592 1166 ct
613 1133 702 1167 aliter
724 1144 818 1179 quam
840 1132 1045 1179 praemissum
1064 1139 1122 1171 est,

370 1183 506 1216 scienter
539 1182 699 1227 susceptio
733 1182 937 1216 vehementer
962 1193 978 1215 a
1005 1181 1122 1215 sanctis

335 1242 343 1244 ‘
371 1231 547 1265 canonibus
577 1226 798 1278 prohibeatur3
833 1231 876 1265 ait
902 1242 1038 1277 namque
1064 1229 1123 1263 Sa-

371 1280 456 1313 muel
485 1281 653 1327 propheta:
682 1279 838 1321 Quoniam
868 1278 1124 1326 peccatumario-

373 1329 457 1362 laudi
485 1337 532 1363 est
555 1341 748 1376 repugnare,
775 1336 806 1363 et
826 1329 915 1375 quasi
935 1327 1037 1362 scelus
1060 1327 1123 1361 ido-

374 1378 480 1411 latriae
503 1378 585 1412 uolle
601 1378 800 1424 acquiescere
815 1381 869 1421 (1).
885 1377 970 1411 Haec
984 1378 1021 1411 de
1033 1377 1122 1411 malis

371 1426 548 1466 catholicis,
571 1428 623 1473 qui
648 1428 727 1460 intra
747 1427 922 1461 Ecclesiam
946 1434 1036 1466 suut3
1057 1437 1122 1460 cae-

372 1484 511 1510 terorum
542 1476 813 1510 schismaticorum
837 1483 866 1510 et
892 1475 1120 1509 haereticorum

370 1532 588 1569 sacramenta,
631 1525 778 1571 quoniam
828 1533 912 1559 extra
947 1524 1120 1558 Ecclesiam

370 1581 456 1617 suut,
481 1574 563 1607 iuxta
580 1581 758 1608 sanctorum
782 1573 910 1608 Patrum
926 1572 1120 1613 traditiones,

370 1623 450 1656 sicut
477 1622 609 1668 Pelagii,
631 1621 793 1667 Gregorii,
815 1622 977 1670 Cypriani,
1005 1621 1120 1668 Augu-

369 1671 454 1711 stini,
478 1671 680 1718 Hieronymi,
704 1671 834 1706 sormam
858 1671 984 1718 quidem
1016 1682 1121 1705 sacra—

370 1727 561 1760 mentorum,
597 1732 658 1754 non
686 1729 791 1755 autem
826 1720 949 1754 virtutis
975 1720 1118 1755 effectum

370 1768 488 1803 habere
511 1768 706 1815 profitemur,
735 1769 792 1803 uisi
817 1781 889 1803 eum
913 1769 972 1815 ipsi
1001 1769 1047 1803 vel
1066 1781 1121 1803 eo-

371 1830 440 1851 rum
464 1826 668 1852 sacramentis
703 1826 827 1862 initiati,
850 1830 905 1864 per
932 1829 1044 1852 manus
1065 1830 1121 1852 im-

371 1867 560 1912 positionem
595 1866 632 1900 ad
664 1867 850 1901 catholicam
878 1866 1027 1901 redierint
1050 1867 1122 1901 uni-

372 1922 477 1948 tatem.

418 1964 438 2010 g
461 1967 493 1997 8.
516 1963 692 1998 Sciendum
715 1976 787 1998 vero
822 1972 885 2008 est,
911 1963 996 2010 quod
1023 1975 1120 1999 cano-

372 2024 428 2046 nes
475 2012 688 2059 apostolorum
704 2040 712 2053 ,
755 2025 890 2059 quorum
935 2013 1119 2047 auctoritate

371 2060 552 2101 Orientalis,
575 2069 606 2095 et
626 2074 664 2096 ex
682 2069 767 2107 parte
789 2062 932 2096 Romana
952 2062 1050 2096 utitur
1065 2061 1119 2096 Ec-

370 2110 477 2153 clesia,
503 2118 534 2144 et
561 2109 694 2156 insignis
716 2119 831 2158 martyr
865 2110 1055 2158 Cyprianus,
1090 2119 1119 2145 et

370 2171 463 2193 Lxxx
485 2158 627 2205 episcopi
661 2171 734 2194 cum
761 2159 886 2198 eodem,
925 2159 1118 2205 baptismum

371 2207 600 2242 haereticorum
623 2208 779 2243 lavacrum
805 2207 922 2242 diaboli
949 2208 1118 2255 appellant.

371 2255 553 2302 Stephanus
579 2269 662 2295 vero,
696 2265 726 2291 et
752 2256 940 2295 Cornelius,
969 2264 1120 2304 martyres

371 2312 400 2338 et
428 2305 597 2340 Pontifices
617 2305 767 2349 Romani,
792 2314 822 2340 et
844 2305 1031 2340 venerabilis
1052 2306 1121 2340 Au—

371 2354 515 2398 gustinus
537 2354 568 2388 in
585 2354 665 2388 libro
684 2354 722 2389 de
740 2355 949 2400 Baptismate,
971 2354 1119 2388 eumdem

372 2402 563 2448 Cyprianum
592 2412 622 2437 et
658 2403 812 2449 praefatos
844 2403 1011 2449 episcopos
1039 2403 1121 2437 hanc

373 2450 413 2484 ob
435 2463 560 2485 causam
583 2451 784 2486 vehementer
810 2452 1013 2498 redarguunt,
1037 2452 1121 2485 affir-

373 2508 506 2539 mantes,
522 2500 726 2545 baptismum,
745 2501 809 2535 sive
828 2501 866 2535 ab
882 2501 1038 2534 haeretico
1057 2501 1121 2534 sive

373 2547 584 2591 schismatico,
617 2549 830 2584 ecclesiastico
866 2561 953 2584 more
986 2548 1120 2584 celebra-

408 2608 448 2644 (1)
464 2616 473 2634 1
493 2609 556 2643 [teg.
574 2616 622 2640 xv,
639 2610 684 2636 25.

952 242 1141 266 nummum
1180 240 1344 264 nonnam!

1171 304 1250 336 tum,
1273 305 1372 330 ratum
1397 307 1484 335 esse;
1506 301 1537 329 et
1558 293 1682 334 merito,
1709 293 1782 341 quia
1809 293 1867 329 alia
1890 292 1921 329 in

1170 345 1339 392 baptismo,
1367 353 1395 380 et
1417 344 1478 378 alia
1506 343 1536 378 in
1564 344 1692 390 reliquis
1713 343 1921 378 sacramentis

1169 394 1382 429 consideratio
1409 402 1471 432 esu
1499 393 1618 440 quippe
1645 405 1716 427 cum
1750 400 1781 427 et
1807 392 1920 427 ordine

1170 444 1254 490 prior
1297 452 1327 477 et
1361 443 1558 477 necessarior
1597 442 1652 476 sit:
1692 441 1798 476 subito
1833 441 1918 476 enim

1169 493 1322 527 morituro
1337 493 1424 540 prius
1437 491 1635 538 baptismate,
1650 502 1744 538 quam
1759 490 1918 525 Dominici

1167 541 1320 589 Corporis
1351 541 1593 581 communione,
1627 540 1674 574 vel
1708 539 1779 575 aliis
1812 551 1919 575 sacra-

1168 592 1280 626 mentis
1299 591 1487 631 consulitur;
1507 598 1536 624 et
1551 589 1625 623 dum
1649 588 1726 623 sorte
1745 589 1918 624 catholicus

1168 653 1228 674 uon
1269 640 1449 684 intenitur,
1487 638 1585 674 satius
1619 645 1666 672 est
1692 637 1732 672 ab
1757 637 1918 673 haeretico

1166 689 1318 735 Baptismi
1346 697 1578 724 sacramentum
1603 699 1739 728 sumere,
1767 699 1861 734 quam
1884 687 1915 723 in

1165 747 1327 773 aeternum
1343 739 1455 785 perire.
1478 738 1515 772 Et
1530 737 1610 771 banc
1624 737 1811 771 sententiam
1828 749 1917 783 prae-

1165 788 1353 834 scriptorum
1370 787 1571 827 Pontificum,
1583 785 1734 829 Cornelii,
1761 785 1915 830 Stephani

1165 844 1194 870 ct
1225 837 1394 882 Augustini
1434 836 1533 871 secuti
1573 843 1646 870 sunt
1685 834 1915 877 Innocentius,

1166 885 1310 930 siricius,
1349 886 1436 926 Leo,
1471 885 1678 924 Anastasius,
1714 891 1744 919 et
1782 884 1917 930 Magnus

1164 934 1348 980 Gregorius,
1371 943 1401 969 et
1416 935 1520 969 omnis
1535 934 1693 968 Ecclesia:
1712 941 1742 968 et
1765 934 1916 980 quoniam

1164 984 1342 1029 epistularis
1369 984 1503 1018 brevitas
1536 983 1703 1029 propositis
1734 982 1790 1017 tibi
1817 995 1916 1030 quae-

1164 1032 1319 1067 stiouibus
1345 1033 1476 1067 fortasse
1499 1044 1561 1067 non
1582 1032 1706 1076 sufficit,
1729 1032 1914 1068 eorumdem

1163 1082 1370 1116 temeritatem
1397 1081 1436 1116 ad
1465 1081 1580 1116 Sedem
1606 1081 1821 1128 Apostolicam
1859 1081 1916 1116 in-

1163 1131 1344 1165 struendam
1381 1130 1491 1174 mitte,
1527 1138 1580 1165 aut
1613 1131 1700 1164 iuxta
1723 1130 1913 1176 Apostolum

1165 1179 1258 1213 veluti
1286 1192 1380 1216 sanae
1414 1179 1575 1214 doctrinae
1602 1180 1814 1214 adversarium
1842 1186 1915 1227 post

1163 1228 1334 1263 secundam
1358 1236 1388 1263 et
1412 1229 1533 1263 tertiam
1553 1228 1781 1263 correctionem
1797 1228 1913 1264 devita.

1163 1277 1209 1310 Tu
1239 1289 1310 1311 vero
1338 1286 1404 1312 esto
1432 1278 1532 1312 fidelis
1567 1290 1665 1324 usque
1690 1277 1728 1313 ad
1759 1286 1914 1322 mortem,

1165 1333 1196 1360 ut
1227 1327 1383 1374 percipias
1413 1339 1561 1362 coronam
1596 1327 1697 1362 Vitae.
1735 1327 1810 1362 Data
1846 1326 1915 1362 Ro-

1164 1387 1232 1409 mae
1254 1378 1309 1420 (1).

1395 1513 1626 1562 Ρ,186ΗΑι18
1661 1514 1690 1562 ll

1444 1600 1539 1630 PAPA
1562 1599 1636 1630 CLX.

1212 1663 1304 1696 Αηηο
1331 1674 1421 1696 uerae
1443 1663 1557 1696 Christi
1578 1675 1685 1696 comm.
1711 1664 1864 1699 MXCIX.

1162 1754 1344 1825 Paschalis
1370 1785 1397 1819 Π
1420 1786 1545 1820 natione
1566 1786 1701 1827 Tuscus,
1724 1787 1822 1834 patria
1839 1787 1916 1823 Ble-

1162 1839 1274 1877 danus,
1301 1847 1391 1873 antea
1418 1838 1586 1874 Rainerius
1614 1852 1668 1875 seu
1691 1840 1915 1888 Ragingerius,

1127 1924 1130 1927 .
1163 1891 1336 1926 monachus
1362 1892 1582 1927 Cluniacensis
1609 1901 1639 1927 et
1666 1894 1763 1928 abbas
1801 1907 1916 1929 mona-

1161 1945 1246 1979 sterii
1285 1944 1474 1979 Sanctorum
1511 1946 1671 1980 Laurentii
1705 1955 1735 1981 et
1761 1947 1915 1995 Stephani

1161 2006 1244 2031 extra
1280 2010 1405 2038 muros,
1439 1999 1602 2047 presbyter
1632 2000 1801 2035 cardinalis
1831 2001 1913 2035 tituli

1161 2051 1193 2086 S.
1222 2051 1408 2091 Clementis,
1441 2052 1560 2086 electus
1588 2060 1635 2086 est
1667 2053 1697 2086 in
1731 2053 1915 2089 Romanum

1162 2105 1347 2140 Pontificem
1388 2105 1439 2140 die
1485 2108 1528 2139 15
1571 2106 1694 2152 augusti
1735 2109 1842 2152 1099,
1879 2119 1915 2143 ac

1196 2175 1235 2209 (1)
1255 2175 1322 2202 Cum
1338 2174 1408 2201 nulla
1432 2175 1458 2201 in
1477 2175 1548 2202 calce
1566 2175 1646 2202 huius
1664 2175 1790 2211 epistolae
1813 2176 1915 2211 legatur

1161 2214 1344 2249 chronologica
1360 2218 1433 2247 nota,
1446 2215 1563 2241 ultimam
1574 2223 1607 2241 ex
1618 2215 1717 2242 Urbani
1730 2216 1779 2242 ΡΡ.
1797 2217 1915 2251 epistolis

1162 2253 1282 2285 fecimus,
1300 2255 1402 2280 Baronii
1423 2255 1506 2281 secuti
1527 2255 1689 2289 exemplum.
1709 2255 1783 2289 Quae
1802 2264 1867 2283 vero
1882 2256 1916 2284 de

1163 2294 1276 2320 veritate
1301 2294 1416 2320 eiusdem
1435 2294 1597 2321 clarissimus
1622 2295 1663 2321 hic
1678 2298 1770 2322 auctor
1788 2295 1916 2324 brevibus

1160 2332 1264 2364 asserit,
1282 2333 1345 2360 libet
1361 2333 1470 2360 referre.
1489 2333 1532 2359 Illa
1551 2341 1615 2360 vero
1631 2333 1672 2360 hic
1688 2334 1787 2369 integra
1803 2338 1843 2361 est
1854 2335 1916 2362 red-

1161 2372 1247 2398 denda
1266 2391 1272 2398 .
1293 2391 1299 2398 .
1319 2392 1325 2399 .
1344 2373 1488 2399 Decretalis
1502 2373 1624 2408 epistola,
1639 2381 1708 2408 quae
1722 2373 1783 2400 data
1802 2373 1915 2402 habetur

1161 2412 1313 2446 praeposito
1329 2412 1357 2439 S.
1376 2412 1488 2438 Iuventii
1506 2431 1513 2438 .
1527 2431 1533 2438 .
1553 2431 1560 2438 .
1577 2420 1658 2446 quam
1674 2412 1788 2439 necdum
1806 2420 1915 2441 causam

1162 2452 1319 2486 reperimus:
1332 2455 1405 2478 extat
1415 2452 1484 2478 enim
1497 2451 1554 2486 ipsa
1563 2451 1635 2486 apud
1646 2451 1802 2478 Anselmum
1813 2453 1916 2480 Lucen-

1162 2499 1216 2517 sem
1246 2495 1297 2518 etc.
1325 2492 1409 2518 Porro
1439 2499 1520 2526 quam
1549 2491 1630 2517 etiam
1659 2490 1730 2526 apud
1758 2491 1915 2519 Gratianum

1161 2530 1275 2557 diversis
1291 2531 1316 2557 in
1335 2531 1400 2557 locis
1414 2531 1465 2557 sub
1485 2530 1599 2557 diversis
1615 2531 1699 2556 titulis
1718 2538 1765 2564 per
1783 2530 1915 2564 fragmen-

1163 2574 1217 2596 tum
1237 2571 1349 2604 positam
1366 2570 1448 2598 habes
1465 2570 1615 2606 epistolam,
1638 2569 1680 2597 hic
1705 2574 1734 2596 ut
1757 2568 1816 2604 fuit,
1836 2570 1915 2598 simut

1163 2613 1290 2645 ¹ntegrum
1306 2610 1386 2645 leges.
1786 2618 1792 2622 ’

1945 258 1996 287 An.
2014 258 2044 289 C.
2060 259 2128 290 10⁹0

2162 2837 2169 2955 nm.—
2165 2814 2168 2826 Α
2162 2787 2169 2802 „A
