2180 3205
151 267 200 292 An.
221 264 249 292 C.
268 264 335 293 1095

178 371 262 391 Poenae
286 376 334 391 enn-

151 400 182 417 ·ra
199 398 334 418 inobservan-

150 427 154 437 Ι
173 429 180 440 t

418 239 488 272 172

962 246 1148 269 nortuum!
1174 245 1335 266 ROMANFH

365 302 554 341 recessibus,
570 300 773 348 popularibus
790 300 912 333 occasio
929 300 1112 354 praebeatur
1152 303 1273 331 Urbanus
1292 303 1433 337 episcopus
1453 308 1547 330 servus
1572 308 1712 329 servorum
1730 300 1785 334 Dei.
1806 300 1904 331 dilecto

365 352 427 386 ulla
453 350 669 386 conventibus.
697 349 730 383 Si
753 349 864 395 quis
846 349 862 381 i
857 349 939 388 itur
955 362 983 382 in
1002 358 1111 382 crasti-

365 413 439 435 num
462 399 720 445 al'ClllC'plSCOPU-So
741 407 793 431 ssUl.
814 398 993 444 οΡ156011115,
1010 398 1111 443 imp(-

364 458 447 483 rator
473 456 523 482 aut
552 460 620 485 rex,
645 459 792 493 piinctps
817 454 869 480 aut
890 446 966 490 dux,
993 459 1110 490 comcs,

362 498 549 535 vicecomes
572 496 678 535 iudex,
705 504 758 530 aut
779 495 988 530 ecclesiastica
1011 508 1111 542 quaa·-

362 546 437 581 libet
463 545 670 580 saecularisie
698 557 843 591 persona,
872 545 965 578 liuius
993 544 1109 579 decreti

362 596 507 642 paginam
540 594 654 634 sciens,
682 602 790 628 contra
816 606 884 628 eam
912 601 1030 628 torneie
1057 606 1110 628 ve-

361 645 428 679 nire
455 643 630 684 tentaverit,
658 643 800 678 secundo
833 643 988 690 tertioque
1022 655 1110 677 com-

360 693 478 728 monita
495 720 503 733 ,
547 693 572 727 si
615 704 678 727 non
721 692 932 726 satisfactione
971 704 1109 738 congrua

360 741 597 786 emendaverit,
641 741 802 788 potestatis
840 719 1052 788 honorisqueo
1061 741 1108 775 sui

360 792 512 838 dignitate
539 799 654 835 careat,
676 802 825 837 reamque
846 802 879 824 se
907 790 1012 824 divino
1035 790 1109 824 iudi—

360 841 410 875 cio
433 840 566 876 existere
596 840 635 875 de
665 846 839 886 perpetrata
866 839 1029 884 iniquitate
1056 851 1110 873 co-

360 897 516 936 gnoscat,
544 896 575 923 et
613 901 630 924 a
662 888 875 923 sacratissimo
908 887 1048 934 Corpore
1075 900 1110 922 ac

360 939 521 985 Sanguine
534 938 594 973 Dei
608 945 638 973 et
651 937 779 972 Domini
795 937 893 971 nostri
908 936 978 971 Iesu
993 937 1109 971 Christi

360 987 483 1023 alienus
516 987 587 1026 fiat,
620 995 713 1033 atque
740 986 770 1019 in
799 993 939 1020 extremo
966 986 1110 1020 examine

360 1036 519 1071 districtae
546 1035 657 1070 ultioni
693 1034 864 1069 subiaceat.
892 1034 1025 1068 Cunctis
1051 1047 1110 1068 au—

361 1094 421 1120 tem
445 1085 545 1120 eidem
573 1084 642 1119 loco
670 1084 754 1118 iuxta
777 1083 973 1117 servantibus
995 1085 1033 1117 sit
1053 1096 1110 1129 pax

359 1134 487 1168 Domini
522 1133 619 1168 nostri
649 1133 718 1167 Iesu
742 1131 878 1172 Cliristi;
904 1141 1060 1178 quatenus
1081 1140 1111 1167 et

359 1182 412 1217 1110
433 1182 570 1217 fructum
598 1182 697 1217 bonae
719 1181 850 1216 actionis
877 1182 1064 1228 percipiant,
1080 1189 1111 1216 et

359 1231 442 1278 apud
459 1231 635 1266 districtum
654 1230 795 1265 Iudicem
816 1231 952 1277 praemia
966 1238 1111 1266 aeternae

360 1281 446 1328 pacis
468 1280 638 1315 inveniant.
661 1279 775 1314 Amen.

407 1329 522 1364 Datum
556 1330 586 1363 in
626 1328 814 1363 monasterio
855 1328 962 1363 Sancti
988 1328 1109 1374 AEgidii

361 1391 417 1424 per
456 1391 585 1413 manum
624 1378 751 1413 loannis
785 1385 910 1412 sanctae
947 1377 1110 1412 Romanae

359 1427 524 1462 Ecclesiae
558 1427 682 1462 diaconi
717 1426 907 1470 cardinalis,
942 1439 1013 1460 xvu
1049 1426 1109 1460 kal

359 1477 495 1531 augusti,
530 1476 701 1511 indictione
727 1475 1027 1519 1V,incarnati0nis
1054 1475 1111 1509 do-

360 1526 496 1560 minicae
529 1537 612 1560 anno
632 1537 752 1565 mxcw,
776 1524 978 1571 pontificatus
1007 1534 1109 1559 autem

360 1574 479 1609 domini
498 1573 618 1609 Urbani
641 1573 792 1614 secundi,
816 1585 912 1608 nono.

427 1630 489 1661 Dat.
504 1631 552 1660 die
575 1631 611 1660 16
634 1630 698 1660 iulii
718 1639 794 1660 anno
815 1629 932 1660 Domini
957 1630 1042 1667 1096,

611 1670 713 1709 pontis.
733 1679 809 1699 anno
827 1678 863 1698 1x.

657 1753 821 1788 XXXVII.

362 1818 445 1850 Idem
471 1818 596 1850 omnino
622 1817 819 1861 priuileqium
843 1828 900 1859 pro
927 1816 1112 1849 monasterio

596 1866 794 1900 Balneolensi
815 1866 876 1908 (l).

628 1925 843 1955 SUMMARtUM
877 1920 879 1922 ¹

361 1976 549 2007 Prooemium.
567 1976 808 2006 —Contirmatio
831 1977 975 2006 bonorum
996 1978 1031 2007 ad
1052 1986 1113 2006 mo-

401 2017 563 2046 nasterium
586 2017 792 2056 spectantium,
809 2033 849 2038 —
869 2016 949 2052 Quae
973 2017 1020 2046 liic
1035 2026 1111 2046 enu-

402 2060 561 2085 merantur.
579 2072 618 2078 —
641 2056 829 2086 Confirmatio
852 2065 969 2095 quoque
989 2056 1111 2092 privile-

401 2096 514 2133 giorum
534 2096 677 2125 omnium.
693 2112 733 2117 —
748 2095 900 2125 Decretum
917 2096 1112 2125 immunitatis

402 2145 417 2164 a
436 2144 622 2173 quacumque
641 2135 774 2164 molestia
793 2135 1006 2164 etc.—Abbas
1020 2145 1034 2164 a
1051 2145 1113 2164 mo-

401 2175 506 2204 nachis
515 2174 846 2213 eligendus3—q11ibns
857 2174 981 2204 liberum
996 2184 1112 2213 quoque

403 2214 441 2243 sit
457 2213 594 2244 altarium
621 2214 859 2243 consecrationes
888 2219 916 2243 et
937 2214 1112 2243 clericorum

402 2253 600 2283 ordinationes
629 2263 643 2282 a
675 2262 862 2292 quocumque
896 2253 1016 2283 libuerit
1046 2254 1111 2292 epi-

403 2301 491 2331 scopo
520 2296 626 2330 petere.
647 2309 687 2314 —
709 2292 798 2322 Iidem
826 2293 861 2322 ab
880 2293 1026 2322 ordinario
1046 2293 1111 2331 epi-

403 2340 475 2370 copo
491 2332 739 2361 excommunicari
758 2341 815 2361 non
835 2333 957 2371 possint,
975 2333 1114 2361 nisicon-

404 2372 547 2400 sentiente
568 2371 698 2400 Romano
716 2371 871 2408 Pontifice3
893 2371 929 2401 ab
949 2372 1012 2401 eius
1033 2372 1111 2401 enim

403 2409 606 2439 iurisdictione
625 2411 814 2440 sintomnino
833 2411 927 2440 liberi.
945 2427 985 2433 —
1004 2410 1111 2449 Sepul-

404 2452 497 2478 turam
517 2450 545 2478 in
565 2450 734 2479 monasterii
752 2451 885 2480 ecclesiis
904 2454 1030 2479 statuere
1050 2449 1114 2478 cui-

404 2496 530 2526 cumque
562 2489 600 2518 sit
631 2489 765 2518 liberum.
795 2506 834 2511 —
868 2489 983 2519 Poenae
1012 2493 1111 2518 contra

405 2527 561 2557 violatores
579 2528 724 2566 privilegii
747 2529 846 2558 liuius.

400 2578 439 2613 (t)
457 2579 544 2605 Edidit
558 2587 592 2606 ex
608 2580 755 2608 Cartulario
772 2584 885 2608 monast.
904 2580 982 2607 huius
992 2579 1114 2607 Baluzius

364 2613 415 2641 loc.
433 2614 478 2641 cit.
500 2622 574 2641 num.
592 2623 686 2642 cccxv.

1196 351 1251 379 filio
1275 351 1414 379 Beaedieto
1445 350 1537 377 abbati
1562 350 1725 378 venerabilis
1744 351 1904 379 monasterii

1197 400 1284 428 sancti
1304 398 1516 434 protomartyris
1531 398 1668 433 stephani,
1682 400 1750 435 quod
1761 400 1844 428 situm
1860 400 1904 430 est

1196 450 1223 477 in
1242 449 1300 477 loco
1324 449 1368 484 qui
1388 448 1523 476 Balneolis
1539 448 1650 480 dicitur,
1666 448 1694 476 in
1714 449 1846 477 comitatu
1861 449 1902 477 Bi·

1197 497 1364 529 suldunensi,
1385 497 1494 532 eiusque
1514 497 1714 526 successoribus
1737 499 1902 534 regulariter

1197 547 1404 579 substituendis..
1420 547 1448 574 in
1464 547 1634 582 perpetuum.

1200 614 1400 661 Apostolicae
1422 614 1517 649 Sedis
1531 614 1715 649 auctoritate
1730 614 1902 662 debitoque

1151 665 1370 711 compellimur
1406 676 1461 709 pro
1499 664 1718 698 universarum
1740 663 1903 699 Ecclesia-

1151 725 1221 748 rum
1258 721 1341 747 statu
1379 720 1544 757 satagere,
1584 720 1613 746 et
1655 725 1762 747 earum
1805 714 1904 760 quieti

1151 762 1319 796 auxiliante
1346 761 1484 796 Domino
1517 761 1692 816 providere
1726 762 1905 818 Eapropter

1153 811 1357 854 petitionibus
1379 811 1453 855 tuis,
1477 811 1548 845 fili
1541 823 1572 845 ln
1594 810 1722 846 Christo
1741 811 1903 847 carissime

1151 859 1345 914 Benedicte,
1390 872 1451 894 non
1499 860 1655 894 immerito
1696 861 1904 896 annuendum

1151 909 1346 963 censuimus,
1374 917 1405 943 ut
1436 909 1643 944 Balneolense
1667 911 1903 951 monasterium,

1151 957 1201 991 cui
1224 958 1291 992 Deo
1325 966 1451 992 auctore
1486 958 1667 1004 praesides.
1703 958 1904 1004 Apostolieae

1151 1005 1243 1040 Sedis
1260 1006 1421 1053 privilegio
1432 1007 1640 1041 muniremus.
1654 1007 1713 1041 Per
1729 1009 1903 1053 praesentis

1151 1066 1226 1100 ergo
1254 1056 1406 1110 privilegii
1430 1056 1577 1102 paginam
1599 1056 1770 1101 apostolica
1789 1065 1902 1091 aucto-

1153 1104 1240 1138 ritate
1267 1105 1456 1144 statuimus,
1492 1113 1526 1138 ut
1552 1116 1772 1151 quaecumque
1806 1105 1902 1141 hodie

1152 1152 1236 1187 idem
1269 1154 1458 1188 coenobium
1495 1153 1576 1188 iuste
1611 1154 1774 1200 possidet,
1814 1154 1905 1190 firma

1151 1201 1206 1236 tibi
1251 1203 1375 1249 tuisque
1411 1202 1674 1245 successoribus,
1718 1211 1749 1237 et
1785 1202 1904 1238 illibata

1152 1260 1371 1297 permaneant:
1410 1252 1557 1299 parochia
1591 1252 1734 1287 videlicet
1765 1251 1804 1286 de
1836 1252 1905 1299 ipsa

1153 1300 1231 1334 valle
1252 1301 1405 1341 Balneoli,
1441 1301 1571 1336 ecclesia
1606 1300 1712 1335 Sancti
1738 1301 1904 1336 Benedicti

1152 1357 1182 1383 et
1203 1349 1309 1384 Sancti
1338 1350 1420 1384 Petri
1448 1350 1487 1383 de
1523 1351 1665 1396 Agemal,
1700 1349 1809 1384 Sancti
1837 1350 1907 1385 Ro-

1153 1399 1236 1432 mani
1264 1399 1303 1433 de
1336 1398 1509 1433 Millanicas
1548 1411 1619 1433 cnm
1647 1399 1803 1433 cimiterio
1833 1411 1905 1444 suo,

1152 1446 1259 1481 Sancti
1294 1447 1532 1503 Christopliori,
1558 1447 1667 1482 Sancti
1693 1447 1799 1483 Iacobi
1831 1460 1905 1483 cum

1152 1495 1284 1531 decimis
1305 1505 1335 1531 et
1358 1497 1506 1543 primitiis
1527 1497 1604 1537 suis,
1628 1504 1658 1530 et
1679 1509 1751 1531 cum
1778 1496 1902 1532 medie-

1153 1553 1214 1580 tate
1235 1546 1429 1580 decimarum
1451 1558 1506 1580 seu
1531 1545 1739 1592 primitiarum
1762 1545 1801 1580 de
1824 1545 1906 1581 Villa

1152 1594 1306 1640 Figerolis
1327 1603 1357 1629 et
1378 1595 1417 1629 de
1439 1595 1637 1635 Eremitanis,
1665 1595 1797 1629 ecclesia
1819 1594 1906 1630 San-

1153 1651 1220 1677 ctae
1246 1644 1372 1684 1131130,
1395 1644 1501 1678 Sancti
1530 1644 1690 1678 Laurentii
1714 1656 1785 1678 cum
1809 1644 1906 1678 cimi-

1152 1693 1231 1727 terio
1253 1693 1292 1727 de
1314 1693 1463 1733 Porcarii,
1485 1693 1619 1727 00010513
1634 1692 1742 1727 Sancti
1765 1693 1904 1727 Mauritii

1153 1741 1192 1775 de
1213 1742 1330 1783 Calvis,
1353 1742 1460 1776 Sancti
1487 1742 1619 1783 Quirici,
1641 1741 1748 1776 Sancti
1777 1741 1904 1776 Martini

1153 1790 1191 1824 de
1225 1790 1346 1837 Campo
1380 1791 1488 1825 Maiori
1513 1792 1543 1824 in
1575 1790 1652 1825 valle
1678 1791 1717 1825 de
1739 1790 1905 1831 Milliariis,

1153 1840 1283 1874 00010513
1310 1840 1417 1875 Sancti
1436 1840 1533 1878 Petri,
1558 1840 1666 1874 Sancti
1693 1839 1840 1874 Andreae
1866 1839 1906 1874 de

1153 1888 1290 1927 Ritulis,
1328 1889 1437 1924 Sancti
1473 1888 1631 1923 Vincentii
1667 1888 1705 1922 de
1739 1888 1903 1929 Saliente‚

1153 1937 1260 1972 Sancti
1294 1937 1405 1972 Iuliani
1443 1938 1482 1973 de
1520 1937 1724 1983 Augustino,
1765 1937 1901 1972 Sanctae

1154 1986 1269 2021 Mariae
1295 1987 1335 2021 de
1363 1987 1433 2022 villa
1460 1987 1571 2027 Azert,
1610 1985 1718 2021 Sancti
1754 1985 1906 2020 Martialis

1154 2035 1192 2069 (Ιο
1213 2035 1422 2077 Quarantela,
1453 2036 1529 2070 cella
1563 2034 1696 2070 Sanctae
1726 2035 1842 2069 Mariae
1864 2034 1904 2070 de

1153 2084 1234 2118 Rivo
1262 2085 1374 2118 d’Azar
1405 2097 1476 2119 cum
1510 2084 1658 2126 decimis,
1693 2083 1905 2118 oblationibus

1153 2145 1189 2167 ac
1210 2134 1341 2168 caeteris
1369 2134 1565 2180 pertinentiis
1587 2133 1670 2167 suis:
1701 2133 1730 2166 in
1754 2134 1904 2167 comitatu

1155 2182 1358 2216 petralatensi
1380 2182 1511 2217 ecclesia
1534 2181 1639 2216 Sancti
1664 2181 1801 2223 Martini,
1824 2181 1906 2215 San-

1153 2231 1193 2265 cti
1217 2230 1376 2266 Silvestri:
1414 2232 1444 2265 in
1480 2231 1558 2265 valle
1580 2231 1672 2269 Mala,
1694 2230 1772 2264 cella
1794 2230 1905 2265 Sancti

1155 2280 1280 2314 loannis
1317 2280 1357 2314 de
1394 2280 1525 2323 Crosis,
1553 2279 1660 2314 Sancti
1687 2278 1837 2326 Cypriani
1865 2278 1905 2313 de

1154 2333 1288 2377 Pineta,
1324 2345 1395 2367 cum
1431 2333 1582 2376 decimis,
1617 2331 1850 2371 oblationibus,
1874 2340 1904 2366 et

1154 2388 1285 2422 caeteris
1320 2399 1427 2421 earum
1463 2385 1676 2432 pertinentiis:
1701 2384 1731 2417 in
1754 2384 1904 2418 comitatu

1151 2440 1422 2486 Empuritanensi,
1437 2439 1514 2473 cella
1536 2438 1668 2472 Sanctae
1681 2436 1806 2480 Crucis,
1821 2436 1905 2471 San-

1154 2494 1193 2527 cti
1220 2493 1339 2527 Nicolai
1362 2505 1435 2527 cum
1457 2492 1630 2535 cimiteriis,
1649 2499 1679 2525 et
1700 2490 1812 2526 alodiis
1826 2491 1905 2531 suis,

1154 2554 1185 2580 et
1214 2554 1351 2582 castrum
1373 2546 1581 2593 Calepodium
1608 2557 1679 2579 cum
1708 2544 1906 2590 pertinentiis

1154 2600 1237 2635 suis:
1275 2600 1306 2635 in
1333 2600 1481 2635 comitatu
1516 2597 1737 2639 Gerundensi,
1771 2597 1905 2632 ecclesia

1923 255 1973 282 An.
1993 255 2021 284 C.
2039 255 2106 284 1096

1945 634 2087 656 Prooemium.

1967 1043 2024 1064 Confi
2028 1044 2104 1065 rmatio

1926 1070 2028 1091 bonorum
2035 1070 2062 1091 ad
2068 1076 2111 1091 mo-

1926 1097 2040 1118 nasterium
2064 1102 2111 1124 spo-

1927 1124 2028 1145 ciantium
2035 1131 2041 1149 i

1949 1391 2008 1415 Quae
2018 1391 2054 1412 hic
2062 1396 2112 1413 enu-

1926 1419 2042 1439 merantur.
