2180 3205
857 249 1014 273 cartxrrs
1037 252 1059 274 ιι
1084 252 1131 275 rr».
1642 250 1709 282 347

1007 314 1037 340 et
1061 315 1188 342 sat.ctac
1212 308 1373 346 Romanae
1399 311 1558 348 Ecclesiae
1579 321 1610 348 et
1633 312 1759 349 Domini

1781 358 1863 374 omnem
1882 353 1967 374 int-estt-

1009 364 1111 412 Papae
1133 365 1263 413 Calixti,
1290 377 1320 404 et
1354 370 1493 405 remedio
1525 372 1648 407 animae
1671 384 1761 418 meze,
1782 385 1849 400 usn-m
1866 386 1902 405 rer
1917 386 1967 401 anu-

9 267 48 297 An
77 265 190 296 &1124
1782 262 1873 291 An.c.
1895 264 1964 292 1122

215 300 312 336 hitam
338 300 566 336 subiectionem
590 301 770 348 exhibeant,
792 311 821 339 et
844 304 889 339 sic
911 317 964 339 sua

34 371 114 395 soum
132 372 190 393 eran·
214 351 328 397 cuique
359 351 424 386 iura
459 360 634 386 serventur.
671 352 706 387 Si
733 365 794 400 qua
817 353 914 400 igitur
935 354 964 388 in

10 399 66 423 nh·

1783 408 1823 428 lun·
1830 410 1849 427 et
1859 407 1964 428 baculum.

46 1274 119 1296 (kalixti
145 1273 184 1295 ΡΡ.

11 1301 138 1328 :nh-nimio.

39 2289 138 2313 &urinis
156 2292 183 2314 im

16 2319 96 2343 mi·
109 2318 192 2340 dimittit

215 399 354 434 futurum
369 399 581 435 ecclesiastica
595 402 803 437 saecularisve
822 414 965 450 persona,

214 448 296 484 hanc
308 456 434 484 nostrae
445 450 680 486 constitutionis
695 452 838 498 pagiuam
850 452 965 496 sciens,

214 506 323 533 contra
344 510 413 533 eam
441 506 559 534 temere
586 511 690 535 venire
719 508 894 544 tentaverit,
921 513 967 536 se-

214 547 320 582 cundo
342 547 472 583 tertiove
499 549 709 594 commonita,
731 549 756 584 si
785 561 848 584 non
875 550 966 585 satis-

214 595 351 632 factione
371 609 513 644 congrua
536 598 770 639 emendaverit,
804 599 966 646 potestatis

213 645 405 693 honorisque
430 648 478 682 sui
504 647 654 694 dignitate
676 656 796 686 careat,
816 660 965 695 reamque

214 707 248 730 se
269 695 376 730 divino
412 695 531 731 iudicio
557 696 690 731 existere
717 696 755 731 de
790 705 964 744 perpetrata

214 744 378 792 iniquitate
411 753 599 792 cognoscat,
636 754 665 780 et
700 758 716 780 a
755 746 965 781 sacratissimo

214 792 355 841 Corpore
377 801 407 829 et
432 794 596 841 Sanguine
618 795 676 830 Dei
699 802 729 830 et
750 794 877 830 Domini
902 796 965 831 Re-

213 842 388 890 demptoris
409 845 505 879 nostri
534 843 605 879 lesu
631 844 749 879 Christi
773 845 871 880 aliena
896 845 965 886 liat,

213 899 307 939 atque
329 893 359 927 in
382 902 523 928 extremo
553 893 697 929 examine
723 894 881 929 districtae
919 895 966 929 ul-

215 941 291 976 tioni
334 942 504 978 subiaceat.
540 942 671 978 Cunctis
706 951 810 978 autem
847 951 966 979 vestrae

212 990 374 1030 Ecclesiae
396 991 475 1027 iusta
497 992 696 1027 servantibus
709 993 750 1028 sit
765 1005 822 1040 pax
839 993 965 1028 Domini

213 1040 310 1075 nostri
332 1040 402 1076 Iesu
427 1041 562 1082 Christi,
585 1050 742 1089 quatenus
766 1051 797 1077 et
819 1042 869 1077 hic
899 1041 967 1077 fru—

212 1102 297 1128 ctum
320 1093 422 1130 bonae
444 1095 575 1130 actionis
603 1095 798 1143 percipiant,
830 1105 859 1131 ct
882 1096 965 1143 apud

213 1147 389 1183 districtum
411 1147 550 1184 Iudicem
571 1149 707 1196 praemia
724 1157 868 1184 aeternae
882 1150 966 1196 pacis

214 1201 388 1236 inveniant.
412 1202 527 1237 Amen.

261 1255 334 1291 Eoo
374 1256 544 1291 mercs
586 1256 746 1291 Ecclesiae
794 1257 966 1293 catholicae

213 1309 396 1357 episeopus.

507 1469 625 1504 .XL.

213 1546 452 1580 lustramentum
496 1547 582 1590 pacis
625 1547 719 1580 im'tae
766 1547 843 1580 inter
880 1547 965 1580 Hen-

261 1601 361 1633 ricnm
400 1600 449 1632 ll'
482 1601 695 1644 imperatorem
739 1608 765 1632 ee
807 1601 965 1634 calixtum

260 1654 427 1687 secundum
465 1654 531 1687 ΡΡ.
573 1655 605 1687 in
640 1655 770 1687 concilio
820 1655 966 1687 ll'orma-

259 1707 342 1741 censi
363 1708 428 1750 (Ι).

483 1779 696 1810 smnmnlt‘n

211 1845 359 1876 Henricus
381 1846 542 1886 imperator
563 1846 683 1876 dimittit
705 1855 822 1876 omnem
845 1847 966 1876 investi-

251 1894 346 1920 turam
380 1899 432 1930 per
458 1891 580 1920 anulum
599 1896 628 1920 et
648 1890 799 1920 baculum.
819 1907 858 1912 —
885 1890 962 1920 Pos-

251 1934 402 1965 sessiones
426 1939 453 1965 et
474 1935 582 1973 regalia
598 1935 744 1971 restituit3
759 1943 894 1973 quaeque
907 1944 965 1964 non

253 1975 351 2015 habet,
369 1983 401 2008 ut
418 1979 622 2015 restituantur,
644 1977 768 2008 curabit.
789 1995 829 2000 —
859 1978 965 2008 Pacem

253 2031 352 2052 veram
371 2023 421 2052 dat
438 2021 583 2052 Pontifici.
600 2039 640 2045 --
659 2022 833 2061 signaturae
865 2023 965 2053 ecele-

254 2066 453 2104 siasticorum,
469 2067 635 2106 principum
648 2072 675 2097 et
690 2066 795 2106 Papae.
810 2083 849 2089 —
863 2066 966 2097 Calixti

255 2110 409 2140 concessio
428 2110 503 2140 facta
525 2111 706 2150 imperatori,
729 2115 761 2140 ut
782 2111 890 2149 regalia
915 2120 966 2149 per

254 2159 403 2194 sceptrum
422 2155 534 2185 electus
564 2155 600 2185 ab
626 2156 802 2194 imperatore
830 2155 965 2194 recipiat:

255 2208 418 2238 pacemque
440 2200 467 2229 ei
484 2199 590 2230 reddit.
624 2202 666 2238 (a.
683 2200 722 2237 T.)

259 2267 300 2310 (a)
320 2265 390 2312 Ego
407 2265 577 2309 Henricus,
603 2265 661 2300 Dei
685 2265 784 2312 gratia
808 2265 967 2300 Romano-

212 2326 282 2350 rum
305 2315 475 2362 imperator
492 2314 670 2361 Augustus,
692 2327 749 2362 pro
768 2326 875 2349 amore
893 2314 964 2356 Dei,

252 2394 293 2430 (¹)
308 2395 348 2422 Ex
369 2395 483 2422 Baronio
501 2394 535 2421 ad
553 2402 616 2421 ann.
635 2394 712 2421 ¹¹22.
734 2393 891 2421 Choronidis
910 2393 967 2420 loco

216 2433 279 2462 libet
295 2433 394 2461 referre
409 2434 474 2461 haec
489 2437 556 2465 acta,
577 2433 675 2468 quibus
700 2438 760 2468 post
786 2433 881 2460 multas
899 2433 968 2460 cala-

215 2473 322 2501 mitates
336 2473 479 2508 dirumque
493 2473 618 2504 schisma,
636 2473 738 2500 reddita
756 2473 861 2500 tandem
874 2473 967 2499 Eccle-

212 2513 267 2541 siae
278 2521 330 2548 pax
341 2517 392 2540 est.
403 2513 479 2540 Eruit
489 2513 618 2540 Batonius
627 2513 661 2540 ab
672 2513 845 2548 Urspergensi
857 2513 966 2540 abbate:

213 2560 282 2588 quae
305 2560 368 2579 vero
393 2556 519 2580 notantur
539 2553 564 2579 in
599 2552 706 2584 notulis,
723 2560 757 2579 ex
782 2552 968 2587 authographo

213 2592 239 2619 in
255 2592 352 2620 Codice
368 2592 502 2620 Vaticano.
541 2592 581 2628 (a)
597 2593 625 2619 In
642 2593 748 2620 nomine
763 2597 869 2619 sanctae
885 2595 911 2618 et
929 2592 969 2618 in-

213 2631 338 2659 dividuae
356 2632 501 2659 Trinitatis.

1007 422 1131 457 dimitto
1157 423 1226 459 Deo
1248 434 1278 460 et
1299 428 1416 463 sanctis
1438 432 1480 472 (a)
1512 429 1581 464 eius
1609 431 1761 477 apostolis

1007 479 1101 515 Petro
1123 489 1153 516 et
1180 481 1290 528 Paulo,
1321 492 1350 518 et
1377 487 1414 528 (b)
1441 495 1567 522 sanctae
1588 488 1762 524 catholicae

1008 537 1169 574 Ecclesiae
1191 552 1317 576 omnem
1342 542 1557 579 investituram
1582 557 1636 592 per
1657 559 1761 582 annu-

1008 596 1072 631 lum
1097 605 1128 633 et
1149 597 1311 644 baculum,
1339 608 1369 636 et
1395 602 1536 637 concedo
1564 604 1595 638 in
1611 605 1760 641 omnibus

1008 654 1158 690 Ecclesiis
1179 660 1214 701 (c)
1238 657 1304 693 fieri
1327 658 1532 701 electionem,
1568 670 1598 697 et
1627 663 1759 699 liberam

1007 715 1286 751 consecrationem.
1330 716 1554 755 possessiones
1589 730 1618 756 et
1647 723 1759 769 regalia

1008 773 1087 808 beati
1111 773 1205 815 Petri,
1241 787 1322 822 quae
1349 776 1377 810 in
1403 777 1556 824 principio
1583 779 1677 815 huius
1700 781 1756 815 di-

1007 832 1149 867 scordiae
1172 845 1271 881 usquc
1294 834 1332 869 ad
1356 835 1541 872 hodiernam
1564 838 1660 883 diem,
1693 840 1759 875 sive

1009 898 1149 938 tempore
1183 892 1278 939 patris
1313 893 1396 938 mei,
1436 894 1501 930 sive
1539 897 1632 932 etiam
1668 910 1760 943 meo,

1008 948 1107 983 ablata
1126 958 1217 991 sunt,
1240 962 1321 997 quae
1348 951 1467 993 habeo,
1494 953 1596 990 eidem
1632 965 1759 992 sanctae

1007 1006 1170 1043 Romanae
1196 1009 1358 1046 Ecclesiae
1379 1011 1522 1057 restituo,
1545 1025 1625 1060 quae
1651 1024 1759 1050 autem

1009 1077 1071 1100 non
1108 1066 1232 1110 habeo,
1262 1077 1294 1102 ut
1330 1069 1534 1106 restituantur
1556 1072 1690 1108 fideliter
1717 1077 1759 1117 (cli

1009 1124 1132 1159 iuvabo.
1156 1125 1380 1163 possessiones
1401 1130 1495 1164 etiam
1523 1131 1665 1167 omnium
1687 1133 1761 1168 alia·

1008 1194 1076 1217 rum
1112 1183 1328 1220 Ecclesiarum
1356 1194 1385 1221 et
1410 1186 1600 1234 principum,
1627 1197 1657 1223 et
1679 1189 1758 1225 alio-

1007 1252 1076 1275 rum
1105 1249 1165 1276 tam
1194 1242 1380 1278 clericorum
1415 1258 1509 1292 quam
1536 1246 1690 1282 laicorum
1722 1252 1758 1292 (e)

1007 1299 1139 1334 consilio
1162 1301 1353 1348 principum,
1382 1312 1412 1337 et
1436 1304 1566 1350 iustitia,
1588 1318 1668 1353 quae
1699 1307 1759 1342 ha-

1007 1360 1066 1395 heo
1094 1361 1132 1404 (si
1155 1367 1189 1393 ut
1211 1359 1383 1394 reddantur
1403 1361 1535 1398 fideliter
1563 1368 1602 1410 (9)
1625 1365 1759 1406 iuvabo,

1007 1426 1037 1453 et
1058 1418 1098 1453 do
1122 1429 1224 1452 veram
1247 1430 1355 1465 pacem
1376 1421 1416 1463 (Ιι)
1437 1420 1570 1461 Calixto,
1586 1425 1760 1468 sanctae(z')

1006 1477 1169 1512 Romanae
1201 1476 1375 1521 Ecclesiae,
1402 1487 1432 1513 et
1468 1480 1617 1515 omnibus
1647 1481 1699 1528 qui
1728 1481 1759 1516 in

1008 1544 1093 1582 parte
1112 1534 1211 1581 ipsius
1233 1543 1317 1580 sunt,
1346 1535 1392 1570 vel
1416 1536 1552 1572 luerunt.
1581 1538 1620 1573 Et
1640 1540 1668 1573 in
1687 1539 1761 1586 qui-

1007 1594 1066 1630 bus
1101 1603 1208 1629 saneta
1241 1593 1384 1629 Romana
1426 1594 1567 1631 Ecclesia
1605 1597 1757 1632 auxilium

1008 1652 1212 1701 postulaverit
1235 1655 1293 1697 (1).

1056 1712 1143 1748 Haec
1165 1712 1271 1747 omnia
1299 1720 1366 1746 acta
1390 1721 1464 1747 sunt
1485 1714 1620 1749 consilio
1642 1723 1673 1749 et
1700 1727 1759 1749 as—

1006 1783 1101 1806 sensu
1124 1771 1323 1818 principum,
1358 1783 1492 1818 quorum
1521 1773 1650 1808 nomina
1680 1773 1759 1809 sub-

1007 1831 1121 1877 scripta
1148 1837 1234 1864 sunt.

1056 1888 1246 1923 Adalbertus
1263 1887 1470 1934 Moguntiuus
1485 1888 1755 1936 archiepiscopus.

1056 1946 1237 1981 Fridericus
1259 1945 1460 1980 Coloniensis
1488 1945 1759 1993 archiepiscopus.

1055 2005 1131 2040 Otto
1159 2003 1404 2049 Bambergensis
1431 2003 1611 2050 episcopus.

1056 2064 1093 2099 B.
1121 2062 1283 2110 Spirensis
1306 2064 1487 2109 episcopus.

1057 2124 1094 2157 A.
1122 2121 1333 2168 Augustensis
1355 2120 1533 2167 episcopus.

1056 2179 1095 2214 G.
1123 2178 1332 2213 Traiectensis
1354 2178 1533 2224 episcopus.

1059 2235 1094 2269 V.
1117 2235 1371 2270 Constantiensis
1389 2235 1569 2282 episcopus.

1043 2322 1082 2356 (a)
1108 2322 1164 2348 Dei.
1204 2321 1242 2356 (b)
1264 2322 1438 2356 Sanctaeque.
1477 2322 1513 2356 (c)
1539 2321 1612 2355 Quae
1633 2323 1658 2349 in
1679 2330 1760 2356 regno

1008 2365 1050 2392 vel
1069 2366 1179 2400 imperio
1195 2373 1254 2392 meo
1273 2369 1345 2392 sunt.
1384 2366 1423 2400 (Α)
1444 2366 1594 2393 Adiuvabo.
1634 2367 1668 2401 (e)
1685 2366 1759 2400 Quae

1009 2411 1032 2437 in
1049 2418 1143 2445 guerra
1160 2411 1209 2436 ista
1227 2414 1289 2436 sunt
1315 2410 1464 2436 commissa.
1503 2409 1542 2444 (s)
1563 2410 1680 2436 Reddam
1692 2418 1761 2445 quae

1009 2462 1060 2480 non
1071 2454 1164 2480 habeo.
1203 2453 1241 2488 (ῃ)
1255 2452 1406 2480 Adiuvabo.
1433 2454 1473 2487 (lt)
1485 2454 1607 2480 Domino.
1647 2454 1761 2488 (i)San-

1007 2501 1127 2533 ctaeque.
1180 2497 1220 2532 (i)
1253 2498 1396 2532 Hucusque
1427 2497 1498 2532 apud
1537 2498 1758 2533 Urspergensem:

1008 2542 1148 2577 promissio
1179 2541 1344 2576 imperatoris
1375 2541 1400 2566 in
1425 2541 1521 2567 Codice
1551 2541 1692 2568 Vaticano:
1727 2550 1760 2568 ex

1008 2585 1191 2620 authographo
1207 2585 1342 2611 adduntur
1370 2584 1437 2611 ista:
1466 2584 1497 2610 Et
1526 2585 1552 2611 in
1580 2585 1677 2620 quibus
1698 2585 1760 2611 milii

1009 2629 1201 2666 querimoniam
1213 2629 1313 2660 fecerit,
1326 2628 1439 2655 debitam
1451 2628 1498 2655 sibi
1511 2628 1637 2655 iustitiam
1655 2628 1758 2656 faciam.

1820 754 1967 774 Possessionen

1785 782 1805 800 et
1818 781 1897 805 regalia
1907 781 1968 801 resti-

1884 813 1967 834 uaeque

1784 840 1825 853 non
1846 834 1872 854 ha
1892 836 1924 857 et,
1946 836 1968 854 ut

1784 860 1926 885 restituantur,
1935 866 1970 881 cu-

1784 886 1847 908 rabit.

1785 809 1823 826 [nrt
1836 814 1840 831 ;

1812 1443 1888 1465 Pacem
1899 1449 1968 1465 veram

1787 1470 1822 1491 dat
1835 1471 1938 1492 Pontifici.

1798 1924 1923 1947 signatur-ae
1934 1930 1968 1945 ec-

1786 1952 1966 1975 ctesiasticorum,

1791 1978 1908 2003 principum
1941 1980 1961 1998 et

1786 2004 1864 2030 Papae,
