<?xml version="1.0" encoding="UTF-8"?>
<!DOCTYPE html PUBLIC "-//W3C//DTD XHTML 1.0 Transitional//EN"
    "http://www.w3.org/TR/xhtml1/DTD/xhtml1-transitional.dtd">
<html xmlns="http://www.w3.org/1999/xhtml" xml:lang="en" lang="en">
 <head>
  <title>
</title>
<meta http-equiv="Content-Type" content="text/html;charset=utf-8" />
  <meta name='ocr-system' content='tesseract 3.04.00' />
  <meta name='ocr-capabilities' content='ocr_page ocr_carea ocr_par ocr_line ocrx_word'/>
</head>
<body>
  <div class='ocr_page' id='page_1' title='image "./bullarumdiplomat02cath_0294.png"; bbox 0 0 2180 3205; ppageno 0'>
   <div class='ocr_carea' id='block_1_1' title="bbox 174 261 356 288">
    <p class='ocr_par' dir='ltr' id='par_1_1' title="bbox 174 261 356 288">
     <span class='ocr_line' id='line_1_1' title="bbox 174 261 356 288; baseline 0.005 -1"><span class='ocrx_word' id='word_1_1' title='bbox 174 263 222 287; x_wconf 73' lang='lat' dir='ltr'>An.</span> <span class='ocrx_word' id='word_1_2' title='bbox 244 261 271 288; x_wconf 92' lang='lat' dir='ltr'>C.</span> <span class='ocrx_word' id='word_1_3' title='bbox 292 262 356 288; x_wconf 71' lang='lat' dir='ltr'>titt</span> 
     </span>
    </p>
   </div>
   <div class='ocr_carea' id='block_1_2' title="bbox 192 1287 312 1308">
    <p class='ocr_par' dir='ltr' id='par_1_2' title="bbox 192 1287 312 1308">
     <span class='ocr_line' id='line_1_2' title="bbox 192 1287 312 1308; baseline 0.008 -1"><span class='ocrx_word' id='word_1_4' title='bbox 192 1287 312 1308; x_wconf 77' lang='lat' dir='ltr'>Exordium.</span> 
     </span>
    </p>
   </div>
   <div class='ocr_carea' id='block_1_3' title="bbox 157 2211 342 2285">
    <p class='ocr_par' dir='ltr' id='par_1_3' title="bbox 157 2211 342 2285">
     <span class='ocr_line' id='line_1_3' title="bbox 189 2211 342 2233; baseline 0.013 -2"><span class='ocrx_word' id='word_1_5' title='bbox 189 2211 342 2233; x_wconf 75' lang='lat' dir='ltr'>Enumerantur</span> 
     </span>
     <span class='ocr_line' id='line_1_4' title="bbox 157 2237 342 2264; baseline 0.011 -6"><span class='ocrx_word' id='word_1_6' title='bbox 157 2237 213 2258; x_wconf 77' lang='lat' dir='ltr'>bona</span> <span class='ocrx_word' id='word_1_7' title='bbox 228 2243 283 2264; x_wconf 81' lang='lat' dir='ltr'>quae</span> <span class='ocrx_word' id='word_1_8' title='bbox 293 2244 342 2260; x_wconf 91' lang='lat' dir='ltr'>con-</span> 
     </span>
     <span class='ocr_line' id='line_1_5' title="bbox 157 2264 271 2285; baseline 0.009 -1"><span class='ocrx_word' id='word_1_9' title='bbox 157 2264 271 2285; x_wconf 83' lang='lat' dir='ltr'>firmantur.</span> 
     </span>
    </p>
   </div>
   <div class='ocr_carea' id='block_1_4' title="bbox 383 245 1135 353">
    <p class='ocr_par' dir='ltr' id='par_1_4' title="bbox 383 245 1135 353">
     <span class='ocr_line' id='line_1_6' title="bbox 438 245 508 275; baseline 0 0"><span class='ocrx_word' id='word_1_10' title='bbox 438 245 508 275; x_wconf 78' lang='lat'>276</span> 
     </span>
     <span class='ocr_line' id='line_1_7' title="bbox 383 306 1135 353; baseline -0.001 -11"><span class='ocrx_word' id='word_1_11' title='bbox 383 319 467 343; x_wconf 84' lang='lat' dir='ltr'>anno</span> <span class='ocrx_word' id='word_1_12' title='bbox 493 319 611 349; x_wconf 73' lang='lat' dir='ltr'>mcxiv,</span> <span class='ocrx_word' id='word_1_13' title='bbox 636 306 746 353; x_wconf 85' lang='lat' dir='ltr'>pontif.</span> <span class='ocrx_word' id='word_1_14' title='bbox 774 318 900 353; x_wconf 88' lang='lat' dir='ltr'>quoque</span> <span class='ocrx_word' id='word_1_15' title='bbox 935 306 972 340; x_wconf 89' lang='lat' dir='ltr'>D.</span> <span class='ocrx_word' id='word_1_16' title='bbox 996 306 1135 341; x_wconf 88' lang='lat' dir='ltr'>Pascha-</span> 
     </span>
    </p>
   </div>
   <div class='ocr_carea' id='block_1_5' title="bbox 383 360 781 405">
    <p class='ocr_par' dir='ltr' id='par_1_5' title="bbox 383 360 781 405">
     <span class='ocr_line' id='line_1_8' title="bbox 383 360 781 405; baseline -0.005 -11"><span class='ocrx_word' id='word_1_17' title='bbox 383 361 421 395; x_wconf 82' lang='lat' dir='ltr'>lis</span> <span class='ocrx_word' id='word_1_18' title='bbox 443 361 469 394; x_wconf 93' lang='grc'>11</span> <span class='ocrx_word' id='word_1_19' title='bbox 492 360 594 405; x_wconf 85' lang='lat' dir='ltr'>Papae</span> <span class='ocrx_word' id='word_1_20' title='bbox 622 371 704 392; x_wconf 87' lang='lat' dir='ltr'>anno</span> <span class='ocrx_word' id='word_1_21' title='bbox 732 371 781 392; x_wconf 82' lang='lat' dir='ltr'>xv.</span> 
     </span>
    </p>
   </div>
   <div class='ocr_carea' id='block_1_6' title="bbox 422 414 1095 498">
    <p class='ocr_par' dir='ltr' id='par_1_6' title="bbox 422 414 1095 498">
     <span class='ocr_line' id='line_1_9' title="bbox 422 414 1095 453; baseline 0 -7"><span class='ocrx_word' id='word_1_22' title='bbox 422 416 482 446; x_wconf 87' lang='lat' dir='ltr'>Dat.</span> <span class='ocrx_word' id='word_1_23' title='bbox 502 416 549 445; x_wconf 87' lang='lat' dir='ltr'>die</span> <span class='ocrx_word' id='word_1_24' title='bbox 566 415 605 444; x_wconf 72' lang='lat'>25</span> <span class='ocrx_word' id='word_1_25' title='bbox 625 414 766 444; x_wconf 80' lang='lat' dir='ltr'>februarii</span> <span class='ocrx_word' id='word_1_26' title='bbox 784 425 860 445; x_wconf 89' lang='lat' dir='ltr'>anno</span> <span class='ocrx_word' id='word_1_27' title='bbox 874 415 990 445; x_wconf 84' lang='lat' dir='ltr'>Domini</span> <span class='ocrx_word' id='word_1_28' title='bbox 1010 417 1095 453; x_wconf 67' lang='grc'>1111,</span> 
     </span>
     <span class='ocr_line' id='line_1_10' title="bbox 630 459 888 498; baseline 0 -10"><span class='ocrx_word' id='word_1_29' title='bbox 630 459 731 498; x_wconf 85' lang='lat' dir='ltr'>pontis.</span> <span class='ocrx_word' id='word_1_30' title='bbox 751 469 826 489; x_wconf 89' lang='lat' dir='ltr'>auno</span> <span class='ocrx_word' id='word_1_31' title='bbox 845 468 888 489; x_wconf 83' lang='lat' dir='ltr'>xv.</span> 
     </span>
    </p>
   </div>
   <div class='ocr_carea' id='block_1_7' title="bbox 682 520 844 527">
    <p class='ocr_par' dir='ltr' id='par_1_7' title="bbox 682 520 844 527">
     <span class='ocr_line' id='line_1_11' title="bbox 682 520 844 527; baseline 0 0"><span class='ocrx_word' id='word_1_32' title='bbox 682 520 844 527; x_wconf 95' lang='lat' dir='ltr'> </span> 
     </span>
    </p>
   </div>
   <div class='ocr_carea' id='block_1_8' title="bbox 725 590 792 626">
    <p class='ocr_par' dir='ltr' id='par_1_8' title="bbox 725 590 792 626">
     <span class='ocr_line' id='line_1_12' title="bbox 725 590 792 626; baseline -0.015 0"><span class='ocrx_word' id='word_1_33' title='bbox 725 590 792 626; x_wconf 88' lang='lat' dir='ltr'>Lll.</span> 
     </span>
    </p>
   </div>
   <div class='ocr_carea' id='block_1_9' title="bbox 382 665 1132 807">
    <p class='ocr_par' dir='ltr' id='par_1_9' title="bbox 382 665 1132 807">
     <span class='ocr_line' id='line_1_13' title="bbox 382 665 1132 709; baseline 0.003 -13"><span class='ocrx_word' id='word_1_34' title='bbox 382 665 585 707; x_wconf 80' lang='lat' dir='ltr'>Confirmatio</span> <span class='ocrx_word' id='word_1_35' title='bbox 619 665 792 706; x_wconf 76' lang='lat' dir='ltr'>bonorum,</span> <span class='ocrx_word' id='word_1_36' title='bbox 823 676 900 709; x_wconf 78' lang='lat' dir='ltr'>quae</span> <span class='ocrx_word' id='word_1_37' title='bbox 936 665 1132 698; x_wconf 79' lang='lat' dir='ltr'>Cluniacense</span> 
     </span>
     <span class='ocr_line' id='line_1_14' title="bbox 428 713 1131 757; baseline 0.001 -11"><span class='ocrx_word' id='word_1_38' title='bbox 428 713 647 746; x_wconf 78' lang='lat' dir='ltr'>monasterium</span> <span class='ocrx_word' id='word_1_39' title='bbox 672 714 805 757; x_wconf 76' lang='lat' dir='ltr'><em>possidet</em></span> <span class='ocrx_word' id='word_1_40' title='bbox 831 715 864 746; x_wconf 77' lang='lat' dir='ltr'>in</span> <span class='ocrx_word' id='word_1_41' title='bbox 888 714 1019 757; x_wconf 73' lang='lat' dir='ltr'>Anylia,</span> <span class='ocrx_word' id='word_1_42' title='bbox 1044 715 1131 747; x_wconf 83' lang='lat' dir='ltr'>Nor-</span> 
     </span>
     <span class='ocr_line' id='line_1_15' title="bbox 428 763 972 807; baseline 0.004 -13"><span class='ocrx_word' id='word_1_43' title='bbox 428 763 556 795; x_wconf 82' lang='lat' dir='ltr'>mannia</span> <span class='ocrx_word' id='word_1_44' title='bbox 583 769 609 795; x_wconf 82' lang='lat' dir='ltr'>et</span> <span class='ocrx_word' id='word_1_45' title='bbox 630 763 703 795; x_wconf 82' lang='lat' dir='ltr'>aliis</span> <span class='ocrx_word' id='word_1_46' title='bbox 726 763 895 807; x_wconf 76' lang='lat' dir='ltr'>provinciis</span> <span class='ocrx_word' id='word_1_47' title='bbox 916 765 972 804; x_wconf 68' lang='lat' dir='ltr'>(tt.</span> 
     </span>
    </p>
   </div>
   <div class='ocr_carea' id='block_1_10' title="bbox 648 835 862 866">
    <p class='ocr_par' dir='ltr' id='par_1_10' title="bbox 648 835 862 866">
     <span class='ocr_line' id='line_1_16' title="bbox 648 835 862 866; baseline 0 -1"><span class='ocrx_word' id='word_1_48' title='bbox 648 835 862 866; x_wconf 73' lang='lat' dir='ltr'><strong>SUMMARIUM</strong></span> 
     </span>
    </p>
   </div>
   <div class='ocr_carea' id='block_1_11' title="bbox 379 901 1129 1030">
    <p class='ocr_par' dir='ltr' id='par_1_11' title="bbox 379 901 1129 1030">
     <span class='ocr_line' id='line_1_17' title="bbox 379 901 1127 942; baseline 0.001 -11"><span class='ocrx_word' id='word_1_49' title='bbox 379 901 545 931; x_wconf 85' lang='lat' dir='ltr'>Exordium.</span> <span class='ocrx_word' id='word_1_50' title='bbox 563 919 602 924; x_wconf 97' lang='lat'><strong>—</strong></span> <span class='ocrx_word' id='word_1_51' title='bbox 619 902 833 931; x_wconf 85' lang='lat' dir='ltr'>Enumerantur</span> <span class='ocrx_word' id='word_1_52' title='bbox 856 902 931 932; x_wconf 89' lang='lat' dir='ltr'>bona</span> <span class='ocrx_word' id='word_1_53' title='bbox 954 912 1028 942; x_wconf 88' lang='lat' dir='ltr'>quae</span> <span class='ocrx_word' id='word_1_54' title='bbox 1052 912 1127 932; x_wconf 92' lang='lat' dir='ltr'>con-</span> 
     </span>
     <span class='ocr_line' id='line_1_18' title="bbox 418 946 1129 976; baseline 0 -1"><span class='ocrx_word' id='word_1_55' title='bbox 418 947 582 976; x_wconf 81' lang='lat' dir='ltr'>firmantur.</span> <span class='ocrx_word' id='word_1_56' title='bbox 599 963 638 968; x_wconf 97' lang='lat'><strong>—</strong></span> <span class='ocrx_word' id='word_1_57' title='bbox 659 946 785 975; x_wconf 81' lang='lat' dir='ltr'>Solitum</span> <span class='ocrx_word' id='word_1_58' title='bbox 809 946 957 975; x_wconf 86' lang='lat' dir='ltr'>decretum</span> <span class='ocrx_word' id='word_1_59' title='bbox 988 947 1129 976; x_wconf 89' lang='lat' dir='ltr'>immuni-</span> 
     </span>
     <span class='ocr_line' id='line_1_19' title="bbox 417 989 1097 1030; baseline 0.001 -11"><span class='ocrx_word' id='word_1_60' title='bbox 417 991 482 1020; x_wconf 85' lang='lat' dir='ltr'>tatis</span> <span class='ocrx_word' id='word_1_61' title='bbox 502 995 529 1020; x_wconf 87' lang='lat' dir='ltr'>et</span> <span class='ocrx_word' id='word_1_62' title='bbox 548 990 750 1029; x_wconf 80' lang='lat' dir='ltr'>exemptionis.</span> <span class='ocrx_word' id='word_1_63' title='bbox 772 1006 812 1012; x_wconf 89' lang='lat'><strong>—</strong></span> <span class='ocrx_word' id='word_1_64' title='bbox 829 989 884 1019; x_wconf 82' lang='lat' dir='ltr'>PP.</span> <span class='ocrx_word' id='word_1_65' title='bbox 905 990 1097 1030; x_wconf 86' lang='lat' dir='ltr'>subscriptio.</span> 
     </span>
    </p>
   </div>
   <div class='ocr_carea' id='block_1_12' title="bbox 376 1061 1128 1244">
    <p class='ocr_par' dir='ltr' id='par_1_12' title="bbox 376 1061 1128 1244">
     <span class='ocr_line' id='line_1_20' title="bbox 376 1061 1127 1097; baseline 0 -8"><span class='ocrx_word' id='word_1_66' title='bbox 376 1061 512 1089; x_wconf 69' lang='lat' dir='ltr'>paschatis</span> <span class='ocrx_word' id='word_1_67' title='bbox 531 1061 671 1097; x_wconf 79' lang='lat' dir='ltr'>episcopus</span> <span class='ocrx_word' id='word_1_68' title='bbox 690 1067 784 1089; x_wconf 86' lang='lat' dir='ltr'>servus</span> <span class='ocrx_word' id='word_1_69' title='bbox 801 1067 940 1088; x_wconf 85' lang='lat' dir='ltr'>servorum</span> <span class='ocrx_word' id='word_1_70' title='bbox 952 1061 1006 1094; x_wconf 84' lang='lat' dir='ltr'>Dei,</span> <span class='ocrx_word' id='word_1_71' title='bbox 1025 1061 1127 1089; x_wconf 81' lang='lat' dir='ltr'>charis-</span> 
     </span>
     <span class='ocr_line' id='line_1_21' title="bbox 421 1109 1128 1147; baseline 0.001 -9"><span class='ocrx_word' id='word_1_72' title='bbox 421 1111 490 1139; x_wconf 87' lang='lat' dir='ltr'>simo</span> <span class='ocrx_word' id='word_1_73' title='bbox 513 1110 567 1138; x_wconf 87' lang='lat' dir='ltr'>filio</span> <span class='ocrx_word' id='word_1_74' title='bbox 587 1110 679 1138; x_wconf 88' lang='lat' dir='ltr'>Pontio</span> <span class='ocrx_word' id='word_1_75' title='bbox 704 1109 871 1138; x_wconf 79' lang='lat' dir='ltr'>cluniacensi</span> <span class='ocrx_word' id='word_1_76' title='bbox 895 1110 998 1143; x_wconf 81' lang='lat' dir='ltr'>abbati,</span> <span class='ocrx_word' id='word_1_77' title='bbox 1019 1111 1128 1147; x_wconf 77' lang='lat' dir='ltr'>eiusque</span> 
     </span>
     <span class='ocr_line' id='line_1_22' title="bbox 420 1158 1127 1194; baseline 0.001 -7"><span class='ocrx_word' id='word_1_78' title='bbox 420 1160 619 1188; x_wconf 79' lang='lat' dir='ltr'>successoribus</span> <span class='ocrx_word' id='word_1_79' title='bbox 656 1158 821 1194; x_wconf 76' lang='lat' dir='ltr'>regulariter</span> <span class='ocrx_word' id='word_1_80' title='bbox 853 1159 1061 1192; x_wconf 79' lang='lat' dir='ltr'>substituendis,</span> <span class='ocrx_word' id='word_1_81' title='bbox 1098 1160 1127 1188; x_wconf 89' lang='lat' dir='ltr'>iu</span> 
     </span>
     <span class='ocr_line' id='line_1_23' title="bbox 419 1210 589 1244; baseline 0 -7"><span class='ocrx_word' id='word_1_82' title='bbox 419 1210 589 1244; x_wconf 77' lang='lat' dir='ltr'>perpetuum.</span> 
     </span>
    </p>
   </div>
   <div class='ocr_carea' id='block_1_13' title="bbox 369 1275 1126 2558">
    <p class='ocr_par' dir='ltr' id='par_1_13' title="bbox 369 1275 1126 2558">
     <span class='ocr_line' id='line_1_24' title="bbox 424 1275 1126 1323; baseline 0.001 -13"><span class='ocrx_word' id='word_1_83' title='bbox 424 1275 624 1322; x_wconf 82' lang='lat' dir='ltr'>Apostolicae</span> <span class='ocrx_word' id='word_1_84' title='bbox 642 1275 736 1311; x_wconf 88' lang='lat' dir='ltr'>Sedis</span> <span class='ocrx_word' id='word_1_85' title='bbox 758 1275 941 1310; x_wconf 84' lang='lat' dir='ltr'>auctoritate</span> <span class='ocrx_word' id='word_1_86' title='bbox 956 1275 1126 1323; x_wconf 85' lang='lat' dir='ltr'>debitoque</span> 
     </span>
     <span class='ocr_line' id='line_1_25' title="bbox 374 1329 1126 1376; baseline 0.001 -13"><span class='ocrx_word' id='word_1_87' title='bbox 374 1329 613 1376; x_wconf 85' lang='lat' dir='ltr'>compellimur,</span> <span class='ocrx_word' id='word_1_88' title='bbox 650 1341 704 1376; x_wconf 89' lang='lat' dir='ltr'>pro</span> <span class='ocrx_word' id='word_1_89' title='bbox 728 1329 944 1364; x_wconf 87' lang='lat' dir='ltr'>universarum</span> <span class='ocrx_word' id='word_1_90' title='bbox 969 1329 1126 1364; x_wconf 83' lang='lat' dir='ltr'>Ecclesia-</span> 
     </span>
     <span class='ocr_line' id='line_1_26' title="bbox 375 1383 1125 1429; baseline 0.001 -12"><span class='ocrx_word' id='word_1_91' title='bbox 375 1395 444 1417; x_wconf 90' lang='lat' dir='ltr'>rum</span> <span class='ocrx_word' id='word_1_92' title='bbox 467 1390 551 1417; x_wconf 87' lang='lat' dir='ltr'>statu</span> <span class='ocrx_word' id='word_1_93' title='bbox 584 1391 744 1429; x_wconf 72' lang='lat' dir='ltr'>satagere,</span> <span class='ocrx_word' id='word_1_94' title='bbox 783 1390 813 1417; x_wconf 87' lang='lat' dir='ltr'>et</span> <span class='ocrx_word' id='word_1_95' title='bbox 845 1394 951 1417; x_wconf 86' lang='lat' dir='ltr'>earum</span> <span class='ocrx_word' id='word_1_96' title='bbox 990 1383 1125 1418; x_wconf 81' lang='lat' dir='ltr'>maxime</span> 
     </span>
     <span class='ocr_line' id='line_1_27' title="bbox 375 1436 1125 1483; baseline 0.004 -14"><span class='ocrx_word' id='word_1_97' title='bbox 375 1436 485 1483; x_wconf 79' lang='lat' dir='ltr'>quieti,</span> <span class='ocrx_word' id='word_1_98' title='bbox 513 1448 575 1483; x_wconf 89' lang='lat' dir='ltr'>quo</span> <span class='ocrx_word' id='word_1_99' title='bbox 597 1436 671 1471; x_wconf 88' lang='lat' dir='ltr'>Sedi</span> <span class='ocrx_word' id='word_1_100' title='bbox 694 1436 796 1471; x_wconf 84' lang='lat' dir='ltr'>eidem</span> <span class='ocrx_word' id='word_1_101' title='bbox 819 1437 986 1483; x_wconf 88' lang='lat' dir='ltr'>specialius</span> <span class='ocrx_word' id='word_1_102' title='bbox 1008 1437 1125 1472; x_wconf 88' lang='lat' dir='ltr'>adhae-</span> 
     </span>
     <span class='ocr_line' id='line_1_28' title="bbox 375 1490 1124 1538; baseline 0.004 -15"><span class='ocrx_word' id='word_1_103' title='bbox 375 1498 456 1533; x_wconf 83' lang='lat' dir='ltr'>rent,</span> <span class='ocrx_word' id='word_1_104' title='bbox 482 1502 517 1524; x_wconf 89' lang='lat' dir='ltr'>ac</span> <span class='ocrx_word' id='word_1_105' title='bbox 544 1498 702 1537; x_wconf 85' lang='lat' dir='ltr'>tamquam</span> <span class='ocrx_word' id='word_1_106' title='bbox 727 1490 793 1525; x_wconf 90' lang='lat' dir='ltr'>iure</span> <span class='ocrx_word' id='word_1_107' title='bbox 817 1491 944 1538; x_wconf 91' lang='lat' dir='ltr'>proprio</span> <span class='ocrx_word' id='word_1_108' title='bbox 965 1491 1124 1526; x_wconf 81' lang='lat' dir='ltr'>subiectae</span> 
     </span>
     <span class='ocr_line' id='line_1_29' title="bbox 374 1543 1122 1591; baseline 0.005 -15"><span class='ocrx_word' id='word_1_109' title='bbox 374 1551 459 1585; x_wconf 82' lang='lat' dir='ltr'>sunt,</span> <span class='ocrx_word' id='word_1_110' title='bbox 481 1550 511 1576; x_wconf 88' lang='lat' dir='ltr'>et</span> <span class='ocrx_word' id='word_1_111' title='bbox 525 1543 668 1589; x_wconf 85' lang='lat' dir='ltr'>ampliori</span> <span class='ocrx_word' id='word_1_112' title='bbox 685 1544 845 1590; x_wconf 79' lang='lat' dir='ltr'>religionis</span> <span class='ocrx_word' id='word_1_113' title='bbox 861 1545 1122 1591; x_wconf 82' lang='lat' dir='ltr'>eminentgratia,</span> 
     </span>
     <span class='ocr_line' id='line_1_30' title="bbox 374 1595 1124 1646; baseline 0.005 -16"><span class='ocrx_word' id='word_1_114' title='bbox 374 1595 541 1630; x_wconf 75' lang='lat' dir='ltr'>auxiliante</span> <span class='ocrx_word' id='word_1_115' title='bbox 571 1596 722 1637; x_wconf 81' lang='lat' dir='ltr'>Domino,</span> <span class='ocrx_word' id='word_1_116' title='bbox 751 1598 924 1643; x_wconf 81' lang='lat' dir='ltr'>providere.</span> <span class='ocrx_word' id='word_1_117' title='bbox 948 1598 1124 1646; x_wconf 87' lang='lat' dir='ltr'>Eapropter</span> 
     </span>
     <span class='ocr_line' id='line_1_31' title="bbox 376 1649 1123 1695; baseline 0.009 -14"><span class='ocrx_word' id='word_1_118' title='bbox 376 1649 579 1695; x_wconf 73' lang='lat' dir='ltr'>petitionibus</span> <span class='ocrx_word' id='word_1_119' title='bbox 604 1651 677 1693; x_wconf 89' lang='lat' dir='ltr'>tuis,</span> <span class='ocrx_word' id='word_1_120' title='bbox 701 1651 742 1684; x_wconf 81' lang='grc'>1111</span> <span class='ocrx_word' id='word_1_121' title='bbox 766 1652 795 1685; x_wconf 85' lang='grc'>111</span> <span class='ocrx_word' id='word_1_122' title='bbox 819 1651 946 1687; x_wconf 90' lang='lat' dir='ltr'>Christo</span> <span class='ocrx_word' id='word_1_123' title='bbox 969 1653 1123 1688; x_wconf 88' lang='lat' dir='ltr'>charissi-</span> 
     </span>
     <span class='ocr_line' id='line_1_32' title="bbox 375 1703 1123 1744; baseline 0.008 -9"><span class='ocrx_word' id='word_1_124' title='bbox 375 1715 424 1736; x_wconf 88' lang='lat' dir='ltr'>me</span> <span class='ocrx_word' id='word_1_125' title='bbox 453 1703 563 1744; x_wconf 81' lang='lat' dir='ltr'>Ponti,</span> <span class='ocrx_word' id='word_1_126' title='bbox 591 1716 653 1738; x_wconf 88' lang='lat' dir='ltr'>non</span> <span class='ocrx_word' id='word_1_127' title='bbox 685 1705 840 1739; x_wconf 88' lang='lat' dir='ltr'>immerito</span> <span class='ocrx_word' id='word_1_128' title='bbox 862 1707 1043 1741; x_wconf 83' lang='lat' dir='ltr'>censuimus</span> <span class='ocrx_word' id='word_1_129' title='bbox 1065 1720 1123 1741; x_wconf 86' lang='lat' dir='ltr'>an-</span> 
     </span>
     <span class='ocr_line' id='line_1_33' title="bbox 377 1756 1122 1804; baseline 0.007 -14"><span class='ocrx_word' id='word_1_130' title='bbox 377 1756 562 1801; x_wconf 81' lang='lat' dir='ltr'>nuendum,</span> <span class='ocrx_word' id='word_1_131' title='bbox 590 1766 623 1792; x_wconf 91' lang='lat' dir='ltr'>ut</span> <span class='ocrx_word' id='word_1_132' title='bbox 649 1757 858 1794; x_wconf 86' lang='lat' dir='ltr'>Cluniacense</span> <span class='ocrx_word' id='word_1_133' title='bbox 887 1761 1122 1804; x_wconf 84' lang='lat' dir='ltr'>monasterium,</span> 
     </span>
     <span class='ocr_line' id='line_1_34' title="bbox 377 1811 1123 1860; baseline 0.005 -15"><span class='ocrx_word' id='word_1_134' title='bbox 377 1812 426 1845; x_wconf 88' lang='lat' dir='ltr'>cui</span> <span class='ocrx_word' id='word_1_135' title='bbox 463 1811 530 1845; x_wconf 83' lang='lat' dir='ltr'>Deo</span> <span class='ocrx_word' id='word_1_136' title='bbox 563 1820 690 1846; x_wconf 85' lang='lat' dir='ltr'>auctore</span> <span class='ocrx_word' id='word_1_137' title='bbox 718 1813 887 1859; x_wconf 80' lang='lat' dir='ltr'>praesides,</span> <span class='ocrx_word' id='word_1_138' title='bbox 922 1814 1123 1860; x_wconf 81' lang='lat' dir='ltr'>Apostolicae</span> 
     </span>
     <span class='ocr_line' id='line_1_35' title="bbox 375 1863 1123 1914; baseline 0.007 -17"><span class='ocrx_word' id='word_1_139' title='bbox 375 1863 468 1898; x_wconf 82' lang='lat' dir='ltr'>Sedis</span> <span class='ocrx_word' id='word_1_140' title='bbox 490 1865 654 1911; x_wconf 86' lang='lat' dir='ltr'>privilegio</span> <span class='ocrx_word' id='word_1_141' title='bbox 677 1866 884 1901; x_wconf 79' lang='lat' dir='ltr'>muniremus.</span> <span class='ocrx_word' id='word_1_142' title='bbox 924 1867 996 1901; x_wconf 86' lang='lat' dir='ltr'>lllas</span> <span class='ocrx_word' id='word_1_143' title='bbox 1029 1868 1123 1914; x_wconf 85' lang='lat' dir='ltr'>igitur</span> 
     </span>
     <span class='ocr_line' id='line_1_36' title="bbox 373 1918 1122 1966; baseline 0.005 -15"><span class='ocrx_word' id='word_1_144' title='bbox 373 1918 600 1964; x_wconf 74' lang='lat' dir='ltr'>possessiones,</span> <span class='ocrx_word' id='word_1_145' title='bbox 623 1931 702 1965; x_wconf 90' lang='lat' dir='ltr'>quae</span> <span class='ocrx_word' id='word_1_146' title='bbox 723 1927 794 1954; x_wconf 85' lang='lat' dir='ltr'>tuae</span> <span class='ocrx_word' id='word_1_147' title='bbox 814 1920 1014 1966; x_wconf 79' lang='lat' dir='ltr'>praelationis</span> <span class='ocrx_word' id='word_1_148' title='bbox 1035 1929 1122 1955; x_wconf 85' lang='lat' dir='ltr'>tem—</span> 
     </span>
     <span class='ocr_line' id='line_1_37' title="bbox 373 1971 1123 2021; baseline 0.007 -17"><span class='ocrx_word' id='word_1_149' title='bbox 373 1982 448 2017; x_wconf 83' lang='lat' dir='ltr'>pore</span> <span class='ocrx_word' id='word_1_150' title='bbox 469 1971 637 2017; x_wconf 85' lang='lat' dir='ltr'>acquisitae</span> <span class='ocrx_word' id='word_1_151' title='bbox 658 1981 743 2017; x_wconf 71' lang='grc'>53111,</span> <span class='ocrx_word' id='word_1_152' title='bbox 771 1981 801 2007; x_wconf 87' lang='lat' dir='ltr'>et</span> <span class='ocrx_word' id='word_1_153' title='bbox 822 1973 861 2007; x_wconf 91' lang='lat' dir='ltr'>ab</span> <span class='ocrx_word' id='word_1_154' title='bbox 882 1974 1040 2021; x_wconf 83' lang='lat' dir='ltr'>episcopis</span> <span class='ocrx_word' id='word_1_155' title='bbox 1065 1984 1123 2009; x_wconf 82' lang='lat' dir='ltr'>tra-</span> 
     </span>
     <span class='ocr_line' id='line_1_38' title="bbox 372 2024 1122 2073; baseline 0.007 -15"><span class='ocrx_word' id='word_1_156' title='bbox 372 2024 467 2068; x_wconf 85' lang='lat' dir='ltr'>ditae,</span> <span class='ocrx_word' id='word_1_157' title='bbox 491 2025 536 2059; x_wconf 76' lang='lat' dir='ltr'>vel</span> <span class='ocrx_word' id='word_1_158' title='bbox 560 2038 615 2072; x_wconf 89' lang='lat' dir='ltr'>per</span> <span class='ocrx_word' id='word_1_159' title='bbox 636 2026 803 2073; x_wconf 89' lang='lat' dir='ltr'>episcopos</span> <span class='ocrx_word' id='word_1_160' title='bbox 825 2028 1037 2069; x_wconf 84' lang='lat' dir='ltr'>confirmatae,</span> <span class='ocrx_word' id='word_1_161' title='bbox 1067 2041 1122 2063; x_wconf 83' lang='lat' dir='ltr'>nos</span> 
     </span>
     <span class='ocr_line' id='line_1_39' title="bbox 373 2078 1122 2129; baseline 0.007 -17"><span class='ocrx_word' id='word_1_162' title='bbox 373 2078 427 2112; x_wconf 86' lang='lat' dir='ltr'>tibi</span> <span class='ocrx_word' id='word_1_163' title='bbox 464 2079 587 2126; x_wconf 86' lang='lat' dir='ltr'>tuisque</span> <span class='ocrx_word' id='word_1_164' title='bbox 627 2080 884 2124; x_wconf 78' lang='lat' dir='ltr'>successoribus,</span> <span class='ocrx_word' id='word_1_165' title='bbox 917 2090 947 2115; x_wconf 87' lang='lat' dir='ltr'>et</span> <span class='ocrx_word' id='word_1_166' title='bbox 975 2094 1030 2129; x_wconf 86' lang='lat' dir='ltr'>per</span> <span class='ocrx_word' id='word_1_167' title='bbox 1068 2095 1122 2117; x_wconf 80' lang='lat' dir='ltr'>vos</span> 
     </span>
     <span class='ocr_line' id='line_1_40' title="bbox 371 2131 1122 2171; baseline 0.008 -6"><span class='ocrx_word' id='word_1_168' title='bbox 371 2131 474 2166; x_wconf 82' lang='lat' dir='ltr'>eidem</span> <span class='ocrx_word' id='word_1_169' title='bbox 527 2132 728 2168; x_wconf 88' lang='lat' dir='ltr'>Cluniacensi</span> <span class='ocrx_word' id='word_1_170' title='bbox 773 2135 963 2169; x_wconf 87' lang='lat' dir='ltr'>monasterio</span> <span class='ocrx_word' id='word_1_171' title='bbox 1005 2138 1122 2171; x_wconf 82' lang='lat' dir='ltr'>confir-</span> 
     </span>
     <span class='ocr_line' id='line_1_41' title="bbox 371 2187 1122 2226; baseline 0.009 -7"><span class='ocrx_word' id='word_1_172' title='bbox 371 2198 513 2220; x_wconf 88' lang='lat' dir='ltr'>mamus:</span> <span class='ocrx_word' id='word_1_173' title='bbox 551 2187 580 2221; x_wconf 93' lang='lat' dir='ltr'>in</span> <span class='ocrx_word' id='word_1_174' title='bbox 620 2187 811 2222; x_wconf 80' lang='lat' dir='ltr'>Norinannia</span> <span class='ocrx_word' id='word_1_175' title='bbox 850 2188 996 2225; x_wconf 72' lang='lat' dir='ltr'>videlicet</span> <span class='ocrx_word' id='word_1_176' title='bbox 1024 2191 1122 2226; x_wconf 88' lang='lat' dir='ltr'>eccle-</span> 
     </span>
     <span class='ocr_line' id='line_1_42' title="bbox 370 2240 1122 2290; baseline 0.007 -16"><span class='ocrx_word' id='word_1_177' title='bbox 370 2240 448 2274; x_wconf 87' lang='lat' dir='ltr'>siam</span> <span class='ocrx_word' id='word_1_178' title='bbox 491 2240 542 2275; x_wconf 83' lang='lat' dir='ltr'>Ss.</span> <span class='ocrx_word' id='word_1_179' title='bbox 578 2240 712 2276; x_wconf 88' lang='lat' dir='ltr'>Cosmae</span> <span class='ocrx_word' id='word_1_180' title='bbox 747 2249 777 2275; x_wconf 89' lang='lat' dir='ltr'>et</span> <span class='ocrx_word' id='word_1_181' title='bbox 813 2241 957 2276; x_wconf 87' lang='lat' dir='ltr'>Damiani</span> <span class='ocrx_word' id='word_1_182' title='bbox 993 2243 1025 2278; x_wconf 90' lang='lat' dir='ltr'>in</span> <span class='ocrx_word' id='word_1_183' title='bbox 1059 2244 1122 2290; x_wconf 89' lang='lat' dir='ltr'>epi-</span> 
     </span>
     <span class='ocr_line' id='line_1_43' title="bbox 370 2295 1120 2343; baseline 0.007 -16"><span class='ocrx_word' id='word_1_184' title='bbox 370 2302 499 2340; x_wconf 88' lang='lat' dir='ltr'>scopatu</span> <span class='ocrx_word' id='word_1_185' title='bbox 523 2295 773 2330; x_wconf 87' lang='lat' dir='ltr'>Constantiensi:</span> <span class='ocrx_word' id='word_1_186' title='bbox 810 2296 841 2329; x_wconf 91' lang='lat' dir='ltr'>in</span> <span class='ocrx_word' id='word_1_187' title='bbox 869 2296 980 2343; x_wconf 79' lang='lat' dir='ltr'>Anglia</span> <span class='ocrx_word' id='word_1_188' title='bbox 1016 2298 1120 2332; x_wconf 89' lang='lat' dir='ltr'>eccle-</span> 
     </span>
     <span class='ocr_line' id='line_1_44' title="bbox 369 2347 1118 2385; baseline 0.005 -4"><span class='ocrx_word' id='word_1_189' title='bbox 369 2347 447 2381; x_wconf 89' lang='lat' dir='ltr'>siam</span> <span class='ocrx_word' id='word_1_190' title='bbox 480 2347 614 2383; x_wconf 87' lang='lat' dir='ltr'>Sanctae</span> <span class='ocrx_word' id='word_1_191' title='bbox 652 2349 814 2384; x_wconf 80' lang='lat' dir='ltr'>Trinitatis</span> <span class='ocrx_word' id='word_1_192' title='bbox 843 2349 881 2384; x_wconf 87' lang='lat' dir='ltr'>de</span> <span class='ocrx_word' id='word_1_193' title='bbox 911 2350 1054 2385; x_wconf 75' lang='lat' dir='ltr'>Lentone</span> <span class='ocrx_word' id='word_1_194' title='bbox 1089 2351 1118 2385; x_wconf 94' lang='lat' dir='ltr'>in</span> 
     </span>
     <span class='ocr_line' id='line_1_45' title="bbox 370 2401 1121 2451; baseline 0.005 -17"><span class='ocrx_word' id='word_1_195' title='bbox 370 2410 472 2435; x_wconf 82' lang='lat' dir='ltr'>castro</span> <span class='ocrx_word' id='word_1_196' title='bbox 493 2401 725 2449; x_wconf 84' lang='lat' dir='ltr'>Notingahant:</span> <span class='ocrx_word' id='word_1_197' title='bbox 749 2403 779 2437; x_wconf 91' lang='lat' dir='ltr'>in</span> <span class='ocrx_word' id='word_1_198' title='bbox 802 2403 983 2451; x_wconf 86' lang='lat' dir='ltr'>episcopatu</span> <span class='ocrx_word' id='word_1_199' title='bbox 1007 2404 1121 2438; x_wconf 90' lang='lat' dir='ltr'>Bisun-</span> 
     </span>
     <span class='ocr_line' id='line_1_46' title="bbox 371 2453 1121 2496; baseline 0.008 -9"><span class='ocrx_word' id='word_1_200' title='bbox 371 2453 436 2488; x_wconf 85' lang='lat' dir='ltr'>tino</span> <span class='ocrx_word' id='word_1_201' title='bbox 458 2456 682 2491; x_wconf 86' lang='lat' dir='ltr'>monasterium</span> <span class='ocrx_word' id='word_1_202' title='bbox 706 2456 745 2491; x_wconf 88' lang='lat' dir='ltr'>de</span> <span class='ocrx_word' id='word_1_203' title='bbox 774 2457 843 2491; x_wconf 85' lang='lat' dir='ltr'>Alta</span> <span class='ocrx_word' id='word_1_204' title='bbox 873 2457 975 2496; x_wconf 83' lang='lat' dir='ltr'>Petra,</span> <span class='ocrx_word' id='word_1_205' title='bbox 1005 2466 1035 2492; x_wconf 89' lang='lat' dir='ltr'>et</span> <span class='ocrx_word' id='word_1_206' title='bbox 1056 2470 1121 2493; x_wconf 89' lang='lat' dir='ltr'>mo-</span> 
     </span>
     <span class='ocr_line' id='line_1_47' title="bbox 370 2508 1118 2558; baseline 0.008 -18"><span class='ocrx_word' id='word_1_207' title='bbox 370 2508 539 2543; x_wconf 88' lang='lat' dir='ltr'>nasterium</span> <span class='ocrx_word' id='word_1_208' title='bbox 567 2509 606 2544; x_wconf 92' lang='lat' dir='ltr'>de</span> <span class='ocrx_word' id='word_1_209' title='bbox 627 2510 841 2546; x_wconf 86' lang='lat' dir='ltr'>Valle-Clusa:</span> <span class='ocrx_word' id='word_1_210' title='bbox 880 2511 908 2545; x_wconf 92' lang='lat' dir='ltr'>in</span> <span class='ocrx_word' id='word_1_211' title='bbox 937 2511 1118 2558; x_wconf 86' lang='lat' dir='ltr'>episcopatu</span> 
     </span>
    </p>
   </div>
   <div class='ocr_carea' id='block_1_14' title="bbox 370 2580 1119 2655">
    <p class='ocr_par' dir='ltr' id='par_1_14' title="bbox 370 2580 1119 2655">
     <span class='ocr_line' id='line_1_48' title="bbox 408 2580 1119 2646; baseline 0.007 -40"><span class='ocrx_word' id='word_1_212' title='bbox 408 2580 502 2646; x_wconf 55' lang='grc' dir='ltr'>(ηὸξῖ</span> <span class='ocrx_word' id='word_1_213' title='bbox 523 2582 685 2610; x_wconf 84' lang='lat' dir='ltr'>Bibliotheca</span> <span class='ocrx_word' id='word_1_214' title='bbox 696 2583 860 2612; x_wconf 85' lang='lat' dir='ltr'>Cluniacensi</span> <span class='ocrx_word' id='word_1_215' title='bbox 881 2584 985 2611; x_wconf 79' lang='lat' dir='ltr'>Martini</span> <span class='ocrx_word' id='word_1_216' title='bbox 1009 2585 1119 2611; x_wconf 78' lang='lat' dir='ltr'>Marrier</span> 
     </span>
     <span class='ocr_line' id='line_1_49' title="bbox 370 2626 508 2655; baseline 0.014 -11"><span class='ocrx_word' id='word_1_217' title='bbox 370 2626 428 2655; x_wconf 81' lang='lat' dir='ltr'>pag.</span> <span class='ocrx_word' id='word_1_218' title='bbox 500 2639 508 2646; x_wconf 89' lang='lat'>.</span> 
     </span>
    </p>
   </div>
   <div class='ocr_carea' id='block_1_15' title="bbox 965 252 1346 275">
    <p class='ocr_par' dir='ltr' id='par_1_15' title="bbox 965 252 1346 275">
     <span class='ocr_line' id='line_1_50' title="bbox 965 252 1346 275; baseline 0.003 -1"><span class='ocrx_word' id='word_1_219' title='bbox 965 252 1065 274; x_wconf 66' lang='grc' dir='ltr'><strong>ΒΓΗ-Α</strong></span> <span class='ocrx_word' id='word_1_220' title='bbox 1072 252 1153 275; x_wconf 71' lang='lat' dir='ltr'>ulcu</span> <span class='ocrx_word' id='word_1_221' title='bbox 1182 252 1346 275; x_wconf 67' lang='lat' dir='ltr'>nonaxon</span> 
     </span>
    </p>
   </div>
   <div class='ocr_carea' id='block_1_16' title="bbox 1161 306 1925 2559">
    <p class='ocr_par' dir='ltr' id='par_1_16' title="bbox 1163 306 1925 2130">
     <span class='ocr_line' id='line_1_51' title="bbox 1177 306 1925 346; baseline 0.007 -6"><span class='ocrx_word' id='word_1_222' title='bbox 1177 306 1333 341; x_wconf 86' lang='lat' dir='ltr'>Tolosano</span> <span class='ocrx_word' id='word_1_223' title='bbox 1356 307 1580 342; x_wconf 84' lang='lat' dir='ltr'>monasterium</span> <span class='ocrx_word' id='word_1_224' title='bbox 1592 307 1725 343; x_wconf 85' lang='lat' dir='ltr'>Sanctae</span> <span class='ocrx_word' id='word_1_225' title='bbox 1740 307 1925 346; x_wconf 81' lang='lat' dir='ltr'>Columbae:</span> 
     </span>
     <span class='ocr_line' id='line_1_52' title="bbox 1178 360 1924 398; baseline 0.007 -5"><span class='ocrx_word' id='word_1_226' title='bbox 1178 361 1207 394; x_wconf 88' lang='lat' dir='ltr'>iu</span> <span class='ocrx_word' id='word_1_227' title='bbox 1241 360 1452 395; x_wconf 74' lang='lat' dir='ltr'>Miudoniensi</span> <span class='ocrx_word' id='word_1_228' title='bbox 1481 361 1645 396; x_wconf 90' lang='lat' dir='ltr'>ecclesiam</span> <span class='ocrx_word' id='word_1_229' title='bbox 1672 362 1777 397; x_wconf 88' lang='lat' dir='ltr'>Sancti</span> <span class='ocrx_word' id='word_1_230' title='bbox 1799 363 1924 398; x_wconf 84' lang='lat' dir='ltr'>Martini</span> 
     </span>
     <span class='ocr_line' id='line_1_53' title="bbox 1177 414 1925 459; baseline 0.005 -12"><span class='ocrx_word' id='word_1_231' title='bbox 1177 414 1215 448; x_wconf 78' lang='lat' dir='ltr'>de</span> <span class='ocrx_word' id='word_1_232' title='bbox 1238 414 1370 459; x_wconf 79' lang='lat' dir='ltr'>Negdal:</span> <span class='ocrx_word' id='word_1_233' title='bbox 1408 414 1439 448; x_wconf 93' lang='lat' dir='ltr'>in</span> <span class='ocrx_word' id='word_1_234' title='bbox 1462 414 1607 449; x_wconf 57' lang='lat' dir='ltr'>auriensi</span> <span class='ocrx_word' id='word_1_235' title='bbox 1631 415 1794 450; x_wconf 86' lang='lat' dir='ltr'>ecclesiam</span> <span class='ocrx_word' id='word_1_236' title='bbox 1815 416 1925 452; x_wconf 87' lang='lat' dir='ltr'>Sancti</span> 
     </span>
     <span class='ocr_line' id='line_1_54' title="bbox 1176 467 1924 505; baseline 0.005 -4"><span class='ocrx_word' id='word_1_237' title='bbox 1176 467 1334 502; x_wconf 73' lang='lat' dir='ltr'>Vincentii</span> <span class='ocrx_word' id='word_1_238' title='bbox 1363 467 1402 502; x_wconf 89' lang='lat' dir='ltr'>de</span> <span class='ocrx_word' id='word_1_239' title='bbox 1425 467 1638 503; x_wconf 87' lang='lat' dir='ltr'>Palumbario:</span> <span class='ocrx_word' id='word_1_240' title='bbox 1675 470 1706 503; x_wconf 91' lang='lat' dir='ltr'>in</span> <span class='ocrx_word' id='word_1_241' title='bbox 1728 470 1924 505; x_wconf 80' lang='lat' dir='ltr'>Astoricensi</span> 
     </span>
     <span class='ocr_line' id='line_1_55' title="bbox 1175 520 1924 559; baseline 0.007 -5"><span class='ocrx_word' id='word_1_242' title='bbox 1175 520 1338 555; x_wconf 84' lang='lat' dir='ltr'>ecclesiam</span> <span class='ocrx_word' id='word_1_243' title='bbox 1369 521 1477 555; x_wconf 84' lang='lat' dir='ltr'>Sancti</span> <span class='ocrx_word' id='word_1_244' title='bbox 1498 521 1668 558; x_wconf 86' lang='lat' dir='ltr'>Salvatoris</span> <span class='ocrx_word' id='word_1_245' title='bbox 1695 522 1734 558; x_wconf 91' lang='lat' dir='ltr'>de</span> <span class='ocrx_word' id='word_1_246' title='bbox 1759 523 1924 559; x_wconf 87' lang='lat' dir='ltr'>Valle-Vi-</span> 
     </span>
     <span class='ocr_line' id='line_1_56' title="bbox 1175 573 1924 624; baseline 0.005 -16"><span class='ocrx_word' id='word_1_247' title='bbox 1175 574 1244 608; x_wconf 89' lang='lat' dir='ltr'>ridi.</span> <span class='ocrx_word' id='word_1_248' title='bbox 1268 573 1431 610; x_wconf 87' lang='lat' dir='ltr'>Praeterea</span> <span class='ocrx_word' id='word_1_249' title='bbox 1446 587 1664 622; x_wconf 88' lang='lat' dir='ltr'>quaecumque</span> <span class='ocrx_word' id='word_1_250' title='bbox 1679 576 1816 623; x_wconf 86' lang='lat' dir='ltr'>praedia,</span> <span class='ocrx_word' id='word_1_251' title='bbox 1832 589 1924 624; x_wconf 88' lang='lat' dir='ltr'>quas-</span> 
     </span>
     <span class='ocr_line' id='line_1_57' title="bbox 1173 629 1923 676; baseline 0.004 -13"><span class='ocrx_word' id='word_1_252' title='bbox 1173 641 1309 676; x_wconf 86' lang='lat' dir='ltr'>cumque</span> <span class='ocrx_word' id='word_1_253' title='bbox 1339 629 1553 676; x_wconf 89' lang='lat' dir='ltr'>possessiones</span> <span class='ocrx_word' id='word_1_254' title='bbox 1580 629 1610 663; x_wconf 94' lang='lat' dir='ltr'>in</span> <span class='ocrx_word' id='word_1_255' title='bbox 1635 629 1775 665; x_wconf 82' lang='lat' dir='ltr'>futurum</span> <span class='ocrx_word' id='word_1_256' title='bbox 1797 642 1923 666; x_wconf 85' lang='lat' dir='ltr'>conces-</span> 
     </span>
     <span class='ocr_line' id='line_1_58' title="bbox 1172 683 1922 732; baseline 0.004 -15"><span class='ocrx_word' id='word_1_257' title='bbox 1172 683 1260 718; x_wconf 86' lang='lat' dir='ltr'>sione</span> <span class='ocrx_word' id='word_1_258' title='bbox 1285 683 1486 723; x_wconf 86' lang='lat' dir='ltr'>Pontificum,</span> <span class='ocrx_word' id='word_1_259' title='bbox 1518 683 1702 719; x_wconf 85' lang='lat' dir='ltr'>liberalitate</span> <span class='ocrx_word' id='word_1_260' title='bbox 1729 684 1922 732; x_wconf 84' lang='lat' dir='ltr'>principum,</span> 
     </span>
     <span class='ocr_line' id='line_1_59' title="bbox 1172 736 1922 785; baseline 0.004 -15"><span class='ocrx_word' id='word_1_261' title='bbox 1172 737 1219 771; x_wconf 86' lang='lat' dir='ltr'>vel</span> <span class='ocrx_word' id='word_1_262' title='bbox 1246 737 1404 772; x_wconf 86' lang='lat' dir='ltr'>oblatione</span> <span class='ocrx_word' id='word_1_263' title='bbox 1427 736 1582 781; x_wconf 86' lang='lat' dir='ltr'>fidelium,</span> <span class='ocrx_word' id='word_1_264' title='bbox 1611 737 1690 772; x_wconf 86' lang='lat' dir='ltr'>iuste</span> <span class='ocrx_word' id='word_1_265' title='bbox 1711 744 1805 785; x_wconf 87' lang='lat' dir='ltr'>atque</span> <span class='ocrx_word' id='word_1_266' title='bbox 1832 750 1922 773; x_wconf 89' lang='lat' dir='ltr'>cano-</span> 
     </span>
     <span class='ocr_line' id='line_1_60' title="bbox 1171 790 1923 838; baseline 0.004 -14"><span class='ocrx_word' id='word_1_267' title='bbox 1171 790 1241 826; x_wconf 82' lang='lat' dir='ltr'>nice</span> <span class='ocrx_word' id='word_1_268' title='bbox 1269 791 1410 838; x_wconf 83' lang='lat' dir='ltr'>poteritis</span> <span class='ocrx_word' id='word_1_269' title='bbox 1428 790 1572 838; x_wconf 86' lang='lat' dir='ltr'>adipisci,</span> <span class='ocrx_word' id='word_1_270' title='bbox 1597 790 1684 825; x_wconf 83' lang='lat' dir='ltr'>firma</span> <span class='ocrx_word' id='word_1_271' title='bbox 1699 791 1786 826; x_wconf 92' lang='lat' dir='ltr'>vobis</span> <span class='ocrx_word' id='word_1_272' title='bbox 1799 791 1923 827; x_wconf 86' lang='lat' dir='ltr'>vestris-</span> 
     </span>
     <span class='ocr_line' id='line_1_61' title="bbox 1170 843 1919 891; baseline -0.001 -11"><span class='ocrx_word' id='word_1_273' title='bbox 1170 857 1232 891; x_wconf 87' lang='lat' dir='ltr'>que</span> <span class='ocrx_word' id='word_1_274' title='bbox 1257 845 1504 889; x_wconf 86' lang='lat' dir='ltr'>successoribus,</span> <span class='ocrx_word' id='word_1_275' title='bbox 1526 852 1556 879; x_wconf 88' lang='lat' dir='ltr'>et</span> <span class='ocrx_word' id='word_1_276' title='bbox 1569 843 1683 879; x_wconf 88' lang='lat' dir='ltr'>illibata</span> <span class='ocrx_word' id='word_1_277' title='bbox 1702 852 1919 891; x_wconf 82' lang='lat' dir='ltr'>permaneant.</span> 
     </span>
     <span class='ocr_line' id='line_1_62' title="bbox 1170 897 1922 945; baseline 0 -13"><span class='ocrx_word' id='word_1_278' title='bbox 1170 898 1378 934; x_wconf 88' lang='lat' dir='ltr'>Decernimus</span> <span class='ocrx_word' id='word_1_279' title='bbox 1400 911 1485 945; x_wconf 87' lang='lat' dir='ltr'>ergo,</span> <span class='ocrx_word' id='word_1_280' title='bbox 1511 906 1545 932; x_wconf 90' lang='lat' dir='ltr'>ut</span> <span class='ocrx_word' id='word_1_281' title='bbox 1567 898 1642 932; x_wconf 91' lang='lat' dir='ltr'>nulli</span> <span class='ocrx_word' id='word_1_282' title='bbox 1666 898 1797 932; x_wconf 84' lang='lat' dir='ltr'>omnino</span> <span class='ocrx_word' id='word_1_283' title='bbox 1818 897 1922 932; x_wconf 90' lang='lat' dir='ltr'>homi·</span> 
     </span>
     <span class='ocr_line' id='line_1_63' title="bbox 1170 951 1919 988; baseline 0.001 -2"><span class='ocrx_word' id='word_1_284' title='bbox 1170 965 1245 987; x_wconf 81' lang='lat' dir='ltr'>uun]</span> <span class='ocrx_word' id='word_1_285' title='bbox 1288 952 1381 988; x_wconf 89' lang='lat' dir='ltr'>liceat</span> <span class='ocrx_word' id='word_1_286' title='bbox 1425 952 1507 987; x_wconf 87' lang='lat' dir='ltr'>idem</span> <span class='ocrx_word' id='word_1_287' title='bbox 1542 951 1766 986; x_wconf 84' lang='lat' dir='ltr'>monasterium</span> <span class='ocrx_word' id='word_1_288' title='bbox 1802 960 1919 987; x_wconf 87' lang='lat' dir='ltr'>temere</span> 
     </span>
     <span class='ocr_line' id='line_1_64' title="bbox 1171 1005 1919 1053; baseline 0.001 -13"><span class='ocrx_word' id='word_1_289' title='bbox 1171 1007 1364 1052; x_wconf 83' lang='lat' dir='ltr'>perturbare,</span> <span class='ocrx_word' id='word_1_290' title='bbox 1386 1014 1440 1042; x_wconf 84' lang='lat' dir='ltr'>aut</span> <span class='ocrx_word' id='word_1_291' title='bbox 1461 1007 1530 1040; x_wconf 89' lang='lat' dir='ltr'>eius</span> <span class='ocrx_word' id='word_1_292' title='bbox 1551 1005 1768 1053; x_wconf 88' lang='lat' dir='ltr'>possessiones</span> <span class='ocrx_word' id='word_1_293' title='bbox 1782 1005 1919 1052; x_wconf 82' lang='lat' dir='ltr'>auferre,</span> 
     </span>
     <span class='ocr_line' id='line_1_65' title="bbox 1170 1059 1920 1103; baseline 0.003 -9"><span class='ocrx_word' id='word_1_294' title='bbox 1170 1060 1215 1095; x_wconf 89' lang='lat' dir='ltr'>vel</span> <span class='ocrx_word' id='word_1_295' title='bbox 1239 1061 1356 1096; x_wconf 84' lang='lat' dir='ltr'>ablatas</span> <span class='ocrx_word' id='word_1_296' title='bbox 1377 1061 1523 1103; x_wconf 84' lang='lat' dir='ltr'>retinere,</span> <span class='ocrx_word' id='word_1_297' title='bbox 1546 1060 1706 1100; x_wconf 81' lang='lat' dir='ltr'>minuere,</span> <span class='ocrx_word' id='word_1_298' title='bbox 1741 1059 1789 1094; x_wconf 88' lang='lat' dir='ltr'>vel</span> <span class='ocrx_word' id='word_1_299' title='bbox 1817 1068 1920 1096; x_wconf 87' lang='lat' dir='ltr'>teme-</span> 
     </span>
     <span class='ocr_line' id='line_1_66' title="bbox 1168 1113 1918 1159; baseline 0 -11"><span class='ocrx_word' id='word_1_300' title='bbox 1168 1115 1257 1149; x_wconf 88' lang='lat' dir='ltr'>rariis</span> <span class='ocrx_word' id='word_1_301' title='bbox 1290 1114 1507 1149; x_wconf 76' lang='lat' dir='ltr'>vexationibus</span> <span class='ocrx_word' id='word_1_302' title='bbox 1540 1113 1684 1159; x_wconf 86' lang='lat' dir='ltr'>fatigare;</span> <span class='ocrx_word' id='word_1_303' title='bbox 1717 1113 1773 1148; x_wconf 88' lang='lat' dir='ltr'>sed</span> <span class='ocrx_word' id='word_1_304' title='bbox 1811 1114 1918 1149; x_wconf 87' lang='lat' dir='ltr'>omnia</span> 
     </span>
     <span class='ocr_line' id='line_1_67' title="bbox 1168 1168 1918 1215; baseline 0.003 -14"><span class='ocrx_word' id='word_1_305' title='bbox 1168 1168 1286 1215; x_wconf 87' lang='lat' dir='ltr'>integra</span> <span class='ocrx_word' id='word_1_306' title='bbox 1308 1176 1545 1209; x_wconf 85' lang='lat' dir='ltr'>conserventur,</span> <span class='ocrx_word' id='word_1_307' title='bbox 1567 1179 1689 1208; x_wconf 82' lang='lat' dir='ltr'>eorum,</span> <span class='ocrx_word' id='word_1_308' title='bbox 1712 1179 1767 1214; x_wconf 90' lang='lat' dir='ltr'>pro</span> <span class='ocrx_word' id='word_1_309' title='bbox 1781 1179 1918 1214; x_wconf 90' lang='lat' dir='ltr'>quorum</span> 
     </span>
     <span class='ocr_line' id='line_1_68' title="bbox 1167 1220 1918 1268; baseline 0.003 -13"><span class='ocrx_word' id='word_1_310' title='bbox 1167 1221 1414 1257; x_wconf 80' lang='lat' dir='ltr'>substentatione</span> <span class='ocrx_word' id='word_1_311' title='bbox 1442 1229 1473 1257; x_wconf 88' lang='lat' dir='ltr'>et</span> <span class='ocrx_word' id='word_1_312' title='bbox 1505 1220 1734 1268; x_wconf 81' lang='lat' dir='ltr'>gubernatione</span> <span class='ocrx_word' id='word_1_313' title='bbox 1766 1232 1918 1257; x_wconf 85' lang='lat' dir='ltr'>concessa</span> 
     </span>
     <span class='ocr_line' id='line_1_69' title="bbox 1167 1274 1917 1322; baseline 0 -12"><span class='ocrx_word' id='word_1_314' title='bbox 1167 1284 1250 1321; x_wconf 76' lang='lat' dir='ltr'>sunt,</span> <span class='ocrx_word' id='word_1_315' title='bbox 1273 1277 1384 1311; x_wconf 90' lang='lat' dir='ltr'>usibus</span> <span class='ocrx_word' id='word_1_316' title='bbox 1401 1276 1593 1311; x_wconf 89' lang='lat' dir='ltr'>omnimodis</span> <span class='ocrx_word' id='word_1_317' title='bbox 1610 1274 1782 1322; x_wconf 84' lang='lat' dir='ltr'>profutura.</span> <span class='ocrx_word' id='word_1_318' title='bbox 1805 1274 1917 1322; x_wconf 87' lang='lat' dir='ltr'>Siqua</span> 
     </span>
     <span class='ocr_line' id='line_1_70' title="bbox 1168 1328 1917 1376; baseline 0.001 -13"><span class='ocrx_word' id='word_1_319' title='bbox 1168 1331 1260 1376; x_wconf 83' lang='lat' dir='ltr'>igitur</span> <span class='ocrx_word' id='word_1_320' title='bbox 1282 1331 1312 1365; x_wconf 83' lang='lat' dir='ltr'>in</span> <span class='ocrx_word' id='word_1_321' title='bbox 1341 1331 1480 1365; x_wconf 84' lang='lat' dir='ltr'>futurum</span> <span class='ocrx_word' id='word_1_322' title='bbox 1517 1329 1726 1365; x_wconf 84' lang='lat' dir='ltr'>ecclesiastica</span> <span class='ocrx_word' id='word_1_323' title='bbox 1757 1328 1917 1376; x_wconf 85' lang='lat' dir='ltr'>quaelibet</span> 
     </span>
     <span class='ocr_line' id='line_1_71' title="bbox 1166 1383 1916 1432; baseline -0.004 -13"><span class='ocrx_word' id='word_1_324' title='bbox 1166 1385 1373 1420; x_wconf 81' lang='lat' dir='ltr'>saecularisve</span> <span class='ocrx_word' id='word_1_325' title='bbox 1387 1396 1532 1432; x_wconf 77' lang='lat' dir='ltr'>persona,</span> <span class='ocrx_word' id='word_1_326' title='bbox 1552 1384 1633 1418; x_wconf 86' lang='lat' dir='ltr'>hanc</span> <span class='ocrx_word' id='word_1_327' title='bbox 1651 1390 1775 1417; x_wconf 87' lang='lat' dir='ltr'>nostrae</span> <span class='ocrx_word' id='word_1_328' title='bbox 1797 1383 1916 1417; x_wconf 91' lang='lat' dir='ltr'>consti-</span> 
     </span>
     <span class='ocr_line' id='line_1_72' title="bbox 1166 1438 1916 1486; baseline 0.001 -15"><span class='ocrx_word' id='word_1_329' title='bbox 1166 1438 1294 1473; x_wconf 88' lang='lat' dir='ltr'>tutionis</span> <span class='ocrx_word' id='word_1_330' title='bbox 1310 1439 1455 1486; x_wconf 85' lang='lat' dir='ltr'>paginam</span> <span class='ocrx_word' id='word_1_331' title='bbox 1469 1438 1585 1478; x_wconf 88' lang='lat' dir='ltr'>sciens,</span> <span class='ocrx_word' id='word_1_332' title='bbox 1599 1444 1705 1472; x_wconf 89' lang='lat' dir='ltr'>contra</span> <span class='ocrx_word' id='word_1_333' title='bbox 1717 1448 1785 1471; x_wconf 89' lang='lat' dir='ltr'>eam</span> <span class='ocrx_word' id='word_1_334' title='bbox 1797 1444 1916 1472; x_wconf 90' lang='lat' dir='ltr'>temere</span> 
     </span>
     <span class='ocr_line' id='line_1_73' title="bbox 1167 1490 1916 1533; baseline -0.003 -7"><span class='ocrx_word' id='word_1_335' title='bbox 1167 1493 1269 1527; x_wconf 78' lang='lat' dir='ltr'>venire</span> <span class='ocrx_word' id='word_1_336' title='bbox 1298 1492 1475 1533; x_wconf 83' lang='lat' dir='ltr'>tentaverit,</span> <span class='ocrx_word' id='word_1_337' title='bbox 1503 1491 1643 1527; x_wconf 88' lang='lat' dir='ltr'>secundo</span> <span class='ocrx_word' id='word_1_338' title='bbox 1676 1490 1806 1525; x_wconf 88' lang='lat' dir='ltr'>tertiove</span> <span class='ocrx_word' id='word_1_339' title='bbox 1833 1502 1916 1525; x_wconf 91' lang='lat' dir='ltr'>com-</span> 
     </span>
     <span class='ocr_line' id='line_1_74' title="bbox 1167 1545 1915 1591; baseline -0.001 -12"><span class='ocrx_word' id='word_1_340' title='bbox 1167 1546 1294 1583; x_wconf 81' lang='lat' dir='ltr'>monita,</span> <span class='ocrx_word' id='word_1_341' title='bbox 1317 1546 1342 1580; x_wconf 89' lang='lat' dir='ltr'>si</span> <span class='ocrx_word' id='word_1_342' title='bbox 1359 1558 1420 1580; x_wconf 92' lang='lat' dir='ltr'>non</span> <span class='ocrx_word' id='word_1_343' title='bbox 1434 1545 1646 1580; x_wconf 82' lang='lat' dir='ltr'>satisfactione</span> <span class='ocrx_word' id='word_1_344' title='bbox 1660 1556 1798 1591; x_wconf 83' lang='lat' dir='ltr'>congrua</span> <span class='ocrx_word' id='word_1_345' title='bbox 1811 1556 1915 1579; x_wconf 88' lang='lat' dir='ltr'>emen-</span> 
     </span>
     <span class='ocr_line' id='line_1_75' title="bbox 1165 1598 1912 1646; baseline 0.003 -14"><span class='ocrx_word' id='word_1_346' title='bbox 1165 1599 1295 1639; x_wconf 67' lang='lat' dir='ltr'>daverit,</span> <span class='ocrx_word' id='word_1_347' title='bbox 1313 1600 1475 1646; x_wconf 86' lang='lat' dir='ltr'>potestatis</span> <span class='ocrx_word' id='word_1_348' title='bbox 1492 1599 1684 1644; x_wconf 86' lang='lat' dir='ltr'>honorisque</span> <span class='ocrx_word' id='word_1_349' title='bbox 1698 1599 1746 1633; x_wconf 90' lang='lat' dir='ltr'>sui</span> <span class='ocrx_word' id='word_1_350' title='bbox 1760 1598 1912 1644; x_wconf 85' lang='lat' dir='ltr'>dignitate</span> 
     </span>
     <span class='ocr_line' id='line_1_76' title="bbox 1165 1652 1916 1698; baseline 0.001 -12"><span class='ocrx_word' id='word_1_351' title='bbox 1165 1661 1278 1696; x_wconf 79' lang='lat' dir='ltr'>careat,</span> <span class='ocrx_word' id='word_1_352' title='bbox 1302 1662 1360 1687; x_wconf 88' lang='lat' dir='ltr'>eta</span> <span class='ocrx_word' id='word_1_353' title='bbox 1383 1653 1597 1688; x_wconf 86' lang='lat' dir='ltr'>sacratissimo</span> <span class='ocrx_word' id='word_1_354' title='bbox 1618 1652 1759 1698; x_wconf 89' lang='lat' dir='ltr'>Corpore</span> <span class='ocrx_word' id='word_1_355' title='bbox 1780 1664 1816 1687; x_wconf 83' lang='lat' dir='ltr'>ac</span> <span class='ocrx_word' id='word_1_356' title='bbox 1837 1652 1916 1688; x_wconf 82' lang='lat' dir='ltr'>San-</span> 
     </span>
     <span class='ocr_line' id='line_1_77' title="bbox 1165 1705 1912 1753; baseline 0 -13"><span class='ocrx_word' id='word_1_357' title='bbox 1165 1707 1259 1751; x_wconf 83' lang='lat' dir='ltr'>guine</span> <span class='ocrx_word' id='word_1_358' title='bbox 1293 1705 1350 1740; x_wconf 82' lang='lat' dir='ltr'>Dei</span> <span class='ocrx_word' id='word_1_359' title='bbox 1386 1706 1515 1741; x_wconf 84' lang='lat' dir='ltr'>Domini</span> <span class='ocrx_word' id='word_1_360' title='bbox 1555 1708 1652 1741; x_wconf 88' lang='lat' dir='ltr'>nostri</span> <span class='ocrx_word' id='word_1_361' title='bbox 1687 1706 1912 1753; x_wconf 88' lang='lat' dir='ltr'>Redemptoris</span> 
     </span>
     <span class='ocr_line' id='line_1_78' title="bbox 1164 1759 1914 1808; baseline 0 -14"><span class='ocrx_word' id='word_1_362' title='bbox 1164 1760 1263 1795; x_wconf 87' lang='lat' dir='ltr'>aliena</span> <span class='ocrx_word' id='word_1_363' title='bbox 1300 1761 1367 1801; x_wconf 83' lang='lat' dir='ltr'>fiat,</span> <span class='ocrx_word' id='word_1_364' title='bbox 1404 1768 1497 1808; x_wconf 88' lang='lat' dir='ltr'>atque</span> <span class='ocrx_word' id='word_1_365' title='bbox 1536 1761 1566 1795; x_wconf 91' lang='lat' dir='ltr'>in</span> <span class='ocrx_word' id='word_1_366' title='bbox 1605 1768 1744 1795; x_wconf 87' lang='lat' dir='ltr'>extremo</span> <span class='ocrx_word' id='word_1_367' title='bbox 1770 1759 1914 1794; x_wconf 78' lang='lat' dir='ltr'>examine</span> 
     </span>
     <span class='ocr_line' id='line_1_79' title="bbox 1164 1814 1913 1849; baseline 0 -1"><span class='ocrx_word' id='word_1_368' title='bbox 1164 1814 1323 1849; x_wconf 84' lang='lat' dir='ltr'>districtae</span> <span class='ocrx_word' id='word_1_369' title='bbox 1346 1815 1453 1849; x_wconf 84' lang='lat' dir='ltr'>ultioni</span> <span class='ocrx_word' id='word_1_370' title='bbox 1476 1814 1646 1849; x_wconf 87' lang='lat' dir='ltr'>subiaceat.</span> <span class='ocrx_word' id='word_1_371' title='bbox 1661 1814 1795 1849; x_wconf 87' lang='lat' dir='ltr'>Cunctis</span> <span class='ocrx_word' id='word_1_372' title='bbox 1809 1822 1913 1848; x_wconf 87' lang='lat' dir='ltr'>autem</span> 
     </span>
     <span class='ocr_line' id='line_1_80' title="bbox 1164 1866 1912 1913; baseline -0.003 -11"><span class='ocrx_word' id='word_1_373' title='bbox 1164 1868 1266 1902; x_wconf 89' lang='lat' dir='ltr'>eidem</span> <span class='ocrx_word' id='word_1_374' title='bbox 1294 1868 1362 1903; x_wconf 87' lang='lat' dir='ltr'>loco</span> <span class='ocrx_word' id='word_1_375' title='bbox 1390 1869 1471 1903; x_wconf 86' lang='lat' dir='ltr'>iusta</span> <span class='ocrx_word' id='word_1_376' title='bbox 1492 1868 1690 1902; x_wconf 85' lang='lat' dir='ltr'>servantibus</span> <span class='ocrx_word' id='word_1_377' title='bbox 1711 1867 1752 1902; x_wconf 86' lang='lat' dir='ltr'>sit</span> <span class='ocrx_word' id='word_1_378' title='bbox 1775 1879 1832 1913; x_wconf 86' lang='lat' dir='ltr'>pax</span> <span class='ocrx_word' id='word_1_379' title='bbox 1852 1866 1912 1900; x_wconf 88' lang='lat' dir='ltr'>Do-</span> 
     </span>
     <span class='ocr_line' id='line_1_81' title="bbox 1163 1921 1912 1970; baseline -0.005 -12"><span class='ocrx_word' id='word_1_380' title='bbox 1163 1924 1239 1958; x_wconf 87' lang='lat' dir='ltr'>mini</span> <span class='ocrx_word' id='word_1_381' title='bbox 1268 1923 1363 1958; x_wconf 87' lang='lat' dir='ltr'>nostri</span> <span class='ocrx_word' id='word_1_382' title='bbox 1382 1923 1452 1958; x_wconf 91' lang='lat' dir='ltr'>Iesu</span> <span class='ocrx_word' id='word_1_383' title='bbox 1480 1923 1608 1963; x_wconf 84' lang='lat' dir='ltr'>Christi,</span> <span class='ocrx_word' id='word_1_384' title='bbox 1631 1929 1787 1970; x_wconf 90' lang='lat' dir='ltr'>quatenus</span> <span class='ocrx_word' id='word_1_385' title='bbox 1808 1928 1839 1955; x_wconf 88' lang='lat' dir='ltr'>et</span> <span class='ocrx_word' id='word_1_386' title='bbox 1860 1921 1912 1955; x_wconf 88' lang='lat' dir='ltr'>hic</span> 
     </span>
     <span class='ocr_line' id='line_1_82' title="bbox 1164 1975 1913 2023; baseline -0.004 -12"><span class='ocrx_word' id='word_1_387' title='bbox 1164 1977 1298 2012; x_wconf 84' lang='lat' dir='ltr'>fructum</span> <span class='ocrx_word' id='word_1_388' title='bbox 1339 1977 1440 2012; x_wconf 90' lang='lat' dir='ltr'>bonae</span> <span class='ocrx_word' id='word_1_389' title='bbox 1475 1976 1608 2011; x_wconf 89' lang='lat' dir='ltr'>actionis</span> <span class='ocrx_word' id='word_1_390' title='bbox 1646 1975 1839 2023; x_wconf 86' lang='lat' dir='ltr'>percipiant,</span> <span class='ocrx_word' id='word_1_391' title='bbox 1881 1983 1913 2009; x_wconf 86' lang='lat' dir='ltr'>et</span> 
     </span>
     <span class='ocr_line' id='line_1_83' title="bbox 1163 2028 1912 2077; baseline -0.003 -13"><span class='ocrx_word' id='word_1_392' title='bbox 1163 2030 1244 2077; x_wconf 88' lang='lat' dir='ltr'>apud</span> <span class='ocrx_word' id='word_1_393' title='bbox 1268 2030 1446 2065; x_wconf 88' lang='lat' dir='ltr'>districtum</span> <span class='ocrx_word' id='word_1_394' title='bbox 1461 2030 1599 2065; x_wconf 87' lang='lat' dir='ltr'>Iudicem</span> <span class='ocrx_word' id='word_1_395' title='bbox 1619 2028 1755 2077; x_wconf 86' lang='lat' dir='ltr'>praemia</span> <span class='ocrx_word' id='word_1_396' title='bbox 1767 2037 1912 2063; x_wconf 84' lang='lat' dir='ltr'>aeternae</span> 
     </span>
     <span class='ocr_line' id='line_1_84' title="bbox 1165 2084 1579 2130; baseline -0.002 -12"><span class='ocrx_word' id='word_1_397' title='bbox 1165 2084 1249 2130; x_wconf 87' lang='lat' dir='ltr'>pacis</span> <span class='ocrx_word' id='word_1_398' title='bbox 1271 2084 1440 2119; x_wconf 82' lang='lat' dir='ltr'>inveniant.</span> <span class='ocrx_word' id='word_1_399' title='bbox 1464 2084 1579 2118; x_wconf 80' lang='lat' dir='ltr'>Amen.</span> 
     </span>
    </p>

    <p class='ocr_par' dir='ltr' id='par_1_17' title="bbox 1162 2134 1911 2239">
     <span class='ocr_line' id='line_1_85' title="bbox 1211 2134 1911 2173; baseline -0.006 0"><span class='ocrx_word' id='word_1_400' title='bbox 1211 2138 1283 2173; x_wconf 79' lang='lat' dir='ltr'>Eoo</span> <span class='ocrx_word' id='word_1_401' title='bbox 1321 2138 1505 2173; x_wconf 59' lang='lat' dir='ltr'>Pascnaus</span> <span class='ocrx_word' id='word_1_402' title='bbox 1538 2136 1710 2172; x_wconf 88' lang='lat' dir='ltr'>catholicae</span> <span class='ocrx_word' id='word_1_403' title='bbox 1749 2134 1911 2170; x_wconf 83' lang='lat' dir='ltr'>Ecclesiae</span> 
     </span>
     <span class='ocr_line' id='line_1_86' title="bbox 1162 2192 1399 2239; baseline 0 -13"><span class='ocrx_word' id='word_1_404' title='bbox 1162 2192 1332 2239; x_wconf 85' lang='lat' dir='ltr'>episcopus</span> <span class='ocrx_word' id='word_1_405' title='bbox 1357 2204 1399 2226; x_wconf 90' lang='lat' dir='ltr'>ss.</span> 
     </span>
    </p>

    <p class='ocr_par' dir='ltr' id='par_1_18' title="bbox 1161 2242 1910 2559">
     <span class='ocr_line' id='line_1_87' title="bbox 1210 2242 1910 2292; baseline -0.004 -13"><span class='ocrx_word' id='word_1_406' title='bbox 1210 2245 1325 2280; x_wconf 81' lang='lat' dir='ltr'>Datum</span> <span class='ocrx_word' id='word_1_407' title='bbox 1348 2245 1510 2292; x_wconf 73' lang='lat' dir='ltr'>Anagniae</span> <span class='ocrx_word' id='word_1_408' title='bbox 1533 2257 1587 2291; x_wconf 85' lang='lat' dir='ltr'>per</span> <span class='ocrx_word' id='word_1_409' title='bbox 1609 2256 1738 2279; x_wconf 88' lang='lat' dir='ltr'>manum</span> <span class='ocrx_word' id='word_1_410' title='bbox 1761 2242 1910 2277; x_wconf 85' lang='lat' dir='ltr'>Iohannis</span> 
     </span>
     <span class='ocr_line' id='line_1_88' title="bbox 1161 2296 1908 2334; baseline -0.005 0"><span class='ocrx_word' id='word_1_411' title='bbox 1161 2299 1194 2334; x_wconf 86' lang='lat' dir='ltr'>S.</span> <span class='ocrx_word' id='word_1_412' title='bbox 1221 2299 1257 2334; x_wconf 81' lang='lat' dir='ltr'>R.</span> <span class='ocrx_word' id='word_1_413' title='bbox 1280 2300 1317 2334; x_wconf 88' lang='lat' dir='ltr'>E.</span> <span class='ocrx_word' id='word_1_414' title='bbox 1345 2300 1467 2334; x_wconf 82' lang='lat' dir='ltr'>diaconi</span> <span class='ocrx_word' id='word_1_415' title='bbox 1494 2298 1660 2333; x_wconf 83' lang='lat' dir='ltr'>cardinalis</span> <span class='ocrx_word' id='word_1_416' title='bbox 1680 2309 1716 2331; x_wconf 91' lang='lat' dir='ltr'>ac</span> <span class='ocrx_word' id='word_1_417' title='bbox 1744 2296 1908 2331; x_wconf 83' lang='lat' dir='ltr'>bibliothe-</span> 
     </span>
     <span class='ocr_line' id='line_1_89' title="bbox 1161 2351 1908 2392; baseline -0.005 -5"><span class='ocrx_word' id='word_1_418' title='bbox 1161 2353 1248 2392; x_wconf 82' lang='lat' dir='ltr'>carii,</span> <span class='ocrx_word' id='word_1_419' title='bbox 1270 2365 1316 2387; x_wconf 75' lang='lat' dir='ltr'>vn</span> <span class='ocrx_word' id='word_1_420' title='bbox 1345 2352 1415 2387; x_wconf 85' lang='lat' dir='ltr'>idus</span> <span class='ocrx_word' id='word_1_421' title='bbox 1448 2351 1606 2391; x_wconf 75' lang='lat' dir='ltr'>novemb,</span> <span class='ocrx_word' id='word_1_422' title='bbox 1633 2351 1806 2385; x_wconf 84' lang='lat' dir='ltr'>indictione</span> <span class='ocrx_word' id='word_1_423' title='bbox 1834 2361 1908 2390; x_wconf 80' lang='lat' dir='ltr'>vni,</span> 
     </span>
     <span class='ocr_line' id='line_1_90' title="bbox 1162 2405 1909 2451; baseline -0.004 -11"><span class='ocrx_word' id='word_1_424' title='bbox 1162 2406 1385 2441; x_wconf 89' lang='lat' dir='ltr'>incarnationis</span> <span class='ocrx_word' id='word_1_425' title='bbox 1399 2405 1574 2440; x_wconf 87' lang='lat' dir='ltr'>dominicae</span> <span class='ocrx_word' id='word_1_426' title='bbox 1595 2417 1677 2440; x_wconf 86' lang='lat' dir='ltr'>anno</span> <span class='ocrx_word' id='word_1_427' title='bbox 1691 2416 1809 2449; x_wconf 72' lang='lat' dir='ltr'>mcxiv,</span> <span class='ocrx_word' id='word_1_428' title='bbox 1832 2415 1909 2451; x_wconf 91' lang='lat' dir='ltr'>pon-</span> 
     </span>
     <span class='ocr_line' id='line_1_91' title="bbox 1161 2456 1906 2494; baseline -0.003 -1"><span class='ocrx_word' id='word_1_429' title='bbox 1161 2460 1296 2494; x_wconf 80' lang='lat' dir='ltr'>tificatus</span> <span class='ocrx_word' id='word_1_430' title='bbox 1317 2467 1420 2493; x_wconf 90' lang='lat' dir='ltr'>autem</span> <span class='ocrx_word' id='word_1_431' title='bbox 1443 2458 1551 2493; x_wconf 82' lang='lat' dir='ltr'>domni</span> <span class='ocrx_word' id='word_1_432' title='bbox 1582 2457 1745 2492; x_wconf 86' lang='lat' dir='ltr'>Paschalis</span> <span class='ocrx_word' id='word_1_433' title='bbox 1773 2456 1906 2492; x_wconf 87' lang='lat' dir='ltr'>secundi</span> 
     </span>
     <span class='ocr_line' id='line_1_92' title="bbox 1161 2512 1369 2559; baseline 0 -13"><span class='ocrx_word' id='word_1_434' title='bbox 1161 2512 1277 2559; x_wconf 86' lang='lat' dir='ltr'>Papae,</span> <span class='ocrx_word' id='word_1_435' title='bbox 1300 2524 1369 2546; x_wconf 81' lang='lat' dir='ltr'>xvi.</span> 
     </span>
    </p>
   </div>
   <div class='ocr_carea' id='block_1_17' title="bbox 1191 2575 1879 2661">
    <p class='ocr_par' dir='ltr' id='par_1_19' title="bbox 1191 2575 1879 2661">
     <span class='ocr_line' id='line_1_93' title="bbox 1191 2575 1879 2614; baseline 0 -8"><span class='ocrx_word' id='word_1_436' title='bbox 1191 2577 1252 2607; x_wconf 86' lang='lat' dir='ltr'>Dat.</span> <span class='ocrx_word' id='word_1_437' title='bbox 1272 2577 1318 2608; x_wconf 87' lang='lat' dir='ltr'>die</span> <span class='ocrx_word' id='word_1_438' title='bbox 1338 2578 1353 2607; x_wconf 72' lang='lat'>7</span> <span class='ocrx_word' id='word_1_439' title='bbox 1376 2576 1543 2607; x_wconf 89' lang='lat' dir='ltr'>novembris</span> <span class='ocrx_word' id='word_1_440' title='bbox 1562 2585 1636 2606; x_wconf 89' lang='lat' dir='ltr'>anno</span> <span class='ocrx_word' id='word_1_441' title='bbox 1658 2575 1774 2606; x_wconf 88' lang='lat' dir='ltr'>Domini</span> <span class='ocrx_word' id='word_1_442' title='bbox 1793 2576 1879 2614; x_wconf 77' lang='lat'>1114,</span> 
     </span>
     <span class='ocr_line' id='line_1_94' title="bbox 1398 2620 1671 2661; baseline -0.004 -10"><span class='ocrx_word' id='word_1_443' title='bbox 1398 2620 1501 2661; x_wconf 80' lang='lat' dir='ltr'>pontis.</span> <span class='ocrx_word' id='word_1_444' title='bbox 1523 2630 1599 2652; x_wconf 87' lang='lat' dir='ltr'>anno</span> <span class='ocrx_word' id='word_1_445' title='bbox 1616 2629 1671 2651; x_wconf 76' lang='lat' dir='ltr'>xvr.</span> 
     </span>
    </p>
   </div>
   <div class='ocr_carea' id='block_1_18' title="bbox 1950 265 2131 296">
    <p class='ocr_par' dir='ltr' id='par_1_20' title="bbox 1950 265 2131 296">
     <span class='ocr_line' id='line_1_95' title="bbox 1950 265 2131 296; baseline 0.028 -5"><span class='ocrx_word' id='word_1_446' title='bbox 1950 265 1999 293; x_wconf 72' lang='lat' dir='ltr'>Aa.</span> <span class='ocrx_word' id='word_1_447' title='bbox 2019 266 2131 296; x_wconf 80' lang='lat' dir='ltr'>c.1ttt</span> 
     </span>
    </p>
   </div>
   <div class='ocr_carea' id='block_1_19' title="bbox 1944 919 2129 1025">
    <p class='ocr_par' dir='ltr' id='par_1_21' title="bbox 1944 919 2129 1025">
     <span class='ocr_line' id='line_1_96' title="bbox 1980 919 2129 942; baseline 0.013 -2"><span class='ocrx_word' id='word_1_448' title='bbox 1980 919 2070 941; x_wconf 85' lang='lat' dir='ltr'>Solitum</span> <span class='ocrx_word' id='word_1_449' title='bbox 2093 920 2129 942; x_wconf 74' lang='lat' dir='ltr'>de-</span> 
     </span>
     <span class='ocr_line' id='line_1_97' title="bbox 1944 946 2129 968; baseline 0.011 -2"><span class='ocrx_word' id='word_1_450' title='bbox 1944 948 2024 966; x_wconf 76' lang='lat' dir='ltr'>cretum</span> <span class='ocrx_word' id='word_1_451' title='bbox 2034 946 2129 968; x_wconf 85' lang='lat' dir='ltr'>immuni-</span> 
     </span>
     <span class='ocr_line' id='line_1_98' title="bbox 1945 973 2129 995; baseline 0.016 -3"><span class='ocrx_word' id='word_1_452' title='bbox 1945 973 1994 993; x_wconf 77' lang='lat' dir='ltr'>tatis</span> <span class='ocrx_word' id='word_1_453' title='bbox 2017 975 2038 993; x_wconf 83' lang='lat' dir='ltr'>et</span> <span class='ocrx_word' id='word_1_454' title='bbox 2060 979 2129 995; x_wconf 71' lang='lat' dir='ltr'>exem-</span> 
     </span>
     <span class='ocr_line' id='line_1_99' title="bbox 1944 999 2030 1025; baseline 0.012 -6"><span class='ocrx_word' id='word_1_455' title='bbox 1944 999 2030 1025; x_wconf 75' lang='lat' dir='ltr'>ptionis.</span> 
     </span>
    </p>
   </div>
   <div class='ocr_carea' id='block_1_20' title="bbox 1933 2155 2118 2182">
    <p class='ocr_par' dir='ltr' id='par_1_22' title="bbox 1933 2155 2118 2182">
     <span class='ocr_line' id='line_1_100' title="bbox 1933 2155 2118 2182; baseline 0.005 -7"><span class='ocrx_word' id='word_1_456' title='bbox 1933 2155 1973 2175; x_wconf 83' lang='lat' dir='ltr'>PP.</span> <span class='ocrx_word' id='word_1_457' title='bbox 1983 2155 2118 2182; x_wconf 72' lang='lat' dir='ltr'>subscriptio.</span> 
     </span>
    </p>
   </div>
  </div>
 </body>
</html>
