2180 3205
52 222 138 251 Aac
165 221 235 248 1179

248 277 364 312 clesiae
383 276 600 312 vehementius
617 275 811 315 accendaris,
837 275 913 310 haec
932 276 998 322 ipsa

250 326 398 373 praefatis
420 325 608 361 haeredibus
630 325 693 360 tuis
715 325 864 359 duximus
886 336 1000 358 conce-

249 374 364 410 denda:
393 387 512 422 cosque
538 386 634 422 super
661 374 726 411 his,
749 386 830 420 quae
851 385 999 408 concessa

249 432 334 466 suut,
359 423 425 459 Deo
449 424 596 471 propiti0,
620 435 675 470 pro
697 423 827 456 iniuncti
852 422 943 456 nobis
965 434 1001 455 a-

250 473 424 519 postolatus
446 472 548 507 officio
566 472 784 507 defendemus.
807 471 873 506 Tua
897 471 1002 517 itaque

250 523 404 562 intererit,
424 522 466 556 iili
484 522 681 562 charissime,
696 522 737 556 ita
752 521 833 555 circa
850 520 1000 554 honorem

249 580 278 605 et
313 571 502 618 obsequium
537 571 645 606 matris
678 580 750 605 tuae
784 577 1001 604 sacrosanctae

250 619 414 655 Romanae
441 620 603 655 Ecclesiae
624 619 777 654 humilem
800 628 830 654 et
852 618 1001 653 devotum

250 670 400 710 existere,
422 678 453 704 ct
475 669 520 703 sic
543 677 572 703 te
595 669 698 715 ipsum
722 669 791 703 eius
812 667 1003 715 opportuni-

251 718 389 759 tatibus,
424 726 455 753 et
483 717 651 753 dilatandis
687 717 878 752 christianae
912 716 1002 751 Fidei

252 767 369 802 finibus
384 779 542 807 exercere,
565 776 598 801 ut
619 766 658 802 de
677 776 739 802 tam
755 766 868 801 devoto
887 773 916 800 ct
935 765 1004 811 glo-

253 817 336 852 rioso
367 817 431 851 lilio
464 816 563 851 Sedes
594 815 777 863 Apostolica
811 814 1003 861 gratuletur,

56 866 130 920 “232¹
145 872 238 918 ssfasszm
252 873 284 899 et
311 866 340 900 in
371 867 440 901 eius
473 877 580 901 amore
607 867 759 912 quiescat.
788 864 822 898 In
851 863 1003 898 iudiciuin

78 928 212 950 marcharum
253 922 372 955 autem,
394 914 478 962 quod
502 915 731 962 praescriptum
763 925 893 959 regnum
922 912 1004 946 beati

122 961 175 980 nuri.

254 964 338 999 Petri
361 964 438 999 iuris
459 965 583 1008 existat,
606 976 662 1011 pro
683 963 847 1010 amplioris
865 973 1005 996 reveren-

255 1014 315 1048 tiae
351 1022 538 1060 argumento
572 1013 707 1048 statuisti
743 1012 823 1047 duas
862 1010 1005 1045 marchas

254 1063 323 1098 anri
345 1064 437 1097 annis
459 1057 594 1109 singulis
612 1062 704 1096 nobis
724 1061 903 1108 nostrisque
931 1072 1006 1094 suc-

254 1111 433 1147 cessoribus
470 1111 711 1159 persolvendas:
750 1122 843 1157 quem
898 1109 1006 1155 utique

254 1173 386 1196 censum
414 1160 451 1195 ad
475 1161 641 1195 utilitatem
664 1168 801 1195 nostram
825 1167 855 1194 et
876 1170 1004 1193 succes-

255 1222 362 1245 sorum
391 1218 571 1244 nostrorum
607 1208 813 1244 Bracharensi
843 1207 1008 1254 archiepi-

255 1272 366 1307 scopo,
380 1260 435 1307 qui
450 1271 506 1306 pro
518 1267 659 1305 tempore
673 1258 779 1302 fuerit,
795 1266 828 1291 tu
843 1266 873 1292 et
885 1268 1008 1291 succes-

74 1315 185 1356 Dezr‘utm
203 1315 244 1335 ³⁰¹-
257 1321 344 1344 sores
365 1309 409 1343 tui
433 1308 583 1343 curabitis
605 1308 774 1353 assignare.
798 1305 1008 1340 Decernimus

61 1349 244 1404 liiiiiissiaf'm
257 1370 349 1405 ergo,
384 1367 417 1393 ut
443 1357 521 1392 nulli
549 1357 680 1392 omnino
706 1356 871 1390 hominum
901 1354 1008 1398 liceat,

260 1419 426 1455 personam
456 1416 541 1442 tuam
577 1415 630 1441 aut
664 1414 789 1440 tuorum
818 1403 1008 1447 haeredum,

260 1456 307 1491 vel
329 1457 421 1491 etiam
445 1455 618 1503 praefatum
647 1466 779 1501 regnum
800 1463 918 1489 temere
937 1464 1009 1500 per-

259 1505 398 1547 turbare,
420 1513 475 1540 aut
495 1505 564 1539 eius
584 1505 798 1552 possessiones
813 1502 946 1541 auferre,
962 1501 1008 1535 vel

260 1555 378 1590 ablatas
404 1555 558 1595 retinere,
585 1554 746 1598 minuere,
773 1560 827 1587 aut
852 1551 1010 1599 aliquibus

76 1606 162 1659 cumn
178 1605 248 1657 {⁰⁸2⁵
262 1604 480 1639 vexationibus
500 1603 641 1649 fatigare.
664 1602 697 1637 Si
722 1614 782 1648 qua
802 1602 898 1648 igitur
914 1602 943 1635 in
961 1601 1011 1635 fu-

65 1643 220 1690 l?.f.¹33.‡÷12'...‘f⁰
236 1648 250 1653 ’
263 1662 368 1688 turum
401 1653 609 1688 ecclesiastica
629 1651 836 1686 saecularisve
859 1662 1009 1697 persona,

263 1703 346 1737 hanc
359 1711 485 1737 nostrae
500 1701 734 1737 constitutionis
742 1701 887 1747 paginam
895 1700 1011 1743 sciens,

262 1761 371 1787 contra
392 1763 460 1786 eam
478 1759 596 1785 temere
611 1751 717 1785 venire
732 1750 940 1796 temptaverit:
961 1760 1012 1783 se-

262 1801 368 1836 cundo
402 1800 531 1835 tertiove
559 1799 768 1840 commonita,
804 1799 864 1832 nisi
893 1805 1011 1833 reatum

263 1862 356 1885 suum
380 1849 473 1896 digna
496 1849 708 1884 satisfactione
726 1847 909 1890 correxerit,
932 1854 1012 1894 pote-

264 1900 353 1934 statis
375 1899 569 1945 honorisque
591 1898 640 1933 sui
663 1897 814 1943 dignitate
832 1904 946 1937 careat,
969 1908 1014 1930 re-

265 1960 378 1995 amque
399 1960 433 1982 se
451 1948 559 1982 divino
581 1947 700 1982 iudicio
721 1947 855 1981 existere
877 1945 917 1980 tle
939 1957 1015 1992 per-

266 2006 385 2045 petrata
407 1997 573 2044 iniquitate
594 2003 774 2043 cognoscat,
793 2003 822 2030 et
837 2007 852 2029 a
867 1995 1015 2030 sacratis—

267 2048 348 2081 simo
363 2046 504 2093 Corpore
520 2054 551 2080 et
569 2045 732 2092 Sanguine
751 2044 810 2079 Dei
833 2053 865 2079 et
885 2044 1014 2078 Domini

267 2095 494 2143 Redemptoris
524 2096 623 2130 nostri
653 2094 726 2129 Iesu
757 2093 875 2128 Christi
914 2093 1015 2127 aliena

269 2144 339 2184 ssat,
365 2153 459 2192 atque
481 2145 512 2179 in
535 2152 676 2179 extremo
694 2143 837 2178 examine
859 2142 1017 2177 districtae

271 2194 380 2228 ultioni
411 2193 588 2235 subiaceat3
619 2193 742 2228 cunctis
773 2200 878 2227 autem
913 2191 1016 2226 eidem

270 2255 368 2289 regno
399 2255 456 2277 sua
490 2244 557 2277 iura
584 2241 780 2277 servantibus
801 2241 841 2276 sit
863 2253 921 2287 pax
951 2240 1018 2274 Do-

271 2293 347 2326 mini
364 2292 433 2326 lesu
449 2291 582 2336 Christi,
596 2299 750 2338 quatenus
771 2299 799 2325 et
815 2291 866 2324 hic
883 2290 1017 2324 fructum

271 2341 372 2376 bonae
392 2341 525 2375 actionis
548 2340 733 2388 percipiant,
754 2347 785 2374 et
806 2338 890 2386 apud
913 2338 1020 2372 distri-

271 2399 357 2425 ctum
378 2389 518 2425 Iudicem
543 2390 680 2437 praemia
701 2397 846 2424 aeternae
870 2388 956 2435 pacis
972 2387 1020 2421 in-

271 2440 408 2474 veniant.
435 2439 549 2473 Amen.
571 2440 684 2473 Amen.
707 2438 823 2472 Amen.

320 2488 394 2523 Eoo
425 2489 627 2523 Auzxasuua
661 2488 832 2522 catholicae
859 2485 1021 2521 Ecclesiae

271 2538 450 2585 episcopus.

321 2586 390 2633 Ego
411 2586 554 2621 Ubaldus
579 2585 738 2621 Ostiensis
759 2585 855 2633 episc.

353 2643 427 2674 Ball.
446 2643 522 2674 Rom.
550 2643 604 2673 Vol.
628 2643 661 2672 ll.
827 2639 884 2672 ’103

90 2499 204 2520 Atenndri
217 2497 256 2519 PP.

843 221 1034 244 ALE'x'Asntzn
1063 220 1099 243 ΙΙΙ
1131 221 1178 243 ΡΡ.

1672 207 1741 239 817

1091 275 1157 321 Ego
1179 273 1363 309 Theodinus
1383 274 1569 309 portuensis
1594 280 1624 308 et
1657 272 1792 308 Sanctae

1040 323 1176 359 Rulinae
1202 324 1300 370 episc.

1092 373 1158 417 Ego
1182 372 1294 408 Petrus
1321 371 1521 407 Tusculanus
1548 371 1644 418 episc.

1093 422 1159 467 Ego
1187 421 1272 455 Ioan.
1298 421 1459 468 presbyter
1485 420 1654 456 cardinalis
1675 420 1725 456 Ss.
1749 420 1794 455 Io.

1042 478 1072 504 et
1097 470 1184 505 Pauli
1209 471 1253 505 tit.
1277 471 1401 505 l‘amm.

1092 519 1160 565 Ego
1176 520 1310 554 loannes
1328 519 1430 566 presb.
1448 519 1532 554 card.
1549 518 1582 553 S.
1599 518 1795 553 Anastasiae.

1092 568 1161 614 Ego
1197 569 1330 604 Ioannes
1365 569 1528 617 presbyter
1560 568 1728 603 cardinalis
1760 567 1794 602 S.

1043 617 1152 652 Marci.

1093 666 1162 711 Ego
1183 666 1297 701 Petrus
1320 666 1484 714 presbyter
1516 666 1683 702 cardinalis
1714 665 1795 700 tituli

1045 716 1078 751 S.
1112 715 1289 750 Susannae.

1095 764 1160 810 Ego
1182 764 1304 799 Vivian.
1331 764 1491 812 presbyter
1517 764 1602 800 card.
1629 764 1663 799 S.
1682 764 1795 811 Steph.

1046 815 1076 849 in
1104 813 1214 848 Coelio
1242 822 1359 848 monte.

1093 863 1161 909 Ego
1176 862 1303 897 Cintius
1319 862 1480 910 presbyter
1495 862 1580 898 card.
1597 863 1644 897 tit.
1663 862 1798 906 Sanctae

1046 911 1212 947 Caeciliae.

1095 961 1161 1006 Ego
1179 961 1249 1007 Ugo
1265 961 1367 1007 presb.
1387 961 1473 996 card.
1491 962 1536 995 tit.
1557 961 1590 996 S.
1610 960 1798 995 Clementis.

1095 1010 1163 1056 Ego
1186 1010 1349 1044 Arduinus
1375 1010 1539 1058 presbyter
1561 1010 1730 1045 cardinalis
1753 1010 1798 1043 tit.

1047 1059 1080 1094 S.
1109 1059 1223 1094 Crucis
1251 1060 1280 1093 in
1304 1059 1514 1094 Hierusalem.

1100 1109 1164 1154 Ego
1186 1108 1364 1143 Matthaeus
1391 1108 1553 1156 presbyter
1575 1107 1743 1143 cardinalis
1765 1107 1799 1141 S.

1048 1158 1200 1192 Marcelli.

1098 1207 1166 1252 Ego
1187 1207 1327 1241 lacintus
1347 1207 1500 1241 diaconus
1521 1205 1691 1241 cardinalis
1718 1205 1803 1240 Sau-

1049 1264 1117 1291 ctae
1139 1256 1254 1290 Mariae
1278 1256 1307 1289 in
1331 1256 1516 1290 Cosmedin.

1097 1305 1165 1351 Ego
1189 1304 1336 1339 Ardicius
1354 1305 1439 1339 card.
1461 1305 1569 1339 Sancti
1593 1303 1761 1338 Theodori.

1100 1354 1166 1400 Ego
1193 1354 1356 1389 Laborans
1383 1354 1537 1389 diaconus
1569 1353 1735 1388 cardinalis
1767 1352 1801 1386 S.

1049 1403 1165 1438 Mariae
1187 1404 1219 1438 in
1247 1403 1388 1438 Porticu.

1098 1453 1165 1499 Ego
1187 1453 1366 1500 Raynerius
1394 1452 1473 1487 diac.
1502 1451 1587 1487 card.
1613 1450 1646 1486 S.
1674 1450 1804 1497 Georgii

1051 1502 1087 1537 ad
1109 1502 1221 1536 Velum
1244 1503 1397 1536 Aureum.

1099 1551 1167 1598 Ego
1194 1550 1365 1586 Gratianus
1396 1550 1502 1586 dictus
1527 1549 1579 1585 Ss.
1607 1548 1741 1584 Cosmae
1775 1556 1806 1583 et

1051 1605 1210 1640 Dauiiani.

1100 1659 1169 1705 Ego
1196 1659 1331 1694 loannes
1363 1658 1470 1693 dictus
1503 1657 1587 1692 card.
1617 1657 1649 1692 S.
1678 1655 1803 1701 Angeli.

1102 1713 1171 1759 Ego
1198 1713 1369 1747 Rainerius
1391 1712 1495 1747 dictus
1509 1711 1595 1746 card.
1614 1711 1648 1745 S.
1664 1710 1805 1744 Adriani.

1100 1767 1170 1813 Ego
1203 1767 1380 1801 Matthaeus
1415 1766 1518 1800 dictus
1550 1764 1635 1800 card.
1671 1764 1806 1799 Sanctae

1052 1820 1169 1855 Mariae
1190 1820 1309 1855 Novae.

1102 1874 1172 1921 Ego
1200 1873 1356 1909 Bernard.
1383 1873 1491 1908 Sancti
1514 1872 1634 1907 Nicolai
1657 1872 1687 1906 in
1714 1871 1805 1906 Carc.

1053 1927 1137 1962 Tull.
1161 1927 1266 1962 dictus
1291 1926 1460 1962 cardinalis
1482 1935 1541 1961 etc.
1569 1930 1622 1970 (l).

1091 2003 1130 2037 (t)
1150 2003 1278 2029 Baronius
1290 2003 1358 2028 circa
1375 2002 1454 2028 [inem
1470 2002 1529 2028 anni
1551 2001 1617 2027 1179
1640 2000 1672 2027 de
1688 2000 1738 2027 hoc
1766 2000 1808 2026 di-

1056 2043 1170 2078 plomate
1194 2043 1232 2069 sic
1247 2042 1368 2068 disserit:
1395 2042 1451 2068 Hoc
1478 2041 1570 2067 eodem
1597 2049 1666 2067 anno
1689 2040 1807 2075 Alphon-

1055 2091 1101 2109 sus
1126 2083 1229 2118 primus
1255 2090 1301 2108 rex
1319 2082 1491 2115 Portugalliae
1517 2081 1549 2107 ab
1565 2080 1715 2106 Alexandro
1740 2081 1807 2115 Papa

1057 2122 1162 2148 titulum
1192 2122 1263 2155 regis
1290 2121 1392 2155 accepit
1420 2120 1453 2147 ob
1483 2129 1524 2146 res
1549 2121 1678 2146 adversus
1707 2119 1808 2146 Arabes

1057 2160 1190 2195 praeclare
1215 2164 1302 2194 gestas
1322 2164 1370 2185 etc.
1398 2163 1444 2185 etc.
1467 2159 1527 2185 Post
1541 2159 1664 2185 nonnulla
1685 2159 1806 2185 subiicit:

1058 2201 1136 2226 Extat
1160 2200 1193 2226 de
1218 2200 1257 2226 his
1281 2200 1395 2234 diploma
1415 2199 1533 2226 eiusdem
1559 2198 1702 2225 Alexandri
1724 2199 1808 2233 Papae

1059 2241 1083 2266 in
1109 2240 1188 2266 Tauri
1223 2239 1255 2265 de
1280 2239 1381 2265 Tombo
1406 2239 1485 2271 dicta,
1508 2239 1532 2264 in
1562 2246 1613 2272 qua
1635 2243 1808 2264 asservantur

1059 2281 1220 2306 monimenta
1237 2287 1338 2313 regum.
1356 2281 1455 2304 Auctor
1472 2281 1561 2304 antem
1574 2278 1806 2309 Dissertationum,

1059 2319 1156 2353 quibus
1183 2318 1318 2352 Philippus
1349 2318 1467 2343 Prudens
1495 2317 1639 2352 (secundus
1669 2318 1809 2352 Hispaniae

1061 2359 1119 2393 rex)
1145 2358 1292 2385 Lusitaniae
1318 2366 1364 2383 rex
1394 2357 1523 2391 legitimus
1547 2356 1722 2383 demonstrari
1741 2365 1808 2383 con-

1063 2398 1189 2430 tenditur,
1221 2397 1289 2423 idem
1317 2397 1431 2431 diploma
1458 2396 1592 2422 laudatum
1615 2397 1640 2422 in
1656 2397 1741 2423 Turre
1762 2404 1808 2423 as-

1061 2441 1197 2467 servatum
1224 2437 1257 2462 ab
1283 2436 1397 2462 Antonio
1420 2435 1589 2467 Brandaone,
1620 2437 1644 2462 in
1672 2436 1808 2462 Monarch.

1063 2479 1144 2504 Lusit.
1158 2478 1173 2502 5
1185 2480 1270 2511 parte,
1285 2476 1326 2501 soi.
1340 2475 1401 2507 295,
1420 2475 1583 2509 publicatum
1605 2476 1707 2501 asserit.
1724 2475 1810 2508 Quam

1063 2518 1188 2543 decorum
1219 2516 1368 2542 christianis
1394 2514 1555 2549 principibus
1583 2523 1666 2549 aeque
1690 2522 1720 2541 ac
1749 2515 1811 2542 Sedi

1063 2558 1152 2591 Apost.
1184 2557 1205 2582 si
1239 2556 1317 2582 huius
1356 2555 1459 2590 generis
1494 2558 1665 2582 monumenta
1690 2555 1811 2591 colligere

1064 2597 1215 2632 possemus!

1808 217 1857 243 An.
1875 216 1903 242 C.
1923 214 1990 242 tt7o

1808 280 1829 297 et
1844 277 1864 297 S.
1886 276 1908 297 R.
1933 276 1989 297 ΕεεΙ4

1834 307 1972 327 cardinalium

1807 338 1984 364 subscriptione·¹
