2180 3205
166 248 218 275 An.
237 247 348 275 me

202 499 258 521 Lucii
276 499 315 519 PP.

167 608 186 624 et
203 603 223 623 S.
235 603 257 623 R.
275 601 350 623 Eccle-

181 636 224 654 siae
238 635 337 654 cardina*

181 664 229 685 lium
242 665 337 684 subscri-

213 696 304 721 ptioues.

418 238 486 271 492

365 303 440 336 mini
465 301 559 336 nostri
581 300 651 335 Iesu
679 299 809 339 Christi,
832 306 987 346 quatenus
1009 307 1038 333 et
1060 298 1111 332 hic

364 352 499 385 fructum
546 350 646 383 bonae
680 349 815 382 actionis
850 347 1042 394 percipiant.
1083 355 1112 381 et

364 400 445 446 apud
463 399 638 433 districtum
659 398 701 431 lu
706 398 797 431 licem
815 397 950 443 praemia
966 405 1111 431 aeternae

366 448 648 495 p-icisinreni..1nt
679 447 790 480 Anien.

412 497 485 531 Euo
506 496 626 531 Lucus
652 495 821 530 catholicae
850 494 1011 529 Ecclesiae
1039 495 1113 542 epi-

365 558 480 591 scopus
502 558 544 579 ss

414 595 480 641 Ego
499 593 665 628 Conradus
686 592 870 628 Sabinensis
888 592 1056 647 episcopus
1070 605 1111 627 ss.

415 644 481 685 Eoo
500 643 736 677 'llicodewinus
751 641 784 676 S.
802 641 934 676 Rulinae
953 642 1053 688 episc.
1068 654 1110 675 ss

413 693 461 738 Eg
452 705 482 727 o
504 692 672 726 Albericus
694 690 850 725 Ostiensis
877 690 1047 737 episcopus
1071 703 1112 725 55.

413 742 482 782 Erro
509 741 631 775 linarus
657 740 741 774 Τιι5ι
747 740 857 774 alanus
879 740 1049 786 episcopus
1071 752 1112 773 ss.

413 791 482 835 Ego
508 790 622 824 Petrus
650 789 803 823 Albaneu.
827 789 892 834 epis
890 800 997 835 copus
1021 801 1063 821 ss.

414 819 482 885 Ego
508 838 615 873 Guido
643 838 745 885 presb.
774 838 858 872 card.
883 838 926 871 tii.
949 837 983 872 S.
1007 837 1115 884 Chry-

365 889 475 935 sogoni
499 900 541 923 55

413 938 482 983 Ego
504 938 617 971 Petrus
634 936 727 983 presb
754 935 837 970 card.
855 935 900 969 tit
917 934 1057 969 Pastoris
1072 948 1114 969 ss.

414 985 744 1032 EgoThomaspresb.
759 984 844 1018 (Ἧι-,(1
857 985 904 1018 tit.
917 983 1065 1018 Vestinae
1073 997 1115 1018 ss.

414 1036 480 1082 Ego
502 1035 644 1070 Ubaldus
666 1033 771 1082 presb.
795 1033 961 1068 cardinalis
978 1033 1055 1067 tituli
1079 1033 1113 1067 S.

366 1084 527 1119 Praxedis.

415 1134 483 1179 Ego
509 1133 678 1167 Rainerius
707 1132 809 1178 presb.
843 1130 928 1165 card.
965 1131 1046 1165 tituli
1082 1130 1115 1166 S.

366 1182 520 1228 Stephani
544 1182 573 1215 in
596 1182 706 1217 Coelio
730 1181 837 1215 Monte
859 1193 901 1214 ss.

416 1232 483 1277 Ego
509 1231 691 1266 Maufredus
725 1229 829 1278 presb.
863 1229 947 1264 card.
976 1229 1055 1264 tituli
1083 1229 1116 1263 S.

367 1280 503 1316 Sabinae
519 1293 560 1314 ss.

415 1330 484 1375 Ego
505 1329 666 1364 Gerardus
688 1328 768 1363 diac.
791 1327 874 1362 card.
898 1327 932 1362 S.
954 1327 1071 1362 Mariae
1086 1327 1117 1361 in

370 1378 521 1413 Domnica
547 1391 587 1412 ss.

416 1433 485 1479 Ego
507 1432 614 1467 Guido
638 1432 667 1466 in
691 1431 834 1466 Romana
857 1430 997 1465 Ecclesia
1016 1430 1120 1465 altaris

368 1487 512 1522 minister
533 1486 685 1532 indignus
707 1497 749 1520 55.

418 1541 487 1587 Ego
514 1540 628 1574 Petrus
651 1539 731 1573 diac.
769 1537 853 1572 card.
888 1537 921 1572 S.
947 1537 1061 1571 Mariae
1089 1537 1120 1570 in

369 1594 496 1629 Porticu
524 1606 565 1627 ss.

418 1648 487 1693 Ego
509 1646 564 1681 Gr.
593 1645 744 1691 indignus
767 1644 805 1679 S.
826 1644 864 1679 R.
888 1645 926 1679 E.
950 1644 1030 1679 diac.
1054 1657 1096 1679 55.

419 1701 487 1748 Ego
513 1700 648 1735 Ioannes
668 1700 747 1734 diac.
771 1699 939 1734 cardinalis
957 1699 990 1733 S.
1007 1699 1122 1733 Mariae

370 1755 476 1790 Norae
499 1767 540 1788 ss.
1089 1796 1092 1797 γ

420 1808 488 1853 Ego
511 1807 685 1851 Gregorius
719 1806 798 1840 diac.
826 1805 912 1840 card.
947 1805 996 1840 Ss.
1021 1805 1122 1852 Sergii

371 1870 401 1897 et
427 1861 545 1896 Bacchi
571 1873 613 1894 ss.

420 1915 488 1961 Ego
520 1914 595 1949 Otto
630 1914 710 1948 diac.
748 1913 834 1948 card.
864 1912 896 1947 S.
925 1912 1051 1959 Georgii
1085 1912 1123 1947 ad

371 1968 486 2003 Velum
509 1968 651 2002 Aureum
674 1979 716 2002 ss.

420 2022 490 2067 Ego
511 2021 616 2056 Guido
639 2021 718 2056 diac.
735 2020 819 2055 card.
836 2019 1024 2054 Sanctorum
1044 2019 1125 2055 Cos-

373 2087 442 2109 mae
463 2083 493 2109 et
507 2075 650 2109 Damiani
673 2087 714 2109 ss.

424 2130 490 2175 Ego
517 2128 609 2174 Hngo
631 2128 724 2162 Rom.
742 2127 902 2162 Ecclesiae
923 2126 1075 2163 diaconus
1094 2129 1123 2175 in

374 2184 486 2218 Sancta
509 2182 606 2216 Lucia
630 2182 660 2215 in
683 2181 832 2228 Horpliea
859 2193 901 2214 ss.

424 2236 491 2281 Ego
513 2234 662 2268 Astaldns
696 2234 778 2268 diac.
808 2234 892 2268 card.
917 2234 1023 2268 Sancti
1052 2235 1126 2269 Eu-

374 2289 485 2323 stachii
513 2289 596 2322 iuxta
625 2288 776 2333 templum
806 2287 965 2334 Agrippae
987 2300 1029 2321 ss.

424 2343 539 2377 Datum
568 2342 712 2376 Laterani
747 2353 803 2388 per
837 2353 964 2375 manum
994 2334 1125 2376 staronis

376 2395 524 2441 capellani
547 2403 577 2429 et
603 2395 775 2441 scriptoris‚
804 2407 827 2429 ιι
852 2394 911 2428 kal.
929 2394 1050 2440 aprilis.
1074 2395 1124 2429 iu-

377 2449 451 2482 dict.
486 2460 550 2491 vu,
589 2448 708 2482 incarn.
746 2447 831 2481 dom.
867 2459 950 2481 anno
982 2459 1123 2491 nieuw,

377 2501 578 2549 pontificatus
591 2513 662 2535 vero
679 2500 718 2535 D.
734 2500 824 2535 Lucii
842 2500 945 2547 Papae
954 2500 982 2534 ll
996 2513 1078 2536 auno
1099 2513 1121 2535 1.

426 2556 487 2587 Dat.
510 2557 556 2587 die
575 2556 608 2586 31
633 2556 731 2586 martii
753 2566 829 2586 anno
852 2557 966 2587 Domini
986 2557 1070 2594 1144,

634 2600 735 2640 pontis.
758 2609 834 2630 anno
851 2609 871 2631 1.

952 243 1144 267 BULLARWM
1164 243 1328 266 ROMANUM

1504 295 1561 330 lx.

1156 372 1354 416 Confirmatio
1385 372 1534 404 bonorum
1567 371 1702 403 omnium
1735 377 1761 403 e!
1790 371 1906 404 furium

1203 423 1245 454 ad
1271 421 1433 453 Ecclesiam
1459 421 1547 463 Reqit
1567 421 1673 463 Lepidi
1693 422 1905 461 spot-cantiani,

1204 482 1289 503 cuius
1310 470 1454 513 epi'scopis
1470 469 1661 513 presbyteri
1651 481 1682 501 ιιι
1703 470 1905 511 Reynltm'um

1204 520 1329 552 ecclesus
1363 529 1469 551 curam
1503 518 1678 551 animarum
1706 519 1906 551 exercentium

1204 569 1237 600 in
1257 568 1470 612 spiss'nmahbus
1491 567 1696 600 subis-cimina»
1718 569 1775 609 (1).

1413 639 1628 669 SUMMARIUM

1157 705 1322 735 Exordium.
1335 705 1544 734 —Ecclesiam
1562 704 1637 734 banc
1652 704 1708 733 sul)
1728 705 1907 742 protectione

1195 749 1381 787 Apostolicae
1415 748 1499 778 Sedis
1523 749 1648 786 suscipit
1684 748 1840 785 Pontifex3
1869 766 1910 772 -

1195 793 1273 822 Bona
1297 793 1394 822 omnia
1420 793 1515 822 eidem
1545 794 1707 823 confirmat.
1730 811 1770 815 —
1799 793 1908 823 Horum

1194 830 1340 866 bonorum
1360 837 1498 866 nonnulla
1520 842 1682 874 enumerat;
1698 854 1738 859 --
1752 837 1910 868 Confirmat

1197 890 1314 920 quoque
1337 881 1409 909 sines
1435 880 1584 909 Ecclesiae
1606 881 1754 917 eiusdem3
1785 899 1824 904 —
1851 881 1909 912 Nec

1199 934 1256 954 non
1277 925 1390 954 decreta
1408 923 1515 953 Urbani
1546 924 1557 953 Ι
1578 925 1614 954 de
1641 925 1824 955 subiectione
1849 927 1910 964 epi-

1198 977 1286 1005 scopo
1305 968 1334 996 in
1354 968 1560 1006 spiritualibus
1583 970 1756 1007 praestanda
1783 980 1798 999 a
1823 979 1909 1008 pres-

1199 1012 1308 1051 hyteris
1327 1012 1356 1040 in
1379 1012 1514 1041 ecclesiis
1531 1011 1720 1050 Regularium
1743 1013 1909 1043 animarum

1199 1065 1299 1086 curam
1319 1055 1534 1085 exercentibus.
1551 1072 1590 1078 —
1609 1055 1717 1086 Solitae
1735 1057 1909 1086 conclusio-

1199 1110 1262 1130 nes.
1277 1117 1317 1122 —
1334 1100 1416 1130 Lucii
1433 1099 1486 1129 ΡΙ).
1505 1104 1533 1129 et
1550 1099 1578 1130 S.
1595 1100 1628 1129 R.
1643 1100 1794 1130 Ecclesiae
1813 1102 1911 1131 cardi·
1936 1142 1940 1145 ὴ

1199 1145 1309 1174 nalium
1330 1144 1574 1183 subscriptiones.

1159 1215 1252 1243 Lucius
1276 1215 1415 1250 episcopus
1435 1221 1529 1243 servus
1559 1221 1699 1243 servorum
1723 1215 1779 1248 Dei,
1799 1222 1912 1244 venera·
1946 1223 1952 1227 ·

1204 1264 1253 1292 bili
1271 1263 1357 1292 fratri
1386 1263 1510 1291 alberoni
1528 1263 1628 1298 Regino
1647 1264 1780 1299 episcopo.
1801 1264 1911 1300 eiusque

1206 1313 1406 1341 successoribus
1435 1313 1561 1341 canonice
1577 1312 1786 1347 substituendis,
1806 1313 1835 1341 in
1849 1321 1909 1349 per·

1205 1363 1326 1398 potuum.

1210 1425 1258 1459 Ex
1279 1424 1449 1459 commisso
1472 1424 1563 1459 nobis
1588 1436 1605 1459 a
1628 1423 1696 1459 Deo
1717 1425 1911 1472 apostolatus
1943 1436 1947 1439 ·

1162 1474 1276 1517 officio,
1299 1474 1446 1508 fratribus
1462 1474 1587 1517 nostris,
1610 1480 1671 1507 tam
1693 1475 1801 1508 vicinis
1815 1487 1910 1521 quam

1163 1524 1255 1569 longe
1280 1523 1400 1569 positis7
1433 1531 1561 1569 paterna
1589 1535 1646 1557 nos
1667 1524 1815 1558 convenit
1838 1537 1912 1570 pro-

1164 1572 1283 1606 visione
1305 1571 1483 1611 consulere,
1506 1579 1536 1605 et
1563 1572 1720 1611 ecclesiis,
1743 1572 1772 1606 in
1794 1573 1912 1619 quibus

1163 1621 1300 1656 Domino
1329 1621 1462 1655 militare
1489 1620 1709 1665 dinoscuntur,
1744 1633 1832 1656 suam
1862 1623 1912 1656 iu-

1164 1671 1279 1705 stitiam
1316 1682 1516 1710 conserv·are
1553 1678 1586 1704 ut
1621 1670 1911 1725 quemadmodum,

1165 1720 1354 1766 disponente
1376 1719 1463 1762 Deo,
1497 1727 1599 1765 patres
1621 1731 1768 1754 vocamur
1798 1721 1827 1753 iu
1853 1733 1914 1754 ao-

1166 1780 1261 1807 mine,
1298 1769 1337 1802 ita
1371 1767 1576 1802 nihilominus
1602 1768 1848 1814 comprobemur
1881 1769 1911 1804 in

1165 1829 1270 1863 opere.
1293 1817 1338 1851 Ea
1367 1825 1504 1872 propter
1531 1817 1718 1852 venerabilis
1740 1817 1834 1852 frater
1853 1818 1913 1852 ΑΙ-

1167 1866 1242 1901 bero
1264 1867 1424 1913 episcope
1447 1867 1508 1900 tuis
1523 1866 1727 1911 petitionibus
1741 1866 1913 1902 clementer

2129 84 2143 100 J

1922 239 1976 267 An.
1989 239 2018 266 C.
2040 239 2117 266 lsslt'

1957 1445 2075 1467 Exercitum.

2092 597 2104 601 t

2122 1799 2129 1808 ⁴
2107 535 2163 1781 {esa-swmwffimmwmwwfflmffim
2127 347 2132 350 -
2136 311 2138 313 -

2134 1797 2159 1839 ,ζῆ
2130 1781 2142 1786 ³

1957 1837 2032 1859 Eccles
2022 1839 2073 1859 siam
2115 1831 2155 1867 Ξ

1924 1868 1978 1889 hane
1998 1868 2035 1889 suls
2054 1873 2107 1894 pm-
2127 1867 2144 1891 Τ

1924 1899 2019 1923 tectione
2049 1898 2123 1925 Apo-
2127 1892 2150 1917 ⁴?

1165 1915 1345 1958 annuimus,
1361 1915 1460 1949 ctRe‹
1453 1916 1556 1961 ninam
1577 1915 1764 1959 Ecclesiam,
1779 1928 1830 1950 cui
1843 1916 1912 1951 Deo
1933 1929 2021 1950 naticae
2039 1927 2113 1950 Senia
2134 1921 2151 1964 ⁸:7-

1166 1972 1294 1999 auctore
1317 1976 1450 2011 praeesse
1453 1942 1661 2006 &dinosceris
1685 1964 1744 1998 snb
1768 1964 1804 1998 B
1827 1965 1912 2000 Petri

1166 2023 1195 2048 et
1212 2021 1315 2048 nostra
1339 2013 1532 2060 ptotectioue
1552 2013 1755 2060 suscipimus,
1777 2022 1807 2048 et
1823 2026 1914 2061 prae-

1164 2063 1264 2097 sentis
1300 2063 1408 2109 scripti
1451 2062 1611 2109 privilegio
1653 2063 1912 2098 commuuimus:

1167 2120 1356 2150 statuentes
1384 2120 1415 2146 ut
1442 2123 1658 2158 quascumque
1686 2113 1912 2157 possessiones,

1166 2173 1388 2207 quaecumque
1413 2160 1494 2195 bona
1518 2161 1808 2207 impraesentiarum
1833 2161 1914 2196 iuste

1166 2217 1196 2244 et
1223 2210 1374 2244 canonice
1401 2209 1550 2255 possidet,
1576 2217 1629 2244 aut
1656 2210 1685 2244 in
1705 2209 1844 2244 futurum
1863 2223 1914 2246 ra-

1167 2258 1358 2293 tionabiliter
1387 2259 1418 2292 in
1440 2259 1496 2300 eis,
1528 2257 1594 2292 Deo
1628 2259 1776 2305 propitio,
1799 2261 1914 2306 poterit

1166 2307 1308 2353 adipisci,
1332 2308 1418 2343 firma
1442 2307 1495 2341 tibi
1519 2307 1642 2354 tuisque
1663 2309 1913 2353 suecessoribus,

1166 2364 1196 2390 et
1223 2369 1276 2402 per
1311 2368 1365 2390 ros
1391 2356 1494 2391 eidem
1529 2355 1700 2397 Ecclesiae,
1733 2364 1764 2391 et
1796 2357 1912 2392 illibata

1168 2413 1386 2459 perinanean13
1408 2405 1438 2439 in
1465 2404 1580 2452 quibus
1602 2405 1679 2440 hacc
1705 2406 1839 2452 propriis
1859 2407 1913 2441 du-

1166 2454 1269 2488 ximus
1291 2454 1494 2500 exprimenda
1517 2453 1690 2489 vocabulis·
1684 2481 1764 2488 .......
1779 2455 1913 2489 canoni-
1939 2478 2015 2501 „mm
2038 2452 2142 2502 honojs‘*

1166 2515 1232 2537 cam
1253 2502 1360 2538 Sancti
1384 2503 1543 2550 Prosperi
1565 2503 1765 2550 capellamS.
1785 2503 1911 2540 Ioannis
1939 2510 2097 2532 fumun-muna
2116 2515 2155 2547 3

1200 2566 1238 2602 (t)
1256 2567 1295 2593 Ex
1319 2567 1420 2595 archiv.
1447 2567 1604 2595 cathedralis
1622 2566 1704 2594 edidit
1721 2566 1834 2602 Ughelh,
1850 2568 1910 2596 Ital.

1165 2607 1237 2640 Sao„
1251 2610 1316 2635 tom.
1333 2615 1363 2634 ιι.

1939 1960 2028 1986 suscipit
2041 1958 2096 1980 Pon·
2119 1966 2149 1984 ⁴2

1986 1990 2050 2015 tifex·

1948 2125 2003 2146 Bona
2017 2125 2088 2146 omnin

1940 2156 2007 2177 eidem
2020 2155 2096 2177 conflr-

1993 2188 2048 2211 man

2121 2474 2155 2538 zr-
2104 1934 2158 2484 wdswwfflmes'vwssv

1951 2544 2072 2567 ΕΙΙῑΙΙἎΙΘΠΙΙ,
2122 2548 2144 2588 ᾧ

2123 2646 2141 2661 ·e
