2180 3205
157 271 206 296 An.
228 270 256 296 (ἶ.
273 271 342 297 ’ῙΟῙ8

177 835 265 855 11151511
277 834 344 854 iratri-

161 862 198 881 bus
225 862 344 886 effug-‹iii'usg

189 1130 213 1150 Et
229 1136 240 1149 a
256 1130 303 1160 sola¹
323 1132 346 1166 ,ὶ-

192 1173 194 1175 .
226 1157 230 1175 Ι
253 1171 258 1175 ,
291 1160 317 1176 51·
336 1163 346 1176 ι·

178 1183 331 1202 ronst—cramus

178 1215 184 1229 1
253 1209 336 1229 rudit-‚sn

190 1474 290 1494 Altariutn
300 1479 348 1494 tero

162 1501 350 1525 coiis-effationem,

162 1527 287 1546 clericorum
315 1532 348 1546 or—

163 1553 291 1573 orinatum-m
322 1553 350 1573 ad

163 1580 203 1599 ioci
216 1580 349 1599 ordinarium

163 1608 260 1630 spect-an¹
276 1606 350 1626 delini-

164 1635 205 1655 tur.
219 1638 260 1652 nist
275 1633 308 1652 vel
323 1632 350 1652 si-

163 1658 272 1679 moniacus
282 1659 351 1682 suern,

166 1685 198 1704 vel
219 1685 350 1705 anathemati

164 1711 280 1731 subiectus.

186 2112 301 2132 Robur-atio
312 2111 353 2136 pri-

168 2139 239 2163 vilegii
255 2138 317 2158 huius
333 2138 354 2158 in

168 2168 300 2191 perpetuum.

420 275 465 307 96

370 338 435 373 sive
457 337 522 373 suis
554 335 662 370 usibus
684 333 777 380 impia
809 332 983 366 temeritate
1011 330 1114 377 appli-

369 388 480 423 cati-ln,
505 387 549 420 101
573 385 653 423 aliis,
676 383 764 429 quasi
789 382 846 427 piis
860 381 899 415 110
921 380 1035 418 camis,
1060 391 1115 425 pro

369 449 442 470 snae
477 435 622 470 avaritiae
655 432 857 467 excusatione
895 428 1114 467 concedendam

368 486 422 520 sed
449 493 573 523 01111013,
600 495 679 529 quae
703 481 743 515 ibi
769 480 872 514 oblata
891 486 981 515 sunt,
1006 478 1054 512 vel
1073 477 1116 511 of-

368 534 439 568 ferri
463 533 644 578 eontigerit,
671 539 732 565 tam
756 542 772 564 a
805 538 845 568 10,
870 540 962 575 quam
998 527 1035 561 ab
1057 527 1115 570 eis,

367 584 421 629 qni
444 584 473 617 in
507 591 560 616 tuo
594 581 696 615 (illicio
724 579 856 625 locoque
890 576 1114 619 successerint,

368 632 497 678 perenni
518 640 658 677 tempore
680 629 813 671 illibata,
841 639 876 661 ac
899 627 965 661 sine
988 625 1116 659 infesta-

367 683 451 715 tione
473 681 574 727 aliqua
590 679 746 721 volumus,
768 690 802 711 ae
825 676 1025 711 decernimus
1049 687 1117 720 pos-

366 730 473 769 sideri,
490 741 599 764 eorum
615 727 743 774 quidem
761 725 880 765 usibus,
906 736 961 772 pro
980 735 1114 770 quorum

367 779 611 817 sustentatione,
647 775 937 822 gubernationeque
966 784 1115 807 concessa

368 837 455 864 suut.
496 827 598 862 meilis
633 825 783 861 omnibus
822 823 994 870 profutura.
1037 821 1115 855 Item

367 878 602 915 constituimus,
627 884 657 909 ut
680 875 817 909 obeunte
831 873 942 907 abbate
959 884 1019 906 nou
1037 871 1116 905 alius

368 928 408 961 ihi
433 938 631 974 quacumque
658 923 852 969 obreptionis
885 921 995 955 astutia
1029 919 1117 954 orili-

368 986 473 1016 netur,
496 977 552 1010 nisi
571 986 665 1022 quem
689 974 797 1006 nau-es
814 971 955 1005 eiusilem
972 968 1115 1003 coenobii

368 1026 542 1059 secundum
560 1025 703 1058 timorem
722 1022 777 1056 Dei
794 1019 958 1065 elegerint,
983 1018 1116 1051 maxime

369 1075 407 1108 110.
429 1074 538 1107 cadem
567 1071 821 1116 congregatione.
857 1069 881 1102 si
913 1068 1046 1101 idoneus
1069 1067 1117 1100 iu-

368 1132 479 1157 ventus
501 1123 603 1156 suerit.
629 1120 722 1161 Qamt
746 1120 770 1153 si
798 1118 878 1156 111115,
901 1117 952 1163 qui
977 1116 1051 1149 huic
1075 1127 1116 1149 re-

369 1172 479 1217 gimini
514 1178 681 1216 congruat,
717 1170 796 1202 inter
821 1180 874 1201 cos
897 1165 1030 1199 inveniri
1055 1177 1115 1198 non

341 1219 347 1224 ’
371 1222 483 1268 possit,
504 1219 632 1254 aliunde
653 1218 713 1252 sibi
739 1225 855 1263 patrem
880 1224 909 1249 et
932 1214 1115 1260 magistrum

370 1278 552 1317 expectent;
590 1268 644 1314 qui
680 1279 742 1301 uon
770 1265 807 1300 ab
838 1265 899 1298 alio
926 1264 982 1297 nisi
1012 1276 1026 1296 a
1053 1263 1117 1296 Ro-

368 1331 463 1354 mano
476 1317 640 1355 pontifice,
657 1315 833 1351 secundum
854 1311 1063 1348 consuetudin
1079 1326 1115 1345 -ειι

371 1369 508 1416 priorum
532 1366 679 1401 abbatum
702 1371 916 1402 consecretur,
945 1373 1048 1408 neque
1073 1361 1118 1395 al-

369 1418 486 1455 terius,
521 1416 580 1450 nisi
615 1414 756 1450 eiusdem
779 1412 914 1446 Romani
952 1410 1118 1445 Pontificis

369 1466 522 1501 subdatur
552 1464 680 1499 iudicio.
717 1461 980 1497 Consecratioucs
1014 1468 1117 1494 autem

370 1515 596 1553 Ecclesiarum,
621 1521 651 1547 et
677 1511 891 1546 ordinationes
917 1508 1117 1553 clericorum,

370 1565 509 1612 praelato
531 1561 684 1598 coenobio
720 1560 957 1608 pertinentium⁷
990 1558 1029 1592 ab
1050 1559 1118 1605 epi-

370 1626 484 1660 scopo,
517 1613 547 1646 in
578 1611 668 1647 cuius
693 1609 829 1644 dioecesi
851 1616 916 1645 est,
947 1607 1118 1653 accipiant;

371 1664 411 1697 ita
444 1671 569 1701 tamen,
608 1661 632 1694 si
668 1660 735 1706 ipse
769 1659 937 1705 episcopus
969 1656 1118 1691 canonice

371 1711 553 1754 ordinatus,
577 1717 630 1744 aut
655 1721 671 1743 a
707 1708 849 1742 Romana
881 1706 1020 1740 Ecclesia
1043 1713 1119 1740 tunc

371 1759 661 1796 excommunicatus
685 1769 744 1791 non
769 1756 872 1800 fuerit,
895 1762 926 1790 et
948 1754 1120 1790 ordinatio-

372 1822 444 1844 nem
480 1808 576 1855 gratis
617 1806 734 1841 fecerit.
770 1806 826 1840 Sin
861 1812 965 1839 autem
1001 1803 1119 1850 aliquid

373 1859 486 1894 horum
519 1856 689 1895 obstiterit,
718 1854 815 1890 abbas
843 1854 881 1891 ad
903 1853 1120 1900 qualemcum—

373 1920 435 1955 que
468 1906 657 1941 catholicum
691 1904 874 1951 episcopum
909 1903 935 1937 ei
972 1902 1121 1949 placuerit

373 1968 467 1991 causa
489 1954 735 1990 consecrationis
766 1962 797 1988 et
822 1952 1029 1987 ordinationis
1057 1960 1119 1986 tam

374 2005 529 2049 locorum,
553 2015 647 2051 quam
670 2014 876 2050 personarum
898 2002 1027 2036 licenter
1048 2013 1122 2047 per-

374 2063 443 2101 gat3
474 2054 630 2100 liceatque
661 2052 811 2099 episcopo
837 2050 1007 2090 canonice,
1038 2050 1122 2096 quod

375 2111 506 2138 vocatus
526 2102 565 2136 ab
587 2114 624 2137 eo
652 2101 756 2141 suerit,
780 2112 938 2147 peragere.
967 2098 1052 2133 Hace
1068 2099 1124 2145 igi-

375 2161 427 2188 tur
453 2151 570 2192 omnia,
598 2162 677 2198 quae
699 2150 792 2184 huius
815 2149 985 2196 praecepti,
1007 2140 1124 2182 «lecre-

375 2202 462 2249 tique
492 2200 590 2235 nostri
627 2200 738 2247 pagiua
770 2199 929 2237 continet,
965 2205 1026 2231 tarn
1050 2196 1123 2237 tibi,

377 2263 471 2298 quam
493 2249 627 2293 cunctis,
653 2248 708 2295 qui
735 2248 765 2281 111
789 2260 837 2288 eo,
859 2259 922 2294 quo
947 2258 991 2286 es,
1013 2246 1125 2280 ordine

377 2300 511 2346 locoque
538 2297 767 2336 successerint,
792 2297 822 2330 in
847 2304 1033 2342 perpetuum
1058 2307 1126 2329 ser-

378 2348 478 2383 vanda
500 2347 711 2382 decernimus.
747 2345 781 2380 Si
803 2346 876 2392 quis
898 2357 971 2378 vero
1002 2356 1125 2389 regum,

379 2397 626 2444 imperatorum,
653 2394 860 2434 clericorum,
897 2393 1056 2436 iudicum,
1092 2404 1127 2427 ac

379 2445 586 2480 saecularium
618 2456 840 2491 personarum,
869 2443 948 2477 hanc
972 2441 1128 2476 constitu-

381 2495 475 2529 tionis
489 2502 614 2528 nostrae
633 2494 776 2540 paginam
795 2503 1001 2537 cognoscens,
1020 2498 1127 2524 contra

381 2555 451 2578 eam
487 2551 652 2577 temerario
686 2554 764 2576 ausu
803 2552 908 2575 ventre
944 2547 1128 2582 tentaverit,

382 2592 546 2639 potestatis
564 2591 755 2636 honorisque
773 2591 818 2623 sui
843 2589 993 2632 dignitate
1015 2595 1128 2626 careat,

383 2652 535 2687 reumque
565 2651 599 2674 se
633 2640 737 2674 divino
777 2638 894 2674 iudicio
927 2637 1059 2673 existere
1092 2636 1130 2671 de

954 275 1138 299 ntLLAtttml
1161 275 1322 298 ROMANUM

1158 337 1331 376 perpetrata
1367 328 1530 375 iniquitate
1565 337 1742 376 cognoscat.
1775 329 1816 363 Et
1846 328 1905 364 nisi

1156 392 1202 418 ea,
1225 391 1304 425 quae
1331 378 1370 413 ab
1393 379 1444 413 illo
1466 386 1539 413 sunt
1567 379 1647 414 male
1674 378 1787 421 ablata,
1815 379 1906 413 resti-

1157 428 1267 471 tuerit,
1301 428 1344 462 rel
1367 427 1462 474 digna
1488 428 1680 474 poenitentia
1708 427 1813 462 illicite
1839 436 1906 462 3013

1157 477 1326 516 defleverit,
1361 489 1377 511 3
1399 476 1611 512 sacratissimo
1633 488 1765 524 corpore
1787 489 1822 511 30
1839 489 1909 511 sau-

1156 527 1248 572 guine
1284 526 1411 561 Domini
1450 527 1546 561 nostri
1572 525 1796 573 Redemptoris
1835 526 1906 560 Iesu

1157 575 1274 610 Christi
1314 575 1435 610 alienus
1475 576 1548 618 fiat,
1583 584 1677 622 atque
1713 575 1743 609 in
1779 583 1906 610 aeterno

1157 625 1301 659 examine
1320 625 1478 659 districtae
1498 625 1609 660 ultioni
1628 624 1798 659 subiaceat.
1822 623 1910 659 Cun-

1157 675 1215 708 ctis
1246 682 1351 708 autem
1383 674 1485 708 eidem
1513 674 1582 709 loco
1606 674 1685 708 iusta
1708 673 1908 708 servantibus

1935 267 1985 294 An.
2006 267 2035 295 C.
2051 267 2119 295 1078

1963 328 2026 349 Cuius
2055 329 2120 350 vinta—

1936 357 1992 376 tures
2020 355 2122 378 fortunus

1936 382 2079 403 anathemate..

1157 724 1196 757 sit
1219 735 1278 770 pax
1302 723 1430 757 Domini
1460 724 1557 758 nostri
1582 723 1653 758 Iesu
1675 721 1807 766 Christi,
1829 735 1908 769 qua·
1930 767 1936 770 .

1157 780 1250 806 1011115
1272 781 1301 807 et
1324 773 1375 807 hic
1395 772 1531 806 fructum
1555 772 1656 807 bonae
1678 772 1810 807 actionis
1838 784 1909 818 per-

1157 822 1287 868 cipiant,
1310 830 1339 856 01
1354 821 1437 868 apud
1461 821 1639 856 districtum
1658 821 1797 856 Iudicem
1816 833 1908 868 prae-

1158 883 1219 904 mia
1241 879 1385 905 aeternae
1409 883 1494 917 pacis
1523 871 1696 905 inveniant.

1208 919 1320 953 Datum
1344 920 1490 954 Laterani
1514 932 1547 954 tv
1575 919 1646 954 idus
1674 919 1818 958 ianuarii,
1856 932 1911 966 per

1159 980 1270 1003 manus
1292 969 1375 1003 Petri
1400 969 1535 1003 Sanctae
1557 969 1719 1003 Romanae
1749 968 1910 1002 Ecclesiae

1160 1018 1331 1065 presbyteri
1369 1018 1553 1060 cardinalis,
1590 1030 1625 1052 ac
1660 1017 1910 1060 bibliothecarii,

1158 1079 1240 1101 auno
1267 1067 1377 1113 quinto
1400 1067 1600 1113 pontificatus
1620 1067 1660 1101 D.
1683 1066 1828 1112 Gregorii
1858 1080 1911 1101 se—

1161 1116 1246 1161 ptimi
1278 1116 1397 1162 Papae,
1426 1116 1465 1150 ab
1493 1116 1709 1151 incarnatione
1736 1128 1808 1150 vero
1844 1117 1910 1150 Do-

1160 1165 1233 1198 mini
1258 1177 1425 1203 mcxxvm,
1453 1165 1626 1200 indictione
1649 1165 1761 1211 prima.

1199 1221 1261 1251 Dat.
1283 1222 1329 1250 1110
1351 1222 1386 1251 10
1405 1222 1531 1251 ianuarii
1549 1231 1625 1251 anno
1642 1221 1758 1251 Domini
1782 1222 1866 1258 1078,

1340 1261 1443 1300 pontit.
1461 1262 1594 1300 Gregorii
1615 1271 1690 1291 anno
1711 1270 1735 1291 v.

1163 1476 1343 1519 Desu'ynntos
1365 1476 1478 1519 legatos
1499 1476 1681 1519 apostolicos
1703 1475 1760 1512 ait,
1787 1466 1830 1508 abt
1847 1486 1916 1509 con-

1208 1526 1377 1557 ciliandam
1399 1536 1504 1568 [11100111
1533 1525 1564 1557 in
1590 1536 1684 1568 regno
1712 1525 1915 1556 Theotmum-

1209 1585 1289 1608 rum,
1311 1586 1416 1617 eosque
1438 1574 1582 1618 impedire
1608 1581 1765 1606 conantem
1788 1584 1912 1606 excom-

1209 1624 1344 1656 municat
1367 1625 1423 1666 (l).

1431 1691 1552 1722 statut
1559 1691 1646 1722 [tuot

1161 1755 1192 1785 ln
1210 1754 1321 1794 synodo
1339 1754 1469 1783 Romana
1488 1753 1585 1783 habita
1605 1754 1652 1783 die
1676 1753 1694 1783 3
1716 1753 1813 1783 martii
1833 1753 1917 1783 desi-

1201 1800 1302 1831 gnatos
1313 1794 1353 1823 ait
1364 1794 1476 1831 legatos
1489 1793 1666 1832 apostolicos
1682 1794 1717 1823 ad
1737 1801 1916 1831 componen-

1201 1835 1267 1863 1111111
1292 1843 1392 1872 pacem
1418 1834 1447 1863 in
1470 1842 1560 1871 regno
1586 1832 1852 1869 Theutonicorum3
1879 1848 1919 1854 -

1201 1874 1293 1909 Quam
1310 1873 1360 1912 qui
1379 1873 1523 1911 impedire
1542 1873 1638 1902 conati
1656 1872 1775 1908 suerint,
1794 1872 1918 1901 anathe-

1202 1913 1436 1942 matizantur.—
1454 1912 1653 1942 Praesentium
1672 1913 1842 1951 portitorem
1862 1911 1916 1940 hac

1202 1953 1237 1982 de
1257 1961 1344 1981 causa
1359 1953 1503 1981 directum
1523 1952 1624 1987 fuisse,
1640 1956 1671 1981 ut
1686 1960 1753 1981 cum
1764 1950 1915 1980 Treviren.

1203 1992 1334 2031 archiep.
1353 1992 1388 2021 de
1407 1992 1471 2021 loco
1487 1996 1514 2021 et
1533 1996 1662 2030 tempore
1682 1995 1843 2020 conventus
1859 1994 1918 2019 sta-

1201 2036 1278 2067 tuat;
1293 2041 1354 2076 fluo
1374 2031 1460 2070 legati
1480 2036 1570 2070 apost.
1588 2030 1723 2060 securius
1742 2030 1856 2069 possint
1871 2029 1920 2060 iti-

1203 2081 1311 2101 nerarr.

1164 2132 1289 2170 Gregorius
1304 2132 1423 2170 episcopus
1437 2140 1515 2161 scrius
1531 2130 1710 2166 scrvorumDei.
1727 2130 1917 2168 archiepiscopis,

1204 2173 1325 2210 episcopis,
1349 2172 1447 2207 clericis,
1471 2171 1577 2208 ducibus,
1605 2170 1756 2209 principibus,
1779 2169 1920 2199 marchioni·

1205 2210 1254 2248 bus,
1271 2210 1422 2248 omnibusque
1441 2210 1566 2240 maioribus
1585 2214 1607 2239 ct
1625 2209 1753 2239 minoribus
1775 2209 1798 2238 in
1815 2208 1919 2238 Thento-

1205 2251 1256 2280 nico
1272 2251 1354 2288 Regno
1369 2251 1509 2286 constitutis,
1526 2251 1628 2288 exceptis
1645 2249 1689 2286 liis,
1706 2249 1745 2287 qui
1759 2249 1869 2278 canonica
1880 2257 1920 2277 ex-

1206 2290 1414 2319 communicatione
1445 2294 1570 2327 tcucntur,
1601 2290 1699 2318 salutem
1722 2292 1745 2317 ct
1770 2287 1920 2326 apostolicam

1206 2329 1402 2367 benedictionem,
1428 2329 1447 2358 si
1462 2329 1560 2359 decretis
1586 2329 1704 2358 Romanae
1728 2327 1844 2357 Ecclesiae
1865 2326 1921 2356 obe-

1206 2369 1302 2399 tlierint.

1218 2431 1334 2466 Notum
1373 2430 1460 2466 vobis
1495 2431 1562 2465 fieri
1601 2429 1749 2465 volumus
1763 2456 1773 2473 ,
1811 2428 1922 2463 fratres

1169 2480 1371 2521 charissimi,
1397 2480 1483 2527 quod
1517 2480 1547 2514 in
1583 2491 1620 2514 ea
1646 2478 1791 2526 synodo,
1825 2489 1920 2525 quam

1171 2541 1272 2576 nuper
1306 2529 1425 2563 Romae
1447 2528 1687 2565 celebravimus,
1720 2527 1801 2561 inter
1825 2527 1921 2560 multa

1171 2578 1240 2619 alia,
1263 2590 1343 2625 quae
1365 2578 1404 2612 de
1418 2586 1498 2611 statu
1522 2585 1647 2612 sanctae
1665 2576 1826 2612 Ecclesiae
1841 2575 1922 2619 (Deo

1207 2648 1245 2683 (t)
1266 2649 1303 2674 Ex
1320 2648 1383 2675 edit.
1402 2647 1480 2675 Card.
1498 2647 1616 2674 Carasae.

1968 2459 1990 2479 ln
2001 2459 2080 2486 synodo
2090 2459 2134 2479 Ro-

1935 2507 1937 2510 ,
1949 2492 2011 2506 mana
2020 2485 2133 2506 habitasti·

1949 2513 1960 2532 3
1982 2512 2049 2533 martii
2077 2511 2134 2532 ‹losi-

1949 2542 2022 2564 gnatus
2033 2539 2063 2559 ait.
2076 2539 2132 2563 loga-

1949 2568 1980 2585 tus
1997 2565 2133 2591 apostolicos

2174 335 2180 350 1
