2180 3205
151 216 199 240 Αιι.
221 214 249 241 C.
269 214 331 240 1121

177 460 290 480 Exordium

179 652 270 673 Dinutio
292 651 335 671 Md-

151 679 204 699 riani
221 678 303 698 indicis.

408 201 478 233 512

357 268 479 298 calixtus
499 266 638 302 episcopus
659 271 753 293 servus
772 260 912 293 servorum
929 263 985 295 Dei,
1003 262 1111 291 dilectis

401 313 467 340 filiis
486 311 590 339 vinano
609 309 775 345 praeposito,
796 310 822 337 et
836 307 972 336 canonicis
987 307 1111 336 Mati-icis

402 356 533 384 Ecclesiae
549 355 624 382 Beati
641 353 778 382 Laurentii
791 352 941 385 tanuonsis.
957 353 1015 381 tam
1032 358 1110 388 prae-

402 401 534 432 sentibus,
555 405 636 435 quam
653 398 767 431 futuris,
787 398 816 425 in
834 398 1005 433 perpetuum.

406 457 506 492 Bonis
527 455 735 491 saecularium
758 455 871 490 studiis
897 466 961 489 non
989 461 1109 488 tantum

359 507 475 547 favere,
501 506 556 540 sed
583 504 621 540 ad
649 517 683 539 ea
706 505 847 551 ipsorum
870 503 1021 538 debemus
1043 503 1110 537 ani-

360 568 429 590 mos
455 555 599 594 incitare,
621 554 673 600 qui
695 566 749 600 pro
768 553 864 588 nostri
886 553 980 587 officii
1003 551 1109 586 debito

359 604 452 639 saluti
494 604 636 639 omnium
676 602 842 650 providere
879 601 1107 648 compellimur.

359 653 517 688 Marianus
535 652 703 700 siquidem,
716 651 913 686 Calaritanus
928 651 1032 691 iudex,
1047 657 1109 684 tam

359 703 482 737 animae
504 714 579 737 suae
606 701 758 741 remedio,
785 712 880 748 quam
904 712 960 747 pro
982 700 1030 733 sui
1059 711 1111 733 re-

360 752 524 786 stitutione
547 751 687 791 lionoris,
711 758 829 785 vestrae
845 749 933 784 Beati
948 748 1110 782 Laurentii

360 801 480 836 Matrici
508 800 669 835 Ecclesiae
707 811 761 834 sex
793 798 869 833 iuris
902 798 950 832 sui
989 805 1110 837 curtes,

362 850 505 885 videlicet
525 849 691 891 Quartum,
712 848 892 888 Arsemina,
909 846 1012 893 Caput
1033 845 1111 880 Ter-

323 927 328 932 .
360 911 425 939 rae,
458 898 639 945 Sepultum,
664 897 788 944 Aquam
825 895 998 942 Frigidam,
1025 894 1111 928 Fon-

181 1822 205 1843 Et
217 1822 259 1842 alia
275 1822 339 1842 dona-

155 1850 182 1869 tio
193 1849 296 1869 Guitietmi
307 1854 340 1868 ar-

154 1876 224 1900 chiep.
241 1876 267 1895 de
291 1881 339 1895 con-

160 1908 223 1922 sensu
251 1901 339 1922 Mariani

154 1929 249 1948 eiusdem
260 1931 280 1948 et
292 1934 339 1947 con-

163 1955 325 1980 sanguineorum
335 1970 340 1977 ,

155 1987 210 2006 quae
232 1981 340 2001 confirma-

154 2010 194 2031 tur,
205 2011 265 2033 prout
277 2007 339 2027 etiam

164 2037 250 2054 caetera
277 2034 331 2053 bona

155 2060 239 2083 omnia.
254 2065 339 2086 quomo-

155 2087 234 2106 dolibet
245 2087 272 2106 ad
283 2092 340 2106 eam—

156 2113 203 2133 dem
225 2112 340 2133 Ecclesiam

155 2139 281 2165 spectantia.

361 957 430 982 tana
453 947 492 982 de
516 947 619 992 Eugas
641 958 711 980 cum
731 945 881 980 omnibus
899 944 934 978 ad
959 955 1027 978 eam
1044 955 1112 990 per-

362 996 535 1031 tinentibus
557 995 684 1030 obtulit:
719 1007 757 1028 ex
784 994 899 1040 quibus
923 1000 1030 1040 postea
1050 1000 1112 1026 tres

361 1046 419 1080 sibi
449 1057 605 1080 consensu
628 1051 729 1078 vestro
756 1043 925 1089 accipiens,
948 1053 1001 1075 sex
1023 1040 1110 1080 alias,

362 1094 504 1129 videlicet
522 1093 691 1131 Sebatlius,
715 1091 861 1131 Paudus,
890 1091 1000 1131 Baral,
1033 1089 1112 1123 Tra-

361 1143 467 1182 casali,
496 1142 655 1179 Fercella.
691 1141 837 1175 Sanctam
871 1139 1042 1173 Victoriam
1074 1139 1112 1172 (le

362 1193 431 1227 villa
453 1191 600 1238 Pupulci,
629 1190 678 1224 ubi
702 1189 818 1224 dicitur
851 1188 1011 1227 Terestae,
1039 1200 1110 1222 cuin

361 1241 510 1276 omnibus
545 1239 744 1287 pertinentiis
770 1238 854 1280 suis,
891 1249 946 1284 pro
985 1244 1113 1271 contra-

361 1290 484 1325 cambio
506 1301 612 1324 earum
637 1289 743 1328 trium,
771 1288 889 1322 scilicet
905 1286 1028 1328 Quarti,
1050 1284 1114 1320 Ca-

362 1347 418 1387 put
439 1339 566 1382 Terrae,
588 1346 618 1372 et
639 1337 750 1383 Aquae
772 1335 931 1382 Frigidae,
954 1334 1113 1368 Ecclesiae

365 1396 485 1423 vestrae
508 1387 656 1422 restituit:
680 1387 720 1420 ita
742 1393 858 1428 tamen,
886 1392 919 1418 ut
942 1391 1040 1418 vestra
1056 1383 1115 1417 Ec-

365 1438 458 1472 clesia
505 1436 729 1471 detrimentum
767 1435 797 1468 in
836 1433 947 1468 eodem
988 1440 1114 1467 contra-

364 1486 488 1520 cambio
505 1488 548 1529 (l)
571 1492 744 1532 pateretur,
764 1491 826 1517 tres
849 1482 968 1529 priores
987 1481 1115 1515 collatas

362 1535 422 1569 sibi
444 1543 551 1568 curtes
573 1546 644 1568 cum
669 1532 866 1579 pertinentiis
884 1531 947 1565 suis
969 1530 1036 1564 sine
1059 1541 1111 1563 ca-

362 1583 481 1618 lumnia
509 1591 539 1617 et
561 1581 808 1616 contradictione
827 1580 995 1626 acciperet.
1026 1578 1115 1612 Hanc

363 1632 513 1666 nimirum
545 1631 737 1665 oblationem
760 1637 852 1676 atque
875 1628 1112 1662 concessionem

363 1694 432 1720 nos,
446 1680 625 1715 dilectionis
639 1687 757 1713 vestrae
772 1677 918 1725 precibus
928 1684 1114 1717 annuentes,

362 1730 545 1765 auctoritate
562 1728 655 1763 Sedis
666 1727 865 1774 Apostolicae
880 1726 1113 1761 confirmamus.

363 1787 393 1813 et
416 1786 513 1813 ratam
537 1778 569 1812 in
594 1785 782 1824 perpetuum
798 1787 926 1810 manere
943 1775 1113 1809 sancimus.

363 1827 599 1862 Confirmamus
621 1827 713 1860 etiam
727 1825 813 1859 vobis
828 1824 991 1859 ecclesiam
1008 1823 1113 1857 Sancti

335 1876 492 1911 -Ioannis
525 1875 711 1910 Arseminae
746 1886 817 1909 cum
866 1873 1009 1908 ecclesiis
1049 1872 1116 1906 suis

362 1934 392 1960 et
425 1925 558 1959 caeteris
591 1924 629 1958 ad
657 1936 725 1957 eam
754 1921 1001 1970 pertinentibus,
1035 1932 1115 1966 quae

363 1973 457 2009 nobis
473 1986 488 2008 a
506 1972 675 2008 venerabili
700 1972 792 2006 fratre
814 1980 921 2005 nostro
943 1969 1115 2004 Guillelmo

363 2022 542 2058 Calaritano
569 2021 807 2068 archiepiscopo
830 2019 952 2060 tradita,
979 2027 1008 2053 et
1037 2018 1116 2052 scri-

363 2073 408 2119 pti
439 2072 487 2106 sui
515 2070 690 2106 munimine
725 2069 906 2104 confirmata
940 2075 1010 2111 est,
1049 2067 1115 2113 ipso

362 2122 467 2156 iudice
489 2133 563 2155 cum
588 2132 682 2154 uxore
705 2131 761 2153 sua
790 2118 946 2161 Pretiosa,
981 2128 1116 2151 consan-

362 2170 489 2217 guineis
518 2168 699 2215 parentibus
722 2166 931 2205 collaudante,
954 2173 984 2200 et
1002 2166 1117 2199 instan-

363 2220 427 2254 tius
446 2225 606 2253 exorante.
635 2217 864 2262 Quaecumque
888 2222 1047 2261 praeterea
1062 2226 1118 2247 ve-

361 2277 422 2303 stra
438 2267 580 2302 Ecclesia
597 2267 628 2300 in
652 2265 806 2312 praesenti
825 2264 963 2310 legitime
984 2263 1116 2302 obtinet,

361 2317 408 2351 vel
438 2317 468 2351 in
497 2316 636 2350 futurum
660 2315 810 2360 largiente
833 2313 900 2347 Deo
922 2313 1004 2346 iuste
1023 2319 1117 2357 atque

362 2366 515 2400 canonice
555 2364 669 2412 poterit
704 2363 854 2409 adipisci,
883 2362 971 2396 firma
1007 2360 1117 2403 vobis,

363 2416 540 2460 vestrisque
576 2412 814 2448 successoribus
840 2422 967 2457 semper
993 2420 1022 2444 et
1054 2409 1119 2442 illi-

364 2463 434 2498 bata
466 2463 668 2497 decernimus
701 2460 891 2496 conservari.
927 2458 1009 2493 Nulli
1043 2469 1118 2503 ergo

364 2512 496 2548 omnino
526 2512 691 2546 bominum
726 2511 817 2545 liceat
846 2517 981 2545 vestram
1007 2506 1120 2542 Eccle-

403 2576 442 2612 (1)
464 2576 533 2603 Αᾱά.
550 2576 568 2603 f.
587 2585 651 2603 non.
670 2576 709 2611 (u.
729 2575 769 2611 T.)

938 204 1076 227 BL’LLAm
1083 204 1126 227 ml
1155 204 1318 226 Ronsxtuu

1151 257 1229 292 siam
1252 266 1368 292 temere
1391 258 1585 304 perturbare,
1612 269 1665 294 aut
1684 260 1752 295 eius
1775 273 1899 307 posses-

1151 307 1258 341 siones
1279 306 1412 347 auferre,
1440 307 1486 341 vel
1514 307 1632 343 ablatas
1666 310 1811 353 retinere,
1840 311 1900 344 ini-

1153 367 1260 399 nuere,
1278 354 1324 389 vel
1340 356 1512 391 temerariis
1525 357 1745 393 “vexationibus
1759 359 1898 404 s.itigare;

1152 404 1206 439 sed
1229 405 1333 439 omnia
1361 404 1479 450 integra
1503 414 1744 447 conserventur,
1773 419 1899 447 eorum,

1153 466 1208 500 pro
1227 465 1361 500 quorum
1381 453 1630 489 substentatione
1652 467 1800 490 concessa
1815 464 1899 499 sunt,

1153 502 1263 537 usibus
1284 502 1476 537 omnimodis
1499 503 1670 549 profutura.
1698 503 1734 538 Si
1755 505 1826 551 quis
1841 505 1900 550 igi-

1153 559 1217 590 tur,
1254 559 1377 586 nostrae
1407 551 1655 586 confirmationis
1677 553 1771 587 liuius
1794 561 1901 587 tenore

1152 600 1290 646 cognito,
1328 607 1457 640 temere,
1494 601 1578 647 quod
1613 601 1712 646 absit,
1747 602 1903 636 contraire

1153 649 1333 692 tentaverit,
1361 648 1489 684 lionoris
1511 658 1541 683 et
1568 650 1660 684 officii
1695 651 1743 685 sui
1772 650 1903 698 pericu-

1153 698 1216 732 lum
1231 698 1376 745 patiatur,
1393 706 1421 733 et
1434 698 1768 734 excommunicationis
1782 699 1899 733 ultione

1154 747 1318 793 plectatur,
1347 747 1406 781 nisi
1434 748 1723 795 praesumptionem
1746 748 1899 783 suamdi-

1152 808 1210 841 gna
1234 796 1446 831 satisfactione
1468 797 1647 831 correxerit.

1196 845 1276 898 ⁴Eoo
1322 844 1486 880 mercs
1533 845 1705 881 catholicae
1745 845 1903 881 Ecclesiae

1153 905 1333 941 episcopus.

1202 942 1316 977 Datum
1346 943 1490 977 Laterani
1526 955 1582 990 pei·
1613 955 1740 978 manum
1763 943 1903 991 Chryso-

1153 992 1226 1037 goni
1251 1000 1375 1026 sanctae
1397 991 1558 1026 Romanae
1580 992 1615 1026 E.
1644 992 1766 1027 diaconi
1799 993 1901 1027 cardi-

1155 1039 1232 1074 nalis
1253 1052 1289 1074 ac
1311 1040 1552 1084 bibliothecarii,
1580 1053 1653 1075 non.
1683 1042 1825 1086 ianuarii,
1853 1041 1902 1076 in-

1154 1088 1291 1124 dictione
1305 1089 1610 1131 x1v,incarnationis
1628 1090 1803 1125 dominicae
1817 1103 1900 1125 anno

1154 1149 1264 1177 uem,
1281 1139 1483 1184 pontificatus
1499 1147 1603 1173 autem
1620 1138 1737 1173 domini
1751 1139 1861 1173 Calixti
1875 1139 1903 1174 Il

1154 1186 1257 1232 Papae
1279 1199 1362 1222 anno
1390 1199 1426 1221 11.

1194 1243 1255 1273 Dat.
1275 1244 1321 1273 die
1343 1244 1361 1273 ἴ)
1388 1244 1514 1273 ianuarii
1542 1253 1617 1273 anno
1640 1244 1754 1274 Domini
1779 1245 1864 1282 1121,

1408 1288 1510 1327 pontis.
1529 1297 1604 1318 anno
1623 1297 1652 1318 ιι.

1493 1440 1577 1475 XIII.

1157 1512 1357 1556 Confirmatio
1386 1513 1509 1545 unionis
1538 1514 1794 1545 nionastei·iorum
1830 1513 1906 1546 Ber-

1204 1562 1387 1593 nhomi'ensi's
1401 1568 1427 1593 et
1451 1561 1685 1605 Affliqimiensis
1711 1562 1904 1595 Cameracen.

1204 1610 1354 1648 dioecesis,
1380 1621 1511 1654 quorum
1532 1612 1610 1643 alter
1630 1611 1722 1643 alleri
1740 1611 1906 1643 subiectum

1205 1660 1329 1691 omnino
1355 1671 1422 1692 cum
1455 1660 1647 1703 pertinenciis
1680 1659 1819 1692 omnibus
1853 1661 1906 1692 cle-

1205 1708 1343 1741 claratur
1365 1709 1420 1749 (l).

1426 1780 1640 1811 SUMMARIL‘M

1157 1841 1323 1871 Exordium.
1338 1858 1378 1863 —
1398 1841 1628 1871 Bernhomiense
1661 1842 1870 1871 monasterium
1889 1852 1904 1870 a

1196 1884 1398 1914 Cameracensi
1410 1885 1547 1923 episcopo
1561 1884 1766 1922 Affligimiensi
1780 1885 1904 1914 unitum.

1196 1928 1296 1957 Eidem
1328 1929 1447 1958 omnino
1474 1929 1644 1965 subiicitur3
1661 1945 1700 1950 —
1721 1927 1791 1958 Cum
1822 1928 1907 1957 bonis

1197 1972 1345 2009 omnibus,
1364 1981 1438 2011 quae
1457 1971 1677 2011 quomodolibet
1695 1972 1730 2001 ad
1750 1971 1822 2000 illud
1834 1980 1905 2010 spe-

1198 2020 1277 2045 ctare
1299 2016 1521 2053 dignoscuntur.
1538 2032 1577 2037 —
1592 2014 1746 2044 Decretum
1764 2014 1906 2044 immuni—

1200 2061 1265 2090 tatis
1284 2064 1310 2089 et
1338 2059 1481 2089 libertatis
1504 2058 1601 2088 favore
1632 2059 1764 2088 eiusdem
1797 2058 1909 2096 Affligi-

1198 2105 1320 2134 miensis
1334 2104 1515 2133 monasterii.
1528 2120 1568 2125 —
1580 2103 1692 2132 Poenae
1704 2106 1803 2132 contra
1817 2101 1910 2131 viola-

1199 2153 1275 2178 tores
1299 2147 1443 2187 privilegii
1462 2147 1562 2176 huius.

1157 2208 1260 2238 Calixtus
1286 2209 1406 2247 episcopus
1431 2217 1508 2238 servus
1533 2216 1650 2237 servorum
1667 2206 1718 2244 nei,
1744 2206 1832 2236 dilecto
1860 2205 1908 2236 titio

1198 2252 1323 2290 fulgentio
1347 2251 1424 2281 abbati
1440 2251 1613 2290 Alssiginiiensis
1637 2251 1780 2288 monasterti,
1800 2250 1860 2288 quod
1881 2250 1909 2279 ad

1198 2296 1309 2326 honorent
1330 2296 1358 2325 B.
1374 2296 1436 2325 Petri
1457 2295 1613 2334 apostolorum
1629 2294 1742 2332 Principis
1757 2295 1779 2323 in
1801 2294 1907 2323 (lamera-

1199 2342 1261 2371 censi
1282 2341 1382 2370 dioecesi
1400 2341 1469 2369 situm
1488 2344 1530 2377 est,
1551 2339 1644 2377 eiusque
1659 2337 1828 2368 successorihus
1842 2345 1911 2375 regu·

1198 2386 1278 2415 laritei·
1291 2384 1467 2422 substituendis,
1484 2384 1507 2413 iu
1526 2387 1672 2422 perpetuum.

1209 2448 1299 2490 Quae
1321 2447 1482 2493 religionis
1509 2446 1624 2480 intuitu
1651 2451 1844 2484 statuuntur,
1861 2443 1911 2477 in-

1161 2497 1308 2532 convulsa
1335 2495 1452 2530 debent
1478 2495 1645 2529 stabilitate
1683 2492 1811 2527 servari.
1851 2491 1911 2526 Si—

1198 2571 1236 2606 (t)
1253 2571 1293 2597 Ex
1313 2569 1403 2596 Miraei
1423 2569 1504 2604 Oper.
1523 2567 1635 2602 Diplom.
1655 2570 1719 2593 tom.
1737 2574 1756 2593 i,

1927 203 1975 229 An.
1997 204 2025 230 C.
2043 203 2106 231 1121

1955 518 2036 539 Solitae
2055 518 2112 538 clau-

1927 545 1992 566 su'ae.

1969 855 2044 876 catini
2071 853 2104 875 PP

1930 882 2064 907 subscriptus.

1956 2449 2076 2471 Exordium.

2162 2773 2169 2908 ιω..-
2162 2724 2169 2755 ..a
2164 2685 2168 2706 „s
