<?xml version="1.0" encoding="UTF-8"?>
<!DOCTYPE html PUBLIC "-//W3C//DTD XHTML 1.0 Transitional//EN"
    "http://www.w3.org/TR/xhtml1/DTD/xhtml1-transitional.dtd">
<html xmlns="http://www.w3.org/1999/xhtml" xml:lang="en" lang="en">
 <head>
  <title>
</title>
<meta http-equiv="Content-Type" content="text/html;charset=utf-8" />
  <meta name='ocr-system' content='tesseract 3.04.00' />
  <meta name='ocr-capabilities' content='ocr_page ocr_carea ocr_par ocr_line ocrx_word'/>
</head>
<body>
  <div class='ocr_page' id='page_1' title='image "./bullarumdiplomat02cath_0340.png"; bbox 0 0 2180 3205; ppageno 0'>
   <div class='ocr_carea' id='block_1_1' title="bbox 176 238 358 266">
    <p class='ocr_par' dir='ltr' id='par_1_1' title="bbox 176 238 358 266">
     <span class='ocr_line' id='line_1_1' title="bbox 176 238 358 266; baseline -0.005 0"><span class='ocrx_word' id='word_1_1' title='bbox 176 239 225 266; x_wconf 82' lang='lat' dir='ltr'>An.</span> <span class='ocrx_word' id='word_1_2' title='bbox 246 239 274 266; x_wconf 92' lang='lat' dir='ltr'>C.</span> <span class='ocrx_word' id='word_1_3' title='bbox 293 238 358 266; x_wconf 69' lang='lat'>1122</span> 
     </span>
    </p>
   </div>
   <div class='ocr_carea' id='block_1_2' title="bbox 174 337 359 464">
    <p class='ocr_par' dir='ltr' id='par_1_2' title="bbox 174 337 359 464">
     <span class='ocr_line' id='line_1_2' title="bbox 218 337 359 357; baseline -0.007 0"><span class='ocrx_word' id='word_1_4' title='bbox 218 337 272 357; x_wconf 81' lang='lat' dir='ltr'>item</span> <span class='ocrx_word' id='word_1_5' title='bbox 299 337 359 357; x_wconf 82' lang='lat' dir='ltr'>iura-</span> 
     </span>
     <span class='ocr_line' id='line_1_3' title="bbox 175 364 359 384; baseline -0.005 0"><span class='ocrx_word' id='word_1_6' title='bbox 175 367 275 384; x_wconf 81' lang='lat' dir='ltr'>mentum</span> <span class='ocrx_word' id='word_1_7' title='bbox 290 364 316 384; x_wconf 84' lang='lat' dir='ltr'>ab</span> <span class='ocrx_word' id='word_1_8' title='bbox 331 368 359 383; x_wconf 92' lang='lat' dir='ltr'>u-</span> 
     </span>
     <span class='ocr_line' id='line_1_4' title="bbox 176 393 358 415; baseline 0 -5"><span class='ocrx_word' id='word_1_9' title='bbox 176 396 255 415; x_wconf 66' lang='lat' dir='ltr'>traqu&amp;</span> <span class='ocrx_word' id='word_1_10' title='bbox 297 393 358 415; x_wconf 71' lang='lat' dir='ltr'>parte</span> 
     </span>
     <span class='ocr_line' id='line_1_5' title="bbox 174 416 358 443; baseline -0.011 -6"><span class='ocrx_word' id='word_1_11' title='bbox 174 423 290 443; x_wconf 82' lang='lat' dir='ltr'>perperam</span> <span class='ocrx_word' id='word_1_12' title='bbox 328 416 358 436; x_wconf 75' lang='lat' dir='ltr'>fa-</span> 
     </span>
     <span class='ocr_line' id='line_1_6' title="bbox 174 445 358 464; baseline -0.006 0"><span class='ocrx_word' id='word_1_13' title='bbox 174 447 236 464; x_wconf 84' lang='lat' dir='ltr'>ctum</span> <span class='ocrx_word' id='word_1_14' title='bbox 251 445 358 464; x_wconf 71' lang='lat' dir='ltr'>inritatur.</span> 
     </span>
    </p>
   </div>
   <div class='ocr_carea' id='block_1_3' title="bbox 172 1025 359 1238">
    <p class='ocr_par' dir='ltr' id='par_1_3' title="bbox 172 1025 359 1238">
     <span class='ocr_line' id='line_1_7' title="bbox 202 1025 359 1047; baseline -0.006 -1"><span class='ocrx_word' id='word_1_15' title='bbox 202 1025 315 1047; x_wconf 57' lang='lat' dir='ltr'>nisunnno</span> <span class='ocrx_word' id='word_1_16' title='bbox 325 1031 359 1046; x_wconf 85' lang='lat' dir='ltr'>ar-</span> 
     </span>
     <span class='ocr_line' id='line_1_8' title="bbox 173 1054 359 1078; baseline -0.005 -5"><span class='ocrx_word' id='word_1_17' title='bbox 173 1054 317 1078; x_wconf 74' lang='lat' dir='ltr'>chiepiscnpo</span> <span class='ocrx_word' id='word_1_18' title='bbox 326 1054 359 1073; x_wconf 73' lang='lat' dir='ltr'>ius</span> 
     </span>
     <span class='ocr_line' id='line_1_9' title="bbox 172 1080 359 1100; baseline 0.005 -1"><span class='ocrx_word' id='word_1_19' title='bbox 172 1081 303 1099; x_wconf 72' lang='lat' dir='ltr'>conceditur</span> <span class='ocrx_word' id='word_1_20' title='bbox 313 1080 359 1100; x_wconf 81' lang='lat' dir='ltr'>ani-</span> 
     </span>
     <span class='ocr_line' id='line_1_10' title="bbox 175 1107 326 1126; baseline -0.007 0"><span class='ocrx_word' id='word_1_21' title='bbox 175 1107 326 1126; x_wconf 62' lang='lat' dir='ltr'>maurentium</span> 
     </span>
     <span class='ocr_line' id='line_1_11' title="bbox 173 1133 358 1153; baseline 0 -1"><span class='ocrx_word' id='word_1_22' title='bbox 173 1134 195 1153; x_wconf 91' lang='lat' dir='ltr'>in</span> <span class='ocrx_word' id='word_1_23' title='bbox 211 1133 331 1153; x_wconf 67' lang='lat' dir='ltr'>cainonicos</span> <span class='ocrx_word' id='word_1_24' title='bbox 339 1133 358 1152; x_wconf 83' lang='lat' dir='ltr'>S.</span> 
     </span>
     <span class='ocr_line' id='line_1_12' title="bbox 174 1160 358 1184; baseline 0.005 -6"><span class='ocrx_word' id='word_1_25' title='bbox 174 1160 287 1184; x_wconf 78' lang='lat' dir='ltr'>Stephani,</span> <span class='ocrx_word' id='word_1_26' title='bbox 317 1160 358 1179; x_wconf 80' lang='lat' dir='ltr'>nisi</span> 
     </span>
     <span class='ocr_line' id='line_1_13' title="bbox 173 1186 359 1206; baseline 0.005 -1"><span class='ocrx_word' id='word_1_27' title='bbox 173 1186 225 1206; x_wconf 74' lang='lat' dir='ltr'>huic</span> <span class='ocrx_word' id='word_1_28' title='bbox 234 1187 323 1206; x_wconf 80' lang='lat' dir='ltr'>decreto</span> <span class='ocrx_word' id='word_1_29' title='bbox 338 1191 359 1206; x_wconf 84' lang='lat' dir='ltr'>a-</span> 
     </span>
     <span class='ocr_line' id='line_1_14' title="bbox 173 1213 317 1238; baseline 0 -6"><span class='ocrx_word' id='word_1_30' title='bbox 173 1213 317 1238; x_wconf 74' lang='lat' dir='ltr'>cquieverint.</span> 
     </span>
    </p>
   </div>
   <div class='ocr_carea' id='block_1_4' title="bbox 173 1422 360 1470">
    <p class='ocr_par' dir='ltr' id='par_1_4' title="bbox 173 1422 360 1470">
     <span class='ocr_line' id='line_1_15' title="bbox 200 1422 360 1443; baseline 0 0"><span class='ocrx_word' id='word_1_31' title='bbox 200 1423 280 1443; x_wconf 75' lang='lat' dir='ltr'>solitae</span> <span class='ocrx_word' id='word_1_32' title='bbox 295 1422 360 1443; x_wconf 71' lang='lat' dir='ltr'>clau-</span> 
     </span>
     <span class='ocr_line' id='line_1_16' title="bbox 173 1451 241 1470; baseline 0 -1"><span class='ocrx_word' id='word_1_33' title='bbox 173 1451 241 1470; x_wconf 82' lang='lat' dir='ltr'>sutae.</span> 
     </span>
    </p>
   </div>
   <div class='ocr_carea' id='block_1_5' title="bbox 439 233 510 265">
    <p class='ocr_par' dir='ltr' id='par_1_5' title="bbox 439 233 510 265">
     <span class='ocr_line' id='line_1_17' title="bbox 439 233 510 265; baseline -0.014 0"><span class='ocrx_word' id='word_1_34' title='bbox 439 233 510 265; x_wconf 66' lang='lat'>522</span> 
     </span>
    </p>
   </div>
   <div class='ocr_carea' id='block_1_6' title="bbox 380 292 1137 2583">
    <p class='ocr_par' dir='ltr' id='par_1_6' title="bbox 380 292 1137 2310">
     <span class='ocr_line' id='line_1_18' title="bbox 388 292 1134 341; baseline -0.007 -11"><span class='ocrx_word' id='word_1_35' title='bbox 388 296 478 331; x_wconf 75' lang='lat' dir='ltr'>solxit</span> <span class='ocrx_word' id='word_1_36' title='bbox 511 295 615 341; x_wconf 86' lang='lat' dir='ltr'>quiete</span> <span class='ocrx_word' id='word_1_37' title='bbox 641 292 730 328; x_wconf 78' lang='lat' dir='ltr'>vobis</span> <span class='ocrx_word' id='word_1_38' title='bbox 763 292 934 339; x_wconf 80' lang='lat' dir='ltr'>deinceps,</span> <span class='ocrx_word' id='word_1_39' title='bbox 970 301 996 326; x_wconf 84' lang='lat' dir='ltr'>et</span> <span class='ocrx_word' id='word_1_40' title='bbox 1033 292 1134 326; x_wconf 88' lang='lat' dir='ltr'>eidem</span> 
     </span>
     <span class='ocr_line' id='line_1_19' title="bbox 387 341 1135 389; baseline -0.005 -10"><span class='ocrx_word' id='word_1_41' title='bbox 387 353 507 379; x_wconf 69' lang='lat' dir='ltr'>vestrae</span> <span class='ocrx_word' id='word_1_42' title='bbox 535 342 694 377; x_wconf 81' lang='lat' dir='ltr'>Ecclesiae</span> <span class='ocrx_word' id='word_1_43' title='bbox 717 342 946 389; x_wconf 77' lang='lat' dir='ltr'>persolvantur.</span> <span class='ocrx_word' id='word_1_44' title='bbox 971 341 1019 375; x_wconf 78' lang='lat' dir='ltr'>Ad</span> <span class='ocrx_word' id='word_1_45' title='bbox 1047 341 1135 381; x_wconf 78' lang='lat' dir='ltr'>haec,</span> 
     </span>
     <span class='ocr_line' id='line_1_20' title="bbox 386 391 1136 438; baseline -0.005 -11"><span class='ocrx_word' id='word_1_46' title='bbox 386 392 633 431; x_wconf 79' lang='lat' dir='ltr'>ahsolutionem,</span> <span class='ocrx_word' id='word_1_47' title='bbox 667 404 747 438; x_wconf 86' lang='lat' dir='ltr'>quae</span> <span class='ocrx_word' id='word_1_48' title='bbox 778 399 839 425; x_wconf 90' lang='lat' dir='ltr'>tam</span> <span class='ocrx_word' id='word_1_49' title='bbox 868 403 884 425; x_wconf 87' lang='lat' dir='ltr'>a</span> <span class='ocrx_word' id='word_1_50' title='bbox 913 398 953 435; x_wconf 76' lang='lat' dir='ltr'>te,</span> <span class='ocrx_word' id='word_1_51' title='bbox 976 391 1136 425; x_wconf 71' lang='lat' dir='ltr'>carissime</span> 
     </span>
     <span class='ocr_line' id='line_1_21' title="bbox 387 439 1135 487; baseline -0.004 -11"><span class='ocrx_word' id='word_1_52' title='bbox 387 443 417 476; x_wconf 90' lang='lat' dir='ltr'>in</span> <span class='ocrx_word' id='word_1_53' title='bbox 441 441 568 476; x_wconf 87' lang='lat' dir='ltr'>Christo</span> <span class='ocrx_word' id='word_1_54' title='bbox 606 441 698 475; x_wconf 85' lang='lat' dir='ltr'>frater</span> <span class='ocrx_word' id='word_1_55' title='bbox 725 448 754 475; x_wconf 91' lang='lat' dir='ltr'>et</span> <span class='ocrx_word' id='word_1_56' title='bbox 784 441 933 487; x_wconf 78' lang='lat' dir='ltr'>episcope</span> <span class='ocrx_word' id='word_1_57' title='bbox 972 439 1135 479; x_wconf 81' lang='lat' dir='ltr'>Anserice,</span> 
     </span>
     <span class='ocr_line' id='line_1_22' title="bbox 385 488 1137 546; baseline -0.005 -20"><span class='ocrx_word' id='word_1_58' title='bbox 385 503 479 546; x_wconf 78' lang='lat' dir='ltr'>quam</span> <span class='ocrx_word' id='word_1_59' title='bbox 508 491 546 525; x_wconf 91' lang='lat' dir='ltr'>ab</span> <span class='ocrx_word' id='word_1_60' title='bbox 573 489 752 524; x_wconf 84' lang='lat' dir='ltr'>Hninbaldo</span> <span class='ocrx_word' id='word_1_61' title='bbox 777 489 983 535; x_wconf 72' lang='lat' dir='ltr'>lugdunensi</span> <span class='ocrx_word' id='word_1_62' title='bbox 1008 488 1137 523; x_wconf 87' lang='lat' dir='ltr'>archie—</span> 
     </span>
     <span class='ocr_line' id='line_1_23' title="bbox 385 538 1136 595; baseline -0.005 -20"><span class='ocrx_word' id='word_1_63' title='bbox 385 541 526 595; x_wconf 83' lang='lat' dir='ltr'>pisc0p0,</span> <span class='ocrx_word' id='word_1_64' title='bbox 564 552 660 586; x_wconf 87' lang='lat' dir='ltr'>super</span> <span class='ocrx_word' id='word_1_65' title='bbox 694 539 870 573; x_wconf 74' lang='lat' dir='ltr'>iuramento</span> <span class='ocrx_word' id='word_1_66' title='bbox 906 538 974 581; x_wconf 79' lang='lat' dir='ltr'>illo,</span> <span class='ocrx_word' id='word_1_67' title='bbox 1014 538 1136 572; x_wconf 78' lang='lat' dir='ltr'>clericis</span> 
     </span>
     <span class='ocr_line' id='line_1_24' title="bbox 385 587 1134 636; baseline -0.004 -13"><span class='ocrx_word' id='word_1_68' title='bbox 385 590 550 636; x_wconf 79' lang='lat' dir='ltr'>utriusque</span> <span class='ocrx_word' id='word_1_69' title='bbox 571 588 734 623; x_wconf 83' lang='lat' dir='ltr'>Ecclesiae</span> <span class='ocrx_word' id='word_1_70' title='bbox 756 588 854 628; x_wconf 84' lang='lat' dir='ltr'>facto,</span> <span class='ocrx_word' id='word_1_71' title='bbox 876 599 893 622; x_wconf 89' lang='lat' dir='ltr'>a</span> <span class='ocrx_word' id='word_1_72' title='bbox 916 587 1023 627; x_wconf 90' lang='lat' dir='ltr'>nobis,</span> <span class='ocrx_word' id='word_1_73' title='bbox 1059 587 1134 621; x_wconf 88' lang='lat' dir='ltr'>dum</span> 
     </span>
     <span class='ocr_line' id='line_1_25' title="bbox 383 637 1134 685; baseline -0.003 -13"><span class='ocrx_word' id='word_1_74' title='bbox 383 639 487 673; x_wconf 87' lang='lat' dir='ltr'>adhuc</span> <span class='ocrx_word' id='word_1_75' title='bbox 511 639 541 672; x_wconf 92' lang='grc'>111</span> <span class='ocrx_word' id='word_1_76' title='bbox 567 637 706 685; x_wconf 90' lang='lat' dir='ltr'>partibus</span> <span class='ocrx_word' id='word_1_77' title='bbox 723 637 963 672; x_wconf 69' lang='lat' dir='ltr'>ultramontanis</span> <span class='ocrx_word' id='word_1_78' title='bbox 982 648 1134 673; x_wconf 76' lang='lat' dir='ltr'>essemus,</span> 
     </span>
     <span class='ocr_line' id='line_1_26' title="bbox 383 685 1134 734; baseline -0.005 -12"><span class='ocrx_word' id='word_1_79' title='bbox 383 688 567 722; x_wconf 82' lang='lat' dir='ltr'>confirmata</span> <span class='ocrx_word' id='word_1_80' title='bbox 590 695 646 726; x_wconf 81' lang='lat' dir='ltr'>est,</span> <span class='ocrx_word' id='word_1_81' title='bbox 671 687 845 734; x_wconf 89' lang='lat' dir='ltr'>praesentis</span> <span class='ocrx_word' id='word_1_82' title='bbox 867 698 994 732; x_wconf 85' lang='lat' dir='ltr'>quoque</span> <span class='ocrx_word' id='word_1_83' title='bbox 1017 685 1134 720; x_wconf 86' lang='lat' dir='ltr'>decreti</span> 
     </span>
     <span class='ocr_line' id='line_1_27' title="bbox 384 737 1137 783; baseline -0.003 -13"><span class='ocrx_word' id='word_1_84' title='bbox 384 738 496 783; x_wconf 80' lang='lat' dir='ltr'>pagina</span> <span class='ocrx_word' id='word_1_85' title='bbox 515 737 709 776; x_wconf 81' lang='lat' dir='ltr'>roboramus,</span> <span class='ocrx_word' id='word_1_86' title='bbox 731 744 762 770; x_wconf 90' lang='lat' dir='ltr'>et</span> <span class='ocrx_word' id='word_1_87' title='bbox 784 744 880 770; x_wconf 89' lang='lat' dir='ltr'>ratam</span> <span class='ocrx_word' id='word_1_88' title='bbox 905 742 1056 782; x_wconf 87' lang='lat' dir='ltr'>perpetuo</span> <span class='ocrx_word' id='word_1_89' title='bbox 1076 746 1137 768; x_wconf 88' lang='lat' dir='ltr'>ma-</span> 
     </span>
     <span class='ocr_line' id='line_1_28' title="bbox 384 784 1135 830; baseline -0.004 -10"><span class='ocrx_word' id='word_1_90' title='bbox 384 798 460 820; x_wconf 88' lang='lat' dir='ltr'>nere</span> <span class='ocrx_word' id='word_1_91' title='bbox 487 785 705 820; x_wconf 84' lang='lat' dir='ltr'>decernimus:</span> <span class='ocrx_word' id='word_1_92' title='bbox 734 785 919 819; x_wconf 86' lang='lat' dir='ltr'>auctoritate</span> <span class='ocrx_word' id='word_1_93' title='bbox 937 784 1029 818; x_wconf 82' lang='lat' dir='ltr'>Sedis</span> <span class='ocrx_word' id='word_1_94' title='bbox 1056 784 1135 830; x_wconf 81' lang='lat' dir='ltr'>Apo-</span> 
     </span>
     <span class='ocr_line' id='line_1_29' title="bbox 382 833 1136 878; baseline -0.004 -9"><span class='ocrx_word' id='word_1_95' title='bbox 382 834 511 869; x_wconf 87' lang='lat' dir='ltr'>stolicae</span> <span class='ocrx_word' id='word_1_96' title='bbox 541 842 734 878; x_wconf 69' lang='lat' dir='ltr'>statuentes,</span> <span class='ocrx_word' id='word_1_97' title='bbox 762 842 790 868; x_wconf 87' lang='lat' dir='ltr'>et</span> <span class='ocrx_word' id='word_1_98' title='bbox 826 833 1018 868; x_wconf 83' lang='lat' dir='ltr'>omnimodis</span> <span class='ocrx_word' id='word_1_99' title='bbox 1047 844 1136 878; x_wconf 86' lang='lat' dir='ltr'>prae-</span> 
     </span>
     <span class='ocr_line' id='line_1_30' title="bbox 383 882 1134 930; baseline -0.005 -12"><span class='ocrx_word' id='word_1_100' title='bbox 383 884 550 930; x_wconf 76' lang='lat' dir='ltr'>cipientes,</span> <span class='ocrx_word' id='word_1_101' title='bbox 579 892 611 918; x_wconf 92' lang='lat' dir='ltr'>ut</span> <span class='ocrx_word' id='word_1_102' title='bbox 637 895 738 930; x_wconf 86' lang='lat' dir='ltr'>neque</span> <span class='ocrx_word' id='word_1_103' title='bbox 763 895 816 917; x_wconf 83' lang='lat' dir='ltr'>vos</span> <span class='ocrx_word' id='word_1_104' title='bbox 842 883 949 916; x_wconf 82' lang='lat' dir='ltr'>Sancti</span> <span class='ocrx_word' id='word_1_105' title='bbox 982 882 1134 928; x_wconf 76' lang='lat' dir='ltr'>Stephani</span> 
     </span>
     <span class='ocr_line' id='line_1_31' title="bbox 382 930 1136 978; baseline -0.004 -11"><span class='ocrx_word' id='word_1_106' title='bbox 382 933 564 973; x_wconf 84' lang='lat' dir='ltr'>canonicos,</span> <span class='ocrx_word' id='word_1_107' title='bbox 587 944 689 978; x_wconf 83' lang='lat' dir='ltr'>neque</span> <span class='ocrx_word' id='word_1_108' title='bbox 713 933 784 977; x_wconf 80' lang='lat' dir='ltr'>ipsi,</span> <span class='ocrx_word' id='word_1_109' title='bbox 811 940 862 966; x_wconf 90' lang='lat' dir='ltr'>aut</span> <span class='ocrx_word' id='word_1_110' title='bbox 886 930 1042 977; x_wconf 82' lang='lat' dir='ltr'>quaelibet</span> <span class='ocrx_word' id='word_1_111' title='bbox 1064 942 1136 977; x_wconf 87' lang='lat' dir='ltr'>per-</span> 
     </span>
     <span class='ocr_line' id='line_1_32' title="bbox 384 979 1135 1027; baseline -0.004 -11"><span class='ocrx_word' id='word_1_112' title='bbox 384 994 472 1025; x_wconf 76' lang='lat' dir='ltr'>sona,</span> <span class='ocrx_word' id='word_1_113' title='bbox 501 994 555 1015; x_wconf 79' lang='lat' dir='ltr'>vos</span> <span class='ocrx_word' id='word_1_114' title='bbox 589 981 722 1015; x_wconf 79' lang='lat' dir='ltr'>ulterius</span> <span class='ocrx_word' id='word_1_115' title='bbox 748 993 843 1027; x_wconf 83' lang='lat' dir='ltr'>super</span> <span class='ocrx_word' id='word_1_116' title='bbox 876 981 1052 1014; x_wconf 89' lang='lat' dir='ltr'>iuramento</span> <span class='ocrx_word' id='word_1_117' title='bbox 1084 979 1135 1013; x_wconf 90' lang='lat' dir='ltr'>illo</span> 
     </span>
     <span class='ocr_line' id='line_1_33' title="bbox 384 1028 1136 1077; baseline -0.003 -13"><span class='ocrx_word' id='word_1_118' title='bbox 384 1039 563 1077; x_wconf 84' lang='lat' dir='ltr'>praesumat</span> <span class='ocrx_word' id='word_1_119' title='bbox 601 1031 762 1075; x_wconf 84' lang='lat' dir='ltr'>impetere.</span> <span class='ocrx_word' id='word_1_120' title='bbox 803 1030 836 1063; x_wconf 88' lang='lat' dir='ltr'>Si</span> <span class='ocrx_word' id='word_1_121' title='bbox 881 1037 1004 1063; x_wconf 89' lang='lat' dir='ltr'>nostrae</span> <span class='ocrx_word' id='word_1_122' title='bbox 1044 1028 1136 1074; x_wconf 78' lang='lat' dir='ltr'>igitur</span> 
     </span>
     <span class='ocr_line' id='line_1_34' title="bbox 382 1078 1133 1125; baseline -0.005 -11"><span class='ocrx_word' id='word_1_123' title='bbox 382 1080 533 1114; x_wconf 87' lang='lat' dir='ltr'>sanctioni</span> <span class='ocrx_word' id='word_1_124' title='bbox 558 1079 630 1113; x_wconf 87' lang='lat' dir='ltr'>huic</span> <span class='ocrx_word' id='word_1_125' title='bbox 643 1079 680 1113; x_wconf 87' lang='lat' dir='ltr'>B.</span> <span class='ocrx_word' id='word_1_126' title='bbox 696 1078 846 1125; x_wconf 75' lang='lat' dir='ltr'>Stephani</span> <span class='ocrx_word' id='word_1_127' title='bbox 866 1078 1007 1112; x_wconf 82' lang='lat' dir='ltr'>canonici</span> <span class='ocrx_word' id='word_1_128' title='bbox 1025 1078 1133 1112; x_wconf 85' lang='lat' dir='ltr'>audaci</span> 
     </span>
     <span class='ocr_line' id='line_1_35' title="bbox 385 1126 1135 1175; baseline -0.004 -12"><span class='ocrx_word' id='word_1_129' title='bbox 385 1129 640 1175; x_wconf 79' lang='lat' dir='ltr'>praesumptione</span> <span class='ocrx_word' id='word_1_130' title='bbox 662 1129 816 1163; x_wconf 88' lang='lat' dir='ltr'>contraire</span> <span class='ocrx_word' id='word_1_131' title='bbox 833 1128 1040 1169; x_wconf 69' lang='lat' dir='ltr'>tentaverint,</span> <span class='ocrx_word' id='word_1_132' title='bbox 1068 1126 1135 1171; x_wconf 76' lang='lat' dir='ltr'>tibi,</span> 
     </span>
     <span class='ocr_line' id='line_1_36' title="bbox 381 1176 1136 1212; baseline -0.004 0"><span class='ocrx_word' id='word_1_133' title='bbox 381 1178 497 1212; x_wconf 88' lang='lat' dir='ltr'>dilecte</span> <span class='ocrx_word' id='word_1_134' title='bbox 519 1179 548 1212; x_wconf 91' lang='lat' dir='ltr'>in</span> <span class='ocrx_word' id='word_1_135' title='bbox 572 1177 699 1212; x_wconf 91' lang='lat' dir='ltr'>Christo</span> <span class='ocrx_word' id='word_1_136' title='bbox 729 1178 823 1212; x_wconf 86' lang='lat' dir='ltr'>frater</span> <span class='ocrx_word' id='word_1_137' title='bbox 849 1177 999 1211; x_wconf 79' lang='lat' dir='ltr'>Anserice</span> <span class='ocrx_word' id='word_1_138' title='bbox 1018 1176 1136 1210; x_wconf 83' lang='lat' dir='ltr'>Bisun-</span> 
     </span>
     <span class='ocr_line' id='line_1_37' title="bbox 382 1225 1134 1274; baseline -0.004 -13"><span class='ocrx_word' id='word_1_139' title='bbox 382 1227 446 1262; x_wconf 89' lang='lat' dir='ltr'>tine</span> <span class='ocrx_word' id='word_1_140' title='bbox 461 1227 710 1274; x_wconf 73' lang='lat' dir='ltr'>archiepiscope,</span> <span class='ocrx_word' id='word_1_141' title='bbox 739 1227 862 1273; x_wconf 87' lang='lat' dir='ltr'>tuisque</span> <span class='ocrx_word' id='word_1_142' title='bbox 885 1225 1134 1268; x_wconf 67' lang='lat' dir='ltr'>successoribus,</span> 
     </span>
     <span class='ocr_line' id='line_1_38' title="bbox 382 1276 1135 1322; baseline -0.003 -12"><span class='ocrx_word' id='word_1_143' title='bbox 382 1276 541 1310; x_wconf 84' lang='lat' dir='ltr'>licentiam</span> <span class='ocrx_word' id='word_1_144' title='bbox 571 1276 695 1320; x_wconf 74' lang='lat' dir='ltr'>damus,</span> <span class='ocrx_word' id='word_1_145' title='bbox 722 1276 760 1310; x_wconf 89' lang='lat' dir='ltr'>de</span> <span class='ocrx_word' id='word_1_146' title='bbox 785 1276 928 1322; x_wconf 87' lang='lat' dir='ltr'>personis</span> <span class='ocrx_word' id='word_1_147' title='bbox 949 1287 1079 1317; x_wconf 86' lang='lat' dir='ltr'>eorum,</span> <span class='ocrx_word' id='word_1_148' title='bbox 1107 1283 1135 1308; x_wconf 88' lang='lat' dir='ltr'>et</span> 
     </span>
     <span class='ocr_line' id='line_1_39' title="bbox 383 1323 1135 1372; baseline -0.003 -13"><span class='ocrx_word' id='word_1_149' title='bbox 383 1325 421 1360; x_wconf 89' lang='lat' dir='ltr'>de</span> <span class='ocrx_word' id='word_1_150' title='bbox 450 1326 516 1372; x_wconf 86' lang='lat' dir='ltr'>ipsa</span> <span class='ocrx_word' id='word_1_151' title='bbox 539 1326 630 1361; x_wconf 90' lang='lat' dir='ltr'>etiam</span> <span class='ocrx_word' id='word_1_152' title='bbox 658 1325 809 1365; x_wconf 86' lang='lat' dir='ltr'>Ecclesia</span> <span class='ocrx_word' id='word_1_153' title='bbox 837 1332 1026 1371; x_wconf 79' lang='lat' dir='ltr'>cooperante</span> <span class='ocrx_word' id='word_1_154' title='bbox 1047 1323 1135 1362; x_wconf 86' lang='lat' dir='ltr'>Deo,</span> 
     </span>
     <span class='ocr_line' id='line_1_40' title="bbox 384 1372 1134 1419; baseline -0.003 -11"><span class='ocrx_word' id='word_1_155' title='bbox 384 1374 488 1409; x_wconf 90' lang='lat' dir='ltr'>donec</span> <span class='ocrx_word' id='word_1_156' title='bbox 515 1374 734 1415; x_wconf 79' lang='lat' dir='ltr'>satisfecerint,</span> <span class='ocrx_word' id='word_1_157' title='bbox 770 1374 918 1408; x_wconf 89' lang='lat' dir='ltr'>iustitiam</span> <span class='ocrx_word' id='word_1_158' title='bbox 947 1372 1134 1419; x_wconf 78' lang='lat' dir='ltr'>exequendi.</span> 
     </span>
     <span class='ocr_line' id='line_1_41' title="bbox 384 1422 1136 1471; baseline -0.003 -14"><span class='ocrx_word' id='word_1_159' title='bbox 384 1422 417 1457; x_wconf 87' lang='lat' dir='ltr'>Si</span> <span class='ocrx_word' id='word_1_160' title='bbox 455 1436 516 1471; x_wconf 82' lang='lat' dir='ltr'>qua</span> <span class='ocrx_word' id='word_1_161' title='bbox 552 1425 645 1459; x_wconf 89' lang='lat' dir='ltr'>etiam</span> <span class='ocrx_word' id='word_1_162' title='bbox 682 1424 711 1457; x_wconf 91' lang='lat' dir='ltr'>in</span> <span class='ocrx_word' id='word_1_163' title='bbox 748 1424 885 1458; x_wconf 86' lang='lat' dir='ltr'>futurum</span> <span class='ocrx_word' id='word_1_164' title='bbox 924 1422 1136 1457; x_wconf 81' lang='lat' dir='ltr'>ecclesiastica</span> 
     </span>
     <span class='ocr_line' id='line_1_42' title="bbox 384 1472 1136 1519; baseline -0.001 -13"><span class='ocrx_word' id='word_1_165' title='bbox 384 1473 594 1508; x_wconf 71' lang='lat' dir='ltr'>saecularisxe</span> <span class='ocrx_word' id='word_1_166' title='bbox 618 1485 762 1519; x_wconf 83' lang='lat' dir='ltr'>persona,</span> <span class='ocrx_word' id='word_1_167' title='bbox 796 1472 878 1507; x_wconf 87' lang='lat' dir='ltr'>hanc</span> <span class='ocrx_word' id='word_1_168' title='bbox 904 1480 1027 1507; x_wconf 88' lang='lat' dir='ltr'>nostrae</span> <span class='ocrx_word' id='word_1_169' title='bbox 1053 1483 1136 1505; x_wconf 91' lang='lat' dir='ltr'>con-</span> 
     </span>
     <span class='ocr_line' id='line_1_43' title="bbox 382 1521 1135 1569; baseline -0.003 -14"><span class='ocrx_word' id='word_1_170' title='bbox 382 1521 554 1556; x_wconf 87' lang='lat' dir='ltr'>stitutionis</span> <span class='ocrx_word' id='word_1_171' title='bbox 589 1523 735 1569; x_wconf 80' lang='lat' dir='ltr'>paginanl</span> <span class='ocrx_word' id='word_1_172' title='bbox 774 1521 893 1559; x_wconf 83' lang='lat' dir='ltr'>sciens,</span> <span class='ocrx_word' id='word_1_173' title='bbox 928 1528 1034 1555; x_wconf 85' lang='lat' dir='ltr'>contra</span> <span class='ocrx_word' id='word_1_174' title='bbox 1068 1532 1135 1554; x_wconf 81' lang='lat' dir='ltr'>eam</span> 
     </span>
     <span class='ocr_line' id='line_1_44' title="bbox 383 1570 1136 1611; baseline 0 -8"><span class='ocrx_word' id='word_1_175' title='bbox 383 1571 491 1606; x_wconf 81' lang='lat' dir='ltr'>venire</span> <span class='ocrx_word' id='word_1_176' title='bbox 515 1571 695 1611; x_wconf 86' lang='lat' dir='ltr'>tentaverit,</span> <span class='ocrx_word' id='word_1_177' title='bbox 718 1570 859 1605; x_wconf 87' lang='lat' dir='ltr'>secundo</span> <span class='ocrx_word' id='word_1_178' title='bbox 890 1570 1019 1605; x_wconf 85' lang='lat' dir='ltr'>tertiove</span> <span class='ocrx_word' id='word_1_179' title='bbox 1041 1581 1136 1604; x_wconf 89' lang='lat' dir='ltr'>com-</span> 
     </span>
     <span class='ocr_line' id='line_1_45' title="bbox 384 1619 1137 1665; baseline -0.001 -12"><span class='ocrx_word' id='word_1_180' title='bbox 384 1621 515 1659; x_wconf 86' lang='lat' dir='ltr'>monita,</span> <span class='ocrx_word' id='word_1_181' title='bbox 535 1621 558 1654; x_wconf 91' lang='lat' dir='ltr'>si</span> <span class='ocrx_word' id='word_1_182' title='bbox 576 1632 639 1654; x_wconf 90' lang='lat' dir='ltr'>non</span> <span class='ocrx_word' id='word_1_183' title='bbox 655 1619 865 1654; x_wconf 81' lang='lat' dir='ltr'>satisfactione</span> <span class='ocrx_word' id='word_1_184' title='bbox 877 1631 1016 1665; x_wconf 76' lang='lat' dir='ltr'>congrua</span> <span class='ocrx_word' id='word_1_185' title='bbox 1032 1630 1137 1653; x_wconf 89' lang='lat' dir='ltr'>emen-</span> 
     </span>
     <span class='ocr_line' id='line_1_46' title="bbox 382 1668 1136 1722; baseline 0 -21"><span class='ocrx_word' id='word_1_186' title='bbox 382 1668 513 1709; x_wconf 80' lang='lat' dir='ltr'>daverit,</span> <span class='ocrx_word' id='word_1_187' title='bbox 531 1670 693 1715; x_wconf 88' lang='lat' dir='ltr'>potestatis</span> <span class='ocrx_word' id='word_1_188' title='bbox 712 1669 904 1716; x_wconf 79' lang='lat' dir='ltr'>honorisque</span> <span class='ocrx_word' id='word_1_189' title='bbox 919 1668 966 1702; x_wconf 86' lang='lat' dir='ltr'>sui</span> <span class='ocrx_word' id='word_1_190' title='bbox 983 1668 1136 1722; x_wconf 81' lang='lat' dir='ltr'>(lignitate</span> 
     </span>
     <span class='ocr_line' id='line_1_47' title="bbox 382 1717 1135 1766; baseline 0 -15"><span class='ocrx_word' id='word_1_191' title='bbox 382 1726 496 1759; x_wconf 83' lang='lat' dir='ltr'>careat,</span> <span class='ocrx_word' id='word_1_192' title='bbox 519 1730 668 1766; x_wconf 83' lang='lat' dir='ltr'>reamque</span> <span class='ocrx_word' id='word_1_193' title='bbox 681 1731 715 1753; x_wconf 89' lang='lat' dir='ltr'>sc</span> <span class='ocrx_word' id='word_1_194' title='bbox 737 1717 843 1752; x_wconf 81' lang='lat' dir='ltr'>divino</span> <span class='ocrx_word' id='word_1_195' title='bbox 863 1717 980 1752; x_wconf 82' lang='lat' dir='ltr'>iudicio</span> <span class='ocrx_word' id='word_1_196' title='bbox 1002 1729 1048 1751; x_wconf 77' lang='lat' dir='ltr'>ext</span> <span class='ocrx_word' id='word_1_197' title='bbox 1054 1725 1135 1751; x_wconf 85' lang='lat' dir='ltr'>stere</span> 
     </span>
     <span class='ocr_line' id='line_1_48' title="bbox 382 1766 1134 1821; baseline 0 -21"><span class='ocrx_word' id='word_1_198' title='bbox 382 1766 421 1800; x_wconf 90' lang='lat' dir='ltr'>de</span> <span class='ocrx_word' id='word_1_199' title='bbox 450 1776 624 1821; x_wconf 83' lang='lat' dir='ltr'>perpetrata</span> <span class='ocrx_word' id='word_1_200' title='bbox 663 1767 827 1814; x_wconf 81' lang='lat' dir='ltr'>iniquitate</span> <span class='ocrx_word' id='word_1_201' title='bbox 863 1773 1033 1812; x_wconf 80' lang='lat' dir='ltr'>eognoscat</span> <span class='ocrx_word' id='word_1_202' title='bbox 1061 1774 1090 1800; x_wconf 86' lang='lat' dir='ltr'>et</span> <span class='ocrx_word' id='word_1_203' title='bbox 1118 1778 1134 1800; x_wconf 95' lang='lat' dir='ltr'>a</span> 
     </span>
     <span class='ocr_line' id='line_1_49' title="bbox 382 1815 1135 1863; baseline -0.001 -14"><span class='ocrx_word' id='word_1_204' title='bbox 382 1817 594 1851; x_wconf 83' lang='lat' dir='ltr'>sacratissimo</span> <span class='ocrx_word' id='word_1_205' title='bbox 621 1816 763 1863; x_wconf 85' lang='lat' dir='ltr'>Corpore</span> <span class='ocrx_word' id='word_1_206' title='bbox 790 1824 819 1850; x_wconf 91' lang='lat' dir='ltr'>et</span> <span class='ocrx_word' id='word_1_207' title='bbox 846 1816 1006 1861; x_wconf 79' lang='lat' dir='ltr'>Sanguine</span> <span class='ocrx_word' id='word_1_208' title='bbox 1028 1815 1084 1849; x_wconf 86' lang='lat' dir='ltr'>Dei</span> <span class='ocrx_word' id='word_1_209' title='bbox 1107 1823 1135 1848; x_wconf 88' lang='lat' dir='ltr'>et</span> 
     </span>
     <span class='ocr_line' id='line_1_50' title="bbox 381 1863 1133 1919; baseline -0.001 -21"><span class='ocrx_word' id='word_1_210' title='bbox 381 1864 509 1898; x_wconf 84' lang='lat' dir='ltr'>Domini</span> <span class='ocrx_word' id='word_1_211' title='bbox 538 1865 764 1919; x_wconf 84' lang='lat' dir='ltr'>Redeinptoris</span> <span class='ocrx_word' id='word_1_212' title='bbox 798 1865 893 1899; x_wconf 71' lang='lat' dir='ltr'>nost-i</span> <span class='ocrx_word' id='word_1_213' title='bbox 922 1865 991 1899; x_wconf 84' lang='lat' dir='ltr'>Iesu</span> <span class='ocrx_word' id='word_1_214' title='bbox 1015 1863 1133 1898; x_wconf 88' lang='lat' dir='ltr'>Christi</span> 
     </span>
     <span class='ocr_line' id='line_1_51' title="bbox 382 1913 1134 1961; baseline 0 -15"><span class='ocrx_word' id='word_1_215' title='bbox 382 1914 482 1948; x_wconf 88' lang='lat' dir='ltr'>aliena</span> <span class='ocrx_word' id='word_1_216' title='bbox 518 1914 587 1953; x_wconf 87' lang='lat' dir='ltr'>liat,</span> <span class='ocrx_word' id='word_1_217' title='bbox 628 1922 720 1961; x_wconf 87' lang='lat' dir='ltr'>atque</span> <span class='ocrx_word' id='word_1_218' title='bbox 754 1926 783 1948; x_wconf 89' lang='lat' dir='ltr'>m</span> <span class='ocrx_word' id='word_1_219' title='bbox 817 1922 957 1947; x_wconf 87' lang='lat' dir='ltr'>extremo</span> <span class='ocrx_word' id='word_1_220' title='bbox 991 1913 1134 1947; x_wconf 81' lang='lat' dir='ltr'>examine</span> 
     </span>
     <span class='ocr_line' id='line_1_52' title="bbox 382 1962 1133 1997; baseline 0 -2"><span class='ocrx_word' id='word_1_221' title='bbox 382 1962 542 1997; x_wconf 87' lang='lat' dir='ltr'>districtae</span> <span class='ocrx_word' id='word_1_222' title='bbox 559 1963 667 1997; x_wconf 90' lang='lat' dir='ltr'>ultioni</span> <span class='ocrx_word' id='word_1_223' title='bbox 685 1962 854 1997; x_wconf 84' lang='lat' dir='ltr'>subiaceat.</span> <span class='ocrx_word' id='word_1_224' title='bbox 878 1962 1010 1997; x_wconf 90' lang='lat' dir='ltr'>Cunctis</span> <span class='ocrx_word' id='word_1_225' title='bbox 1030 1969 1133 1996; x_wconf 90' lang='lat' dir='ltr'>antem</span> 
     </span>
     <span class='ocr_line' id='line_1_53' title="bbox 382 2011 1136 2046; baseline 0 -2"><span class='ocrx_word' id='word_1_226' title='bbox 382 2011 484 2046; x_wconf 89' lang='lat' dir='ltr'>eidem</span> <span class='ocrx_word' id='word_1_227' title='bbox 504 2011 540 2046; x_wconf 88' lang='lat' dir='ltr'>B.</span> <span class='ocrx_word' id='word_1_228' title='bbox 564 2012 713 2046; x_wconf 90' lang='lat' dir='ltr'>Iohannis</span> <span class='ocrx_word' id='word_1_229' title='bbox 730 2011 891 2046; x_wconf 81' lang='lat' dir='ltr'>Ecclesiae</span> <span class='ocrx_word' id='word_1_230' title='bbox 915 2012 993 2045; x_wconf 90' lang='lat' dir='ltr'>iusta</span> <span class='ocrx_word' id='word_1_231' title='bbox 1013 2023 1136 2045; x_wconf 83' lang='lat' dir='ltr'>serran-</span> 
     </span>
     <span class='ocr_line' id='line_1_54' title="bbox 381 2060 1134 2107; baseline -0.001 -14"><span class='ocrx_word' id='word_1_232' title='bbox 381 2060 464 2095; x_wconf 88' lang='lat' dir='ltr'>tibus</span> <span class='ocrx_word' id='word_1_233' title='bbox 486 2061 526 2094; x_wconf 88' lang='lat' dir='ltr'>sit</span> <span class='ocrx_word' id='word_1_234' title='bbox 553 2073 611 2107; x_wconf 86' lang='lat' dir='ltr'>pax</span> <span class='ocrx_word' id='word_1_235' title='bbox 634 2060 761 2095; x_wconf 87' lang='lat' dir='ltr'>Domini</span> <span class='ocrx_word' id='word_1_236' title='bbox 787 2061 882 2095; x_wconf 86' lang='lat' dir='ltr'>nostri</span> <span class='ocrx_word' id='word_1_237' title='bbox 906 2060 975 2094; x_wconf 87' lang='lat' dir='ltr'>lesu</span> <span class='ocrx_word' id='word_1_238' title='bbox 999 2060 1134 2100; x_wconf 76' lang='lat' dir='ltr'>Christi,</span> 
     </span>
     <span class='ocr_line' id='line_1_55' title="bbox 381 2108 1134 2155; baseline -0.001 -13"><span class='ocrx_word' id='word_1_239' title='bbox 381 2117 538 2155; x_wconf 85' lang='lat' dir='ltr'>quatenus</span> <span class='ocrx_word' id='word_1_240' title='bbox 566 2118 596 2144; x_wconf 90' lang='lat' dir='ltr'>et</span> <span class='ocrx_word' id='word_1_241' title='bbox 624 2110 672 2145; x_wconf 89' lang='lat' dir='ltr'>hic</span> <span class='ocrx_word' id='word_1_242' title='bbox 704 2110 840 2144; x_wconf 88' lang='lat' dir='ltr'>fructum</span> <span class='ocrx_word' id='word_1_243' title='bbox 870 2109 969 2144; x_wconf 90' lang='lat' dir='ltr'>bonae</span> <span class='ocrx_word' id='word_1_244' title='bbox 1001 2108 1134 2143; x_wconf 88' lang='lat' dir='ltr'>actionis</span> 
     </span>
     <span class='ocr_line' id='line_1_56' title="bbox 381 2162 1132 2211; baseline -0.001 -14"><span class='ocrx_word' id='word_1_245' title='bbox 381 2163 567 2210; x_wconf 85' lang='lat' dir='ltr'>percipiant,</span> <span class='ocrx_word' id='word_1_246' title='bbox 600 2172 630 2198; x_wconf 90' lang='lat' dir='ltr'>et</span> <span class='ocrx_word' id='word_1_247' title='bbox 656 2164 740 2211; x_wconf 86' lang='lat' dir='ltr'>apud</span> <span class='ocrx_word' id='word_1_248' title='bbox 777 2163 954 2197; x_wconf 85' lang='lat' dir='ltr'>districtum</span> <span class='ocrx_word' id='word_1_249' title='bbox 990 2162 1132 2197; x_wconf 90' lang='lat' dir='ltr'>Iudicem</span> 
     </span>
     <span class='ocr_line' id='line_1_57' title="bbox 382 2217 1134 2265; baseline 0 -15"><span class='ocrx_word' id='word_1_250' title='bbox 382 2218 519 2263; x_wconf 87' lang='lat' dir='ltr'>praemia</span> <span class='ocrx_word' id='word_1_251' title='bbox 541 2226 684 2252; x_wconf 85' lang='lat' dir='ltr'>aeternae</span> <span class='ocrx_word' id='word_1_252' title='bbox 713 2218 800 2265; x_wconf 88' lang='lat' dir='ltr'>pacis</span> <span class='ocrx_word' id='word_1_253' title='bbox 819 2217 988 2251; x_wconf 86' lang='lat' dir='ltr'>inveniant.</span> <span class='ocrx_word' id='word_1_254' title='bbox 1019 2217 1134 2260; x_wconf 70' lang='lat' dir='ltr'>Amen,</span> 
     </span>
     <span class='ocr_line' id='line_1_58' title="bbox 380 2281 615 2310; baseline 0.004 -6"><span class='ocrx_word' id='word_1_255' title='bbox 380 2281 484 2310; x_wconf 86' lang='lat' dir='ltr'>amen,</span> <span class='ocrx_word' id='word_1_256' title='bbox 513 2283 615 2305; x_wconf 88' lang='lat' dir='ltr'>amen.</span> 
     </span>
    </p>

    <p class='ocr_par' dir='ltr' id='par_1_7' title="bbox 381 2322 1132 2424">
     <span class='ocr_line' id='line_1_59' title="bbox 429 2322 1132 2372; baseline -0.003 -14"><span class='ocrx_word' id='word_1_257' title='bbox 429 2323 590 2371; x_wconf 86' lang='lat' dir='ltr'>Scriptum</span> <span class='ocrx_word' id='word_1_258' title='bbox 607 2337 662 2372; x_wconf 88' lang='lat' dir='ltr'>per</span> <span class='ocrx_word' id='word_1_259' title='bbox 676 2337 804 2359; x_wconf 85' lang='lat' dir='ltr'>manum</span> <span class='ocrx_word' id='word_1_260' title='bbox 821 2324 963 2358; x_wconf 80' lang='lat' dir='ltr'>Gervasii</span> <span class='ocrx_word' id='word_1_261' title='bbox 981 2322 1132 2358; x_wconf 86' lang='lat' dir='ltr'>scriniarii</span> 
     </span>
     <span class='ocr_line' id='line_1_60' title="bbox 381 2378 797 2424; baseline 0 -13"><span class='ocrx_word' id='word_1_262' title='bbox 381 2378 549 2423; x_wconf 83' lang='lat' dir='ltr'>regionarii</span> <span class='ocrx_word' id='word_1_263' title='bbox 577 2379 656 2412; x_wconf 88' lang='lat' dir='ltr'>sacri</span> <span class='ocrx_word' id='word_1_264' title='bbox 681 2378 797 2424; x_wconf 86' lang='lat' dir='ltr'>palatii.</span> 
     </span>
    </p>

    <p class='ocr_par' dir='ltr' id='par_1_8' title="bbox 382 2429 1133 2583">
     <span class='ocr_line' id='line_1_61' title="bbox 431 2429 1132 2476; baseline -0.003 -12"><span class='ocrx_word' id='word_1_265' title='bbox 431 2431 543 2464; x_wconf 92' lang='lat' dir='ltr'>Datum</span> <span class='ocrx_word' id='word_1_266' title='bbox 564 2431 708 2466; x_wconf 86' lang='lat' dir='ltr'>Laterani</span> <span class='ocrx_word' id='word_1_267' title='bbox 723 2444 780 2465; x_wconf 81' lang='lat' dir='ltr'>xtv</span> <span class='ocrx_word' id='word_1_268' title='bbox 797 2431 857 2464; x_wconf 80' lang='lat' dir='ltr'>kal.</span> <span class='ocrx_word' id='word_1_269' title='bbox 881 2429 1000 2476; x_wconf 73' lang='lat' dir='ltr'>apriliS,</span> <span class='ocrx_word' id='word_1_270' title='bbox 1023 2429 1132 2463; x_wconf 86' lang='lat' dir='ltr'>indict.</span> 
     </span>
     <span class='ocr_line' id='line_1_62' title="bbox 382 2484 1133 2524; baseline -0.001 -7"><span class='ocrx_word' id='word_1_271' title='bbox 382 2495 433 2523; x_wconf 82' lang='lat' dir='ltr'>xv,</span> <span class='ocrx_word' id='word_1_272' title='bbox 459 2485 684 2518; x_wconf 82' lang='lat' dir='ltr'>incarnationis</span> <span class='ocrx_word' id='word_1_273' title='bbox 706 2484 887 2517; x_wconf 83' lang='lat' dir='ltr'>dominicae</span> <span class='ocrx_word' id='word_1_274' title='bbox 901 2495 983 2517; x_wconf 89' lang='lat' dir='ltr'>anno</span> <span class='ocrx_word' id='word_1_275' title='bbox 1001 2494 1133 2524; x_wconf 65' lang='lat' dir='ltr'>atcxxn,</span> 
     </span>
     <span class='ocr_line' id='line_1_63' title="bbox 383 2535 1133 2583; baseline -0.003 -13"><span class='ocrx_word' id='word_1_276' title='bbox 383 2537 587 2583; x_wconf 78' lang='lat' dir='ltr'>pontificatus</span> <span class='ocrx_word' id='word_1_277' title='bbox 608 2546 712 2571; x_wconf 87' lang='lat' dir='ltr'>autem</span> <span class='ocrx_word' id='word_1_278' title='bbox 730 2537 838 2571; x_wconf 86' lang='lat' dir='ltr'>domni</span> <span class='ocrx_word' id='word_1_279' title='bbox 854 2536 967 2570; x_wconf 81' lang='lat' dir='ltr'>Cahxti</span> <span class='ocrx_word' id='word_1_280' title='bbox 987 2535 1015 2569; x_wconf 89' lang='lat' dir='ltr'>ll</span> <span class='ocrx_word' id='word_1_281' title='bbox 1031 2535 1133 2582; x_wconf 85' lang='lat' dir='ltr'>Papae</span> 
     </span>
    </p>
   </div>
   <div class='ocr_carea' id='block_1_7' title="bbox 383 2601 538 2625">
    <p class='ocr_par' dir='ltr' id='par_1_9' title="bbox 383 2601 538 2625">
     <span class='ocr_line' id='line_1_64' title="bbox 383 2601 538 2625; baseline -0.013 0"><span class='ocrx_word' id='word_1_282' title='bbox 383 2601 467 2625; x_wconf 73' lang='grc' dir='ltr'><strong>31]Πο</strong></span> <span class='ocrx_word' id='word_1_283' title='bbox 495 2601 538 2624; x_wconf 85' lang='lat' dir='ltr'>tv.</span> 
     </span>
    </p>
   </div>
   <div class='ocr_carea' id='block_1_8' title="bbox 985 237 1357 261">
    <p class='ocr_par' dir='ltr' id='par_1_10' title="bbox 985 237 1357 261">
     <span class='ocr_line' id='line_1_65' title="bbox 985 237 1357 261; baseline -0.005 0"><span class='ocrx_word' id='word_1_284' title='bbox 985 238 1121 261; x_wconf 63' lang='lat' dir='ltr'>nt&#39;tJAnt</span> <span class='ocrx_word' id='word_1_285' title='bbox 1128 238 1172 260; x_wconf 68' lang='lat' dir='ltr'>CM</span> <span class='ocrx_word' id='word_1_286' title='bbox 1196 237 1357 260; x_wconf 59' lang='lat' dir='ltr'>noan-mm!</span> 
     </span>
    </p>
   </div>
   <div class='ocr_carea' id='block_1_9' title="bbox 1178 289 1929 479">
    <p class='ocr_par' dir='ltr' id='par_1_11' title="bbox 1178 289 1929 479">
     <span class='ocr_line' id='line_1_66' title="bbox 1226 289 1929 335; baseline 0 -10"><span class='ocrx_word' id='word_1_287' title='bbox 1226 291 1297 325; x_wconf 72' lang='lat' dir='ltr'>Eoo</span> <span class='ocrx_word' id='word_1_288' title='bbox 1329 290 1517 335; x_wconf 66' lang='lat' dir='ltr'>mexrus,</span> <span class='ocrx_word' id='word_1_289' title='bbox 1558 289 1729 325; x_wconf 88' lang='lat' dir='ltr'>catholicae</span> <span class='ocrx_word' id='word_1_290' title='bbox 1767 289 1929 325; x_wconf 81' lang='lat' dir='ltr'>Ecclesiae</span> 
     </span>
     <span class='ocr_line' id='line_1_67' title="bbox 1178 340 1358 387; baseline 0.006 -14"><span class='ocrx_word' id='word_1_291' title='bbox 1178 340 1289 387; x_wconf 51' lang='lat' dir='ltr'>epistt,</span> <span class='ocrx_word' id='word_1_292' title='bbox 1317 353 1358 374; x_wconf 87' lang='lat' dir='ltr'>ss.</span> 
     </span>
     <span class='ocr_line' id='line_1_68' title="bbox 1230 395 1878 434; baseline 0.002 -9"><span class='ocrx_word' id='word_1_293' title='bbox 1230 396 1291 426; x_wconf 80' lang='lat' dir='ltr'>Dat.</span> <span class='ocrx_word' id='word_1_294' title='bbox 1314 397 1361 426; x_wconf 88' lang='lat' dir='ltr'>die</span> <span class='ocrx_word' id='word_1_295' title='bbox 1388 396 1421 426; x_wconf 77' lang='lat'>19</span> <span class='ocrx_word' id='word_1_296' title='bbox 1441 395 1536 425; x_wconf 86' lang='lat' dir='ltr'>martii</span> <span class='ocrx_word' id='word_1_297' title='bbox 1556 404 1631 424; x_wconf 90' lang='lat' dir='ltr'>anno</span> <span class='ocrx_word' id='word_1_298' title='bbox 1654 395 1768 426; x_wconf 87' lang='lat' dir='ltr'>Domini</span> <span class='ocrx_word' id='word_1_299' title='bbox 1792 396 1878 434; x_wconf 50' lang='lat'>«1122,</span> 
     </span>
     <span class='ocr_line' id='line_1_69' title="bbox 1427 439 1682 479; baseline -0.004 -10"><span class='ocrx_word' id='word_1_300' title='bbox 1427 439 1530 479; x_wconf 80' lang='lat' dir='ltr'>pontif.</span> <span class='ocrx_word' id='word_1_301' title='bbox 1551 449 1626 468; x_wconf 88' lang='lat' dir='ltr'>anno</span> <span class='ocrx_word' id='word_1_302' title='bbox 1646 447 1682 468; x_wconf 85' lang='lat' dir='ltr'>tv.</span> 
     </span>
    </p>
   </div>
   <div class='ocr_carea' id='block_1_10' title="bbox 1514 506 1616 514">
    <p class='ocr_par' dir='ltr' id='par_1_12' title="bbox 1514 506 1616 514">
     <span class='ocr_line' id='line_1_70' title="bbox 1514 506 1616 514; baseline 0.01 -1"><span class='ocrx_word' id='word_1_303' title='bbox 1514 506 1616 514; x_wconf 71' lang='lat' dir='ltr'><strong>u—-—</strong></span> 
     </span>
    </p>
   </div>
   <div class='ocr_carea' id='block_1_11' title="bbox 1510 589 1598 623">
    <p class='ocr_par' dir='ltr' id='par_1_13' title="bbox 1510 589 1598 623">
     <span class='ocr_line' id='line_1_71' title="bbox 1510 589 1598 623; baseline 0 0"><span class='ocrx_word' id='word_1_304' title='bbox 1510 589 1598 623; x_wconf 82' lang='lat' dir='ltr'>xlx.</span> 
     </span>
    </p>
   </div>
   <div class='ocr_carea' id='block_1_12' title="bbox 1176 664 1928 808">
    <p class='ocr_par' dir='ltr' id='par_1_14' title="bbox 1176 664 1928 808">
     <span class='ocr_line' id='line_1_72' title="bbox 1176 664 1928 709; baseline 0.003 -14"><span class='ocrx_word' id='word_1_305' title='bbox 1176 664 1200 695; x_wconf 85' lang='grc' dir='ltr'><em>Α</em></span> <span class='ocrx_word' id='word_1_306' title='bbox 1206 665 1367 707; x_wconf 80' lang='lat' dir='ltr'>pprobatio</span> <span class='ocrx_word' id='word_1_307' title='bbox 1390 666 1522 698; x_wconf 76' lang='lat' dir='ltr'>instituti</span> <span class='ocrx_word' id='word_1_308' title='bbox 1542 665 1693 709; x_wconf 65' lang='lat' dir='ltr'>regularis</span> <span class='ocrx_word' id='word_1_309' title='bbox 1707 666 1928 699; x_wconf 76' lang='lat' dir='ltr'>canonicorum</span> 
     </span>
     <span class='ocr_line' id='line_1_73' title="bbox 1229 714 1928 759; baseline 0.003 -13"><span class='ocrx_word' id='word_1_310' title='bbox 1229 714 1381 747; x_wconf 79' lang='lat' dir='ltr'>Ecclesiae</span> <span class='ocrx_word' id='word_1_311' title='bbox 1411 716 1446 747; x_wconf 80' lang='lat' dir='ltr'>S.</span> <span class='ocrx_word' id='word_1_312' title='bbox 1476 715 1610 747; x_wconf 76' lang='lat' dir='ltr'>Martini</span> <span class='ocrx_word' id='word_1_313' title='bbox 1629 716 1661 747; x_wconf 78' lang='lat' dir='ltr'>in</span> <span class='ocrx_word' id='word_1_314' title='bbox 1684 715 1928 759; x_wconf 73' lang='lat' dir='ltr'>Barchyecesya-</span> 
     </span>
     <span class='ocr_line' id='line_1_74' title="bbox 1225 764 1767 808; baseline 0.004 -13"><span class='ocrx_word' id='word_1_315' title='bbox 1225 764 1283 795; x_wconf 81' lang='lat' dir='ltr'>den</span> <span class='ocrx_word' id='word_1_316' title='bbox 1306 765 1520 808; x_wconf 74' lang='lat' dir='ltr'>Salt&#39;sbttryen.</span> <span class='ocrx_word' id='word_1_317' title='bbox 1534 764 1684 797; x_wconf 22' lang='lat' dir='ltr'>,dioecesis</span> <span class='ocrx_word' id='word_1_318' title='bbox 1711 765 1767 807; x_wconf 63' lang='lat'>(¹¹).</span> 
     </span>
    </p>
   </div>
   <div class='ocr_carea' id='block_1_13' title="bbox 1443 835 1657 866">
    <p class='ocr_par' dir='ltr' id='par_1_15' title="bbox 1443 835 1657 866">
     <span class='ocr_line' id='line_1_75' title="bbox 1443 835 1657 866; baseline 0 -1"><span class='ocrx_word' id='word_1_319' title='bbox 1443 835 1657 866; x_wconf 67' lang='lat' dir='ltr'>SUMMARIUM</span> 
     </span>
    </p>
   </div>
   <div class='ocr_carea' id='block_1_14' title="bbox 1177 899 1929 985">
    <p class='ocr_par' dir='ltr' id='par_1_16' title="bbox 1177 899 1929 985">
     <span class='ocr_line' id='line_1_76' title="bbox 1177 899 1929 939; baseline 0.001 -11"><span class='ocrx_word' id='word_1_320' title='bbox 1177 899 1591 931; x_wconf 84' lang='lat' dir='ltr'>Exordium.--Cons1rmatur</span> <span class='ocrx_word' id='word_1_321' title='bbox 1604 902 1770 931; x_wconf 89' lang='lat' dir='ltr'>institutum</span> <span class='ocrx_word' id='word_1_322' title='bbox 1784 901 1929 939; x_wconf 82' lang='lat' dir='ltr'>regulare.</span> 
     </span>
     <span class='ocr_line' id='line_1_77' title="bbox 1217 944 1928 985; baseline -0.001 -11"><span class='ocrx_word' id='word_1_323' title='bbox 1217 962 1256 966; x_wconf 97' lang='lat'><strong>—</strong></span> <span class='ocrx_word' id='word_1_324' title='bbox 1288 944 1460 974; x_wconf 76' lang='lat' dir='ltr'>Obetlientia</span> <span class='ocrx_word' id='word_1_325' title='bbox 1490 947 1655 984; x_wconf 81' lang='lat' dir='ltr'>praeposito</span> <span class='ocrx_word' id='word_1_326' title='bbox 1687 954 1738 985; x_wconf 86' lang='lat' dir='ltr'>per</span> <span class='ocrx_word' id='word_1_327' title='bbox 1770 945 1928 974; x_wconf 85' lang='lat' dir='ltr'>canonicos</span> 
     </span>
    </p>
   </div>
   <div class='ocr_carea' id='block_1_15' title="bbox 1219 989 1930 1116">
    <p class='ocr_par' dir='ltr' id='par_1_17' title="bbox 1219 989 1930 1116">
     <span class='ocr_line' id='line_1_78' title="bbox 1219 989 1928 1029; baseline 0.004 -13"><span class='ocrx_word' id='word_1_328' title='bbox 1219 990 1409 1027; x_wconf 82' lang='lat' dir='ltr'>praestanda:</span> <span class='ocrx_word' id='word_1_329' title='bbox 1431 1006 1470 1011; x_wconf 92' lang='lat'>--</span> <span class='ocrx_word' id='word_1_330' title='bbox 1492 989 1525 1019; x_wconf 87' lang='lat' dir='ltr'>Et</span> <span class='ocrx_word' id='word_1_331' title='bbox 1548 990 1694 1019; x_wconf 88' lang='lat' dir='ltr'>subiectio</span> <span class='ocrx_word' id='word_1_332' title='bbox 1713 990 1852 1029; x_wconf 88' lang='lat' dir='ltr'>episcopo</span> <span class='ocrx_word' id='word_1_333' title='bbox 1871 989 1928 1019; x_wconf 88' lang='lat' dir='ltr'>loci</span> 
     </span>
     <span class='ocr_line' id='line_1_79' title="bbox 1219 1033 1930 1063; baseline 0.003 -2"><span class='ocrx_word' id='word_1_334' title='bbox 1219 1033 1378 1062; x_wconf 83' lang='lat' dir='ltr'>ordinario.</span> <span class='ocrx_word' id='word_1_335' title='bbox 1397 1050 1436 1055; x_wconf 80' lang='lat'>-</span> <span class='ocrx_word' id='word_1_336' title='bbox 1454 1033 1590 1063; x_wconf 73' lang='lat' dir='ltr'>Advocati</span> <span class='ocrx_word' id='word_1_337' title='bbox 1603 1033 1775 1063; x_wconf 87' lang='lat' dir='ltr'>electionem</span> <span class='ocrx_word' id='word_1_338' title='bbox 1793 1034 1828 1063; x_wconf 91' lang='lat' dir='ltr'>ad</span> <span class='ocrx_word' id='word_1_339' title='bbox 1842 1043 1930 1063; x_wconf 84' lang='lat' dir='ltr'>cano-</span> 
     </span>
     <span class='ocr_line' id='line_1_80' title="bbox 1219 1077 1928 1116; baseline 0.003 -11"><span class='ocrx_word' id='word_1_340' title='bbox 1219 1078 1300 1106; x_wconf 90' lang='lat' dir='ltr'>nicos</span> <span class='ocrx_word' id='word_1_341' title='bbox 1335 1082 1466 1116; x_wconf 83' lang='lat' dir='ltr'>spectare</span> <span class='ocrx_word' id='word_1_342' title='bbox 1498 1078 1672 1107; x_wconf 63' lang='lat' dir='ltr'>declaratur</span> <span class='ocrx_word' id='word_1_343' title='bbox 1705 1095 1745 1100; x_wconf 91' lang='lat'>—</span> <span class='ocrx_word' id='word_1_344' title='bbox 1773 1077 1928 1108; x_wconf 84' lang='lat' dir='ltr'>Decretum</span> 
     </span>
    </p>
   </div>
   <div class='ocr_carea' id='block_1_16' title="bbox 1217 1121 1951 1292">
    <p class='ocr_par' dir='ltr' id='par_1_18' title="bbox 1217 1121 1951 1292">
     <span class='ocr_line' id='line_1_81' title="bbox 1219 1121 1928 1161; baseline 0.001 -11"><span class='ocrx_word' id='word_1_345' title='bbox 1219 1121 1412 1151; x_wconf 84' lang='lat' dir='ltr'>immunitatis</span> <span class='ocrx_word' id='word_1_346' title='bbox 1435 1131 1448 1150; x_wconf 89' lang='lat' dir='ltr'>a</span> <span class='ocrx_word' id='word_1_347' title='bbox 1479 1131 1664 1161; x_wconf 74' lang='lat' dir='ltr'>quarumque</span> <span class='ocrx_word' id='word_1_348' title='bbox 1694 1122 1838 1156; x_wconf 84' lang='lat' dir='ltr'>molestia,</span> <span class='ocrx_word' id='word_1_349' title='bbox 1873 1127 1928 1152; x_wconf 90' lang='lat' dir='ltr'>etc.</span> 
     </span>
     <span class='ocr_line' id='line_1_82' title="bbox 1217 1165 1928 1204; baseline 0.001 -10"><span class='ocrx_word' id='word_1_350' title='bbox 1217 1182 1256 1187; x_wconf 94' lang='lat'><strong>—</strong></span> <span class='ocrx_word' id='word_1_351' title='bbox 1272 1165 1385 1195; x_wconf 82' lang='lat' dir='ltr'>Census</span> <span class='ocrx_word' id='word_1_352' title='bbox 1404 1175 1522 1194; x_wconf 90' lang='lat' dir='ltr'>annuns</span> <span class='ocrx_word' id='word_1_353' title='bbox 1542 1165 1731 1194; x_wconf 85' lang='lat' dir='ltr'>Lateranensi</span> <span class='ocrx_word' id='word_1_354' title='bbox 1751 1166 1858 1204; x_wconf 84' lang='lat' dir='ltr'>palatio</span> <span class='ocrx_word' id='word_1_355' title='bbox 1877 1175 1928 1204; x_wconf 84' lang='lat' dir='ltr'>per</span> 
     </span>
     <span class='ocr_line' id='line_1_83' title="bbox 1218 1206 1951 1248; baseline 0.003 -10"><span class='ocrx_word' id='word_1_356' title='bbox 1218 1218 1268 1238; x_wconf 89' lang='lat' dir='ltr'>eos</span> <span class='ocrx_word' id='word_1_357' title='bbox 1286 1209 1508 1248; x_wconf 74' lang='lat' dir='ltr'>persolvendus.</span> <span class='ocrx_word' id='word_1_358' title='bbox 1526 1226 1565 1231; x_wconf 92' lang='lat'><strong>—</strong></span> <span class='ocrx_word' id='word_1_359' title='bbox 1588 1209 1696 1239; x_wconf 83' lang='lat' dir='ltr'>Solitae</span> <span class='ocrx_word' id='word_1_360' title='bbox 1714 1210 1927 1240; x_wconf 87' lang='lat' dir='ltr'>clausulae.—</span> <span class='ocrx_word' id='word_1_361' title='bbox 1948 1206 1951 1209; x_wconf 59' lang='grc'><em>’</em></span> 
     </span>
     <span class='ocr_line' id='line_1_84' title="bbox 1217 1252 1602 1292; baseline 0.003 -10"><span class='ocrx_word' id='word_1_362' title='bbox 1217 1252 1319 1283; x_wconf 83' lang='lat' dir='ltr'>Calixti</span> <span class='ocrx_word' id='word_1_363' title='bbox 1339 1253 1393 1283; x_wconf 68' lang='grc' dir='ltr'>ΡΙ).</span> <span class='ocrx_word' id='word_1_364' title='bbox 1415 1253 1602 1292; x_wconf 72' lang='lat' dir='ltr'>subscriptio,</span> 
     </span>
    </p>
   </div>
   <div class='ocr_carea' id='block_1_17' title="bbox 1177 1322 1930 1583">
    <p class='ocr_par' dir='ltr' id='par_1_19' title="bbox 1177 1322 1930 1583">
     <span class='ocr_line' id='line_1_85' title="bbox 1177 1322 1929 1362; baseline 0.004 -11"><span class='ocrx_word' id='word_1_365' title='bbox 1177 1322 1279 1353; x_wconf 80' lang='lat' dir='ltr'>Calixtns</span> <span class='ocrx_word' id='word_1_366' title='bbox 1308 1324 1428 1362; x_wconf 74' lang='lat' dir='ltr'>episcopus</span> <span class='ocrx_word' id='word_1_367' title='bbox 1449 1333 1525 1353; x_wconf 80' lang='lat' dir='ltr'>serras</span> <span class='ocrx_word' id='word_1_368' title='bbox 1551 1333 1666 1353; x_wconf 81' lang='lat' dir='ltr'>serrorum</span> <span class='ocrx_word' id='word_1_369' title='bbox 1689 1323 1739 1361; x_wconf 81' lang='lat' dir='ltr'>Dei,</span> <span class='ocrx_word' id='word_1_370' title='bbox 1763 1324 1853 1354; x_wconf 84' lang='lat' dir='ltr'>dilectis</span> <span class='ocrx_word' id='word_1_371' title='bbox 1875 1324 1929 1354; x_wconf 79' lang='lat' dir='ltr'>filiis</span> 
     </span>
     <span class='ocr_line' id='line_1_86' title="bbox 1218 1368 1928 1405; baseline 0.003 -9"><span class='ocrx_word' id='word_1_372' title='bbox 1218 1368 1349 1405; x_wconf 77' lang='lat' dir='ltr'>Eberquino</span> <span class='ocrx_word' id='word_1_373' title='bbox 1371 1368 1510 1405; x_wconf 82' lang='lat' dir='ltr'>praeposito,</span> <span class='ocrx_word' id='word_1_374' title='bbox 1538 1372 1560 1396; x_wconf 81' lang='lat' dir='ltr'>et</span> <span class='ocrx_word' id='word_1_375' title='bbox 1586 1369 1634 1397; x_wconf 82' lang='lat' dir='ltr'>eius</span> <span class='ocrx_word' id='word_1_376' title='bbox 1657 1368 1764 1398; x_wconf 83' lang='lat' dir='ltr'>fratribus</span> <span class='ocrx_word' id='word_1_377' title='bbox 1782 1369 1804 1398; x_wconf 91' lang='grc'>111</span> <span class='ocrx_word' id='word_1_378' title='bbox 1827 1369 1928 1398; x_wconf 80' lang='lat' dir='ltr'>Ecclesia</span> 
     </span>
     <span class='ocr_line' id='line_1_87' title="bbox 1217 1412 1929 1451; baseline 0.001 -10"><span class='ocrx_word' id='word_1_379' title='bbox 1217 1413 1352 1441; x_wconf 74' lang='lat' dir='ltr'>Sanctorum</span> <span class='ocrx_word' id='word_1_380' title='bbox 1374 1412 1481 1441; x_wconf 84' lang='lat' dir='ltr'>lobannis</span> <span class='ocrx_word' id='word_1_381' title='bbox 1496 1416 1517 1440; x_wconf 68' lang='lat' dir='ltr'>et</span> <span class='ocrx_word' id='word_1_382' title='bbox 1536 1412 1627 1441; x_wconf 79' lang='lat' dir='ltr'>Martini</span> <span class='ocrx_word' id='word_1_383' title='bbox 1646 1422 1704 1450; x_wconf 85' lang='lat' dir='ltr'>quae</span> <span class='ocrx_word' id='word_1_384' title='bbox 1720 1414 1743 1442; x_wconf 92' lang='lat' dir='ltr'>in</span> <span class='ocrx_word' id='word_1_385' title='bbox 1759 1412 1929 1451; x_wconf 75' lang='lat' dir='ltr'>Satisburgenst</span> 
     </span>
     <span class='ocr_line' id='line_1_88' title="bbox 1218 1456 1928 1495; baseline 0 -10"><span class='ocrx_word' id='word_1_386' title='bbox 1218 1465 1287 1495; x_wconf 74' lang='lat' dir='ltr'>pago,</span> <span class='ocrx_word' id='word_1_387' title='bbox 1310 1457 1333 1485; x_wconf 89' lang='grc'>111</span> <span class='ocrx_word' id='word_1_388' title='bbox 1351 1456 1402 1485; x_wconf 79' lang='lat' dir='ltr'>loco</span> <span class='ocrx_word' id='word_1_389' title='bbox 1417 1456 1536 1493; x_wconf 79' lang='lat' dir='ltr'>videlicet,</span> <span class='ocrx_word' id='word_1_390' title='bbox 1549 1456 1824 1495; x_wconf 77' lang='lat' dir='ltr'>qttiBarchgetesgaden</span> <span class='ocrx_word' id='word_1_391' title='bbox 1835 1456 1928 1494; x_wconf 84' lang='lat' dir='ltr'>dicitur,</span> 
     </span>
     <span class='ocr_line' id='line_1_89' title="bbox 1216 1499 1930 1539; baseline 0.001 -9"><span class='ocrx_word' id='word_1_392' title='bbox 1216 1501 1260 1530; x_wconf 83' lang='lat' dir='ltr'>sita</span> <span class='ocrx_word' id='word_1_393' title='bbox 1281 1504 1323 1538; x_wconf 83' lang='lat' dir='ltr'>est,</span> <span class='ocrx_word' id='word_1_394' title='bbox 1347 1500 1478 1538; x_wconf 76' lang='lat' dir='ltr'>regularem</span> <span class='ocrx_word' id='word_1_395' title='bbox 1495 1501 1564 1529; x_wconf 72' lang='lat' dir='ltr'>vitain</span> <span class='ocrx_word' id='word_1_396' title='bbox 1583 1499 1697 1539; x_wconf 79' lang='lat' dir='ltr'>professis,</span> <span class='ocrx_word' id='word_1_397' title='bbox 1715 1505 1760 1530; x_wconf 82' lang='lat' dir='ltr'>tani</span> <span class='ocrx_word' id='word_1_398' title='bbox 1773 1500 1930 1539; x_wconf 73' lang='lat' dir='ltr'>praesentibus</span> 
     </span>
     <span class='ocr_line' id='line_1_90' title="bbox 1217 1543 1603 1583; baseline -0.003 -10"><span class='ocrx_word' id='word_1_399' title='bbox 1217 1553 1285 1583; x_wconf 84' lang='lat' dir='ltr'>quani</span> <span class='ocrx_word' id='word_1_400' title='bbox 1303 1543 1394 1582; x_wconf 81' lang='lat' dir='ltr'>futuris,</span> <span class='ocrx_word' id='word_1_401' title='bbox 1412 1545 1434 1573; x_wconf 88' lang='lat' dir='ltr'>in</span> <span class='ocrx_word' id='word_1_402' title='bbox 1457 1547 1603 1582; x_wconf 83' lang='lat' dir='ltr'>perpetuum.</span> 
     </span>
    </p>
   </div>
   <div class='ocr_carea' id='block_1_18' title="bbox 1175 1609 1932 2537">
    <p class='ocr_par' dir='ltr' id='par_1_20' title="bbox 1175 1609 1932 2537">
     <span class='ocr_line' id='line_1_91' title="bbox 1225 1609 1929 1656; baseline 0.003 -13"><span class='ocrx_word' id='word_1_403' title='bbox 1225 1610 1433 1656; x_wconf 85' lang='lat' dir='ltr'>Praeceptum</span> <span class='ocrx_word' id='word_1_404' title='bbox 1462 1609 1589 1644; x_wconf 84' lang='lat' dir='ltr'>Domini</span> <span class='ocrx_word' id='word_1_405' title='bbox 1625 1609 1779 1644; x_wconf 87' lang='lat' dir='ltr'>habemus</span> <span class='ocrx_word' id='word_1_406' title='bbox 1813 1610 1929 1646; x_wconf 83' lang='lat' dir='ltr'>intrare</span> 
     </span>
     <span class='ocr_line' id='line_1_92' title="bbox 1179 1659 1928 1706; baseline 0.001 -13"><span class='ocrx_word' id='word_1_407' title='bbox 1179 1671 1233 1706; x_wconf 89' lang='lat' dir='ltr'>per</span> <span class='ocrx_word' id='word_1_408' title='bbox 1255 1667 1419 1704; x_wconf 81' lang='lat' dir='ltr'>angustam</span> <span class='ocrx_word' id='word_1_409' title='bbox 1445 1667 1584 1705; x_wconf 90' lang='lat' dir='ltr'>portam,</span> <span class='ocrx_word' id='word_1_410' title='bbox 1616 1659 1687 1706; x_wconf 89' lang='lat' dir='ltr'>quia</span> <span class='ocrx_word' id='word_1_411' title='bbox 1722 1667 1853 1705; x_wconf 84' lang='lat' dir='ltr'>angusta</span> <span class='ocrx_word' id='word_1_412' title='bbox 1881 1661 1928 1695; x_wconf 88' lang='lat' dir='ltr'>via</span> 
     </span>
     <span class='ocr_line' id='line_1_93' title="bbox 1177 1708 1929 1755; baseline 0.001 -13"><span class='ocrx_word' id='word_1_413' title='bbox 1177 1716 1234 1747; x_wconf 81' lang='lat' dir='ltr'>est,</span> <span class='ocrx_word' id='word_1_414' title='bbox 1261 1720 1341 1755; x_wconf 88' lang='lat' dir='ltr'>qnae</span> <span class='ocrx_word' id='word_1_415' title='bbox 1363 1708 1451 1742; x_wconf 87' lang='lat' dir='ltr'>ducit</span> <span class='ocrx_word' id='word_1_416' title='bbox 1473 1708 1509 1742; x_wconf 84' lang='lat' dir='ltr'>ad</span> <span class='ocrx_word' id='word_1_417' title='bbox 1541 1709 1634 1742; x_wconf 85' lang='lat' dir='ltr'>vitam</span> <span class='ocrx_word' id='word_1_418' title='bbox 1663 1711 1717 1751; x_wconf 80' lang='lat' dir='ltr'>(a).</span> <span class='ocrx_word' id='word_1_419' title='bbox 1745 1708 1827 1750; x_wconf 83' lang='lat' dir='ltr'>Quia</span> <span class='ocrx_word' id='word_1_420' title='bbox 1854 1721 1929 1755; x_wconf 79' lang='lat' dir='ltr'>ergo</span> 
     </span>
     <span class='ocr_line' id='line_1_94' title="bbox 1178 1757 1930 1804; baseline 0.003 -13"><span class='ocrx_word' id='word_1_421' title='bbox 1178 1770 1242 1796; x_wconf 81' lang='lat' dir='ltr'>vos,</span> <span class='ocrx_word' id='word_1_422' title='bbox 1273 1770 1292 1792; x_wconf 90' lang='lat' dir='ltr'>o</span> <span class='ocrx_word' id='word_1_423' title='bbox 1316 1757 1368 1791; x_wconf 85' lang='lat' dir='ltr'>lilii</span> <span class='ocrx_word' id='word_1_424' title='bbox 1397 1757 1427 1791; x_wconf 82' lang='lat' dir='ltr'>in</span> <span class='ocrx_word' id='word_1_425' title='bbox 1463 1757 1590 1791; x_wconf 87' lang='lat' dir='ltr'>Christo</span> <span class='ocrx_word' id='word_1_426' title='bbox 1624 1757 1839 1801; x_wconf 84' lang='lat' dir='ltr'>dilectissimi,</span> <span class='ocrx_word' id='word_1_427' title='bbox 1875 1770 1930 1804; x_wconf 89' lang='lat' dir='ltr'>per</span> 
     </span>
     <span class='ocr_line' id='line_1_95' title="bbox 1177 1806 1929 1852; baseline 0.001 -12"><span class='ocrx_word' id='word_1_428' title='bbox 1177 1807 1314 1840; x_wconf 81' lang='lat' dir='ltr'>divinam</span> <span class='ocrx_word' id='word_1_429' title='bbox 1337 1807 1466 1852; x_wconf 78' lang='lat' dir='ltr'>gratiam</span> <span class='ocrx_word' id='word_1_430' title='bbox 1495 1806 1634 1852; x_wconf 83' lang='lat' dir='ltr'>aspirati,</span> <span class='ocrx_word' id='word_1_431' title='bbox 1670 1818 1775 1841; x_wconf 88' lang='lat' dir='ltr'>mores</span> <span class='ocrx_word' id='word_1_432' title='bbox 1811 1815 1929 1841; x_wconf 88' lang='lat' dir='ltr'>vestros</span> 
     </span>
     <span class='ocr_line' id='line_1_96' title="bbox 1177 1855 1929 1902; baseline 0.004 -14"><span class='ocrx_word' id='word_1_433' title='bbox 1177 1856 1234 1889; x_wconf 90' lang='lat' dir='ltr'>snb</span> <span class='ocrx_word' id='word_1_434' title='bbox 1257 1855 1408 1901; x_wconf 83' lang='lat' dir='ltr'>regularis</span> <span class='ocrx_word' id='word_1_435' title='bbox 1431 1856 1509 1889; x_wconf 84' lang='lat' dir='ltr'>vitae</span> <span class='ocrx_word' id='word_1_436' title='bbox 1536 1855 1700 1902; x_wconf 85' lang='lat' dir='ltr'>disciplina</span> <span class='ocrx_word' id='word_1_437' title='bbox 1720 1867 1879 1896; x_wconf 87' lang='lat' dir='ltr'>coercere,</span> <span class='ocrx_word' id='word_1_438' title='bbox 1897 1863 1929 1891; x_wconf 90' lang='lat' dir='ltr'>et</span> 
     </span>
     <span class='ocr_line' id='line_1_97' title="bbox 1177 1904 1927 1950; baseline 0.003 -13"><span class='ocrx_word' id='word_1_439' title='bbox 1177 1913 1209 1938; x_wconf 88' lang='lat' dir='ltr'>ut</span> <span class='ocrx_word' id='word_1_440' title='bbox 1231 1913 1394 1950; x_wconf 83' lang='lat' dir='ltr'>angustam</span> <span class='ocrx_word' id='word_1_441' title='bbox 1411 1904 1531 1949; x_wconf 81' lang='lat' dir='ltr'>ingredi</span> <span class='ocrx_word' id='word_1_442' title='bbox 1545 1904 1671 1938; x_wconf 83' lang='lat' dir='ltr'>valeatis</span> <span class='ocrx_word' id='word_1_443' title='bbox 1690 1912 1823 1950; x_wconf 87' lang='lat' dir='ltr'>portam,</span> <span class='ocrx_word' id='word_1_444' title='bbox 1845 1917 1927 1939; x_wconf 89' lang='lat' dir='ltr'>corn-</span> 
     </span>
     <span class='ocr_line' id='line_1_98' title="bbox 1176 1953 1926 1988; baseline 0.001 -1"><span class='ocrx_word' id='word_1_445' title='bbox 1176 1954 1314 1987; x_wconf 88' lang='lat' dir='ltr'>muniter</span> <span class='ocrx_word' id='word_1_446' title='bbox 1354 1953 1530 1987; x_wconf 87' lang='lat' dir='ltr'>secundum</span> <span class='ocrx_word' id='word_1_447' title='bbox 1575 1961 1755 1988; x_wconf 88' lang='lat' dir='ltr'>sanctorum</span> <span class='ocrx_word' id='word_1_448' title='bbox 1797 1953 1926 1988; x_wconf 85' lang='lat' dir='ltr'>Patrum</span> 
     </span>
     <span class='ocr_line' id='line_1_99' title="bbox 1175 2002 1928 2049; baseline 0 -12"><span class='ocrx_word' id='word_1_449' title='bbox 1175 2002 1446 2044; x_wconf 85' lang='lat' dir='ltr'>constitutionem,</span> <span class='ocrx_word' id='word_1_450' title='bbox 1473 2002 1682 2049; x_wconf 88' lang='lat' dir='ltr'>omnipotenti</span> <span class='ocrx_word' id='word_1_451' title='bbox 1704 2002 1842 2037; x_wconf 90' lang='lat' dir='ltr'>Domino</span> <span class='ocrx_word' id='word_1_452' title='bbox 1868 2003 1928 2037; x_wconf 89' lang='lat' dir='ltr'>de-</span> 
     </span>
     <span class='ocr_line' id='line_1_100' title="bbox 1176 2051 1927 2098; baseline 0.001 -13"><span class='ocrx_word' id='word_1_453' title='bbox 1176 2052 1292 2085; x_wconf 71' lang='lat' dir='ltr'>servire</span> <span class='ocrx_word' id='word_1_454' title='bbox 1316 2051 1541 2098; x_wconf 86' lang='lat' dir='ltr'>proposuistis:</span> <span class='ocrx_word' id='word_1_455' title='bbox 1567 2052 1644 2086; x_wconf 88' lang='lat' dir='ltr'>votis</span> <span class='ocrx_word' id='word_1_456' title='bbox 1667 2052 1775 2086; x_wconf 85' lang='lat' dir='ltr'>vestris</span> <span class='ocrx_word' id='word_1_457' title='bbox 1798 2059 1927 2098; x_wconf 90' lang='lat' dir='ltr'>paterno</span> 
     </span>
     <span class='ocr_line' id='line_1_101' title="bbox 1176 2100 1928 2147; baseline 0 -12"><span class='ocrx_word' id='word_1_458' title='bbox 1176 2101 1433 2146; x_wconf 78' lang='lat' dir='ltr'>congratulamur</span> <span class='ocrx_word' id='word_1_459' title='bbox 1459 2101 1582 2135; x_wconf 77' lang='lat' dir='ltr'>affectu.</span> <span class='ocrx_word' id='word_1_460' title='bbox 1610 2100 1704 2135; x_wconf 84' lang='lat' dir='ltr'>Unde</span> <span class='ocrx_word' id='word_1_461' title='bbox 1725 2101 1818 2135; x_wconf 86' lang='lat' dir='ltr'>etiam</span> <span class='ocrx_word' id='word_1_462' title='bbox 1846 2101 1928 2147; x_wconf 88' lang='lat' dir='ltr'>peti-</span> 
     </span>
     <span class='ocr_line' id='line_1_102' title="bbox 1177 2149 1927 2196; baseline 0.001 -13"><span class='ocrx_word' id='word_1_463' title='bbox 1177 2150 1252 2183; x_wconf 88' lang='lat' dir='ltr'>tioni</span> <span class='ocrx_word' id='word_1_464' title='bbox 1282 2157 1402 2184; x_wconf 81' lang='lat' dir='ltr'>vestrae</span> <span class='ocrx_word' id='word_1_465' title='bbox 1430 2149 1634 2196; x_wconf 83' lang='lat' dir='ltr'>benignitatis</span> <span class='ocrx_word' id='word_1_466' title='bbox 1660 2149 1784 2184; x_wconf 86' lang='lat' dir='ltr'>debitae</span> <span class='ocrx_word' id='word_1_467' title='bbox 1806 2150 1927 2196; x_wconf 87' lang='lat' dir='ltr'>imper-</span> 
     </span>
     <span class='ocr_line' id='line_1_103' title="bbox 1177 2199 1928 2246; baseline 0.001 -14"><span class='ocrx_word' id='word_1_468' title='bbox 1177 2199 1290 2232; x_wconf 85' lang='lat' dir='ltr'>tientes</span> <span class='ocrx_word' id='word_1_469' title='bbox 1325 2211 1500 2239; x_wconf 81' lang='lat' dir='ltr'>assensnm,</span> <span class='ocrx_word' id='word_1_470' title='bbox 1534 2199 1695 2244; x_wconf 83' lang='lat' dir='ltr'>religionis</span> <span class='ocrx_word' id='word_1_471' title='bbox 1730 2200 1928 2246; x_wconf 87' lang='lat' dir='ltr'>propositum</span> 
     </span>
     <span class='ocr_line' id='line_1_104' title="bbox 1178 2248 1927 2294; baseline 0.001 -13"><span class='ocrx_word' id='word_1_472' title='bbox 1178 2248 1351 2294; x_wconf 86' lang='lat' dir='ltr'>praesentis</span> <span class='ocrx_word' id='word_1_473' title='bbox 1366 2248 1520 2294; x_wconf 84' lang='lat' dir='ltr'>privilegii</span> <span class='ocrx_word' id='word_1_474' title='bbox 1547 2248 1732 2282; x_wconf 87' lang='lat' dir='ltr'>auctoritate</span> <span class='ocrx_word' id='word_1_475' title='bbox 1755 2248 1927 2282; x_wconf 85' lang='lat' dir='ltr'>firmamus.</span> 
     </span>
     <span class='ocr_line' id='line_1_105' title="bbox 1177 2296 1930 2337; baseline 0.001 -8"><span class='ocrx_word' id='word_1_476' title='bbox 1177 2297 1352 2331; x_wconf 80' lang='lat' dir='ltr'>Statuimns</span> <span class='ocrx_word' id='word_1_477' title='bbox 1378 2297 1479 2337; x_wconf 90' lang='lat' dir='ltr'>enim,</span> <span class='ocrx_word' id='word_1_478' title='bbox 1512 2304 1546 2331; x_wconf 90' lang='lat' dir='ltr'>ut</span> <span class='ocrx_word' id='word_1_479' title='bbox 1573 2297 1647 2330; x_wconf 91' lang='lat' dir='ltr'>nulli</span> <span class='ocrx_word' id='word_1_480' title='bbox 1671 2297 1801 2331; x_wconf 90' lang='lat' dir='ltr'>omnino</span> <span class='ocrx_word' id='word_1_481' title='bbox 1823 2296 1930 2331; x_wconf 90' lang='lat' dir='ltr'>homi-</span> 
     </span>
     <span class='ocr_line' id='line_1_106' title="bbox 1178 2345 1926 2391; baseline 0.001 -12"><span class='ocrx_word' id='word_1_482' title='bbox 1178 2358 1250 2379; x_wconf 91' lang='lat' dir='ltr'>num</span> <span class='ocrx_word' id='word_1_483' title='bbox 1268 2345 1358 2380; x_wconf 87' lang='lat' dir='ltr'>liceat</span> <span class='ocrx_word' id='word_1_484' title='bbox 1372 2347 1452 2380; x_wconf 87' lang='lat' dir='ltr'>vitae</span> <span class='ocrx_word' id='word_1_485' title='bbox 1474 2346 1645 2380; x_wconf 85' lang='lat' dir='ltr'>canonicae</span> <span class='ocrx_word' id='word_1_486' title='bbox 1661 2345 1816 2385; x_wconf 86' lang='lat' dir='ltr'>ordinem,</span> <span class='ocrx_word' id='word_1_487' title='bbox 1832 2357 1926 2391; x_wconf 89' lang='lat' dir='ltr'>quem</span> 
     </span>
     <span class='ocr_line' id='line_1_107' title="bbox 1178 2394 1932 2440; baseline 0.003 -13"><span class='ocrx_word' id='word_1_488' title='bbox 1178 2395 1308 2440; x_wconf 78' lang='lat' dir='ltr'>professi</span> <span class='ocrx_word' id='word_1_489' title='bbox 1337 2395 1424 2438; x_wconf 77' lang='lat' dir='ltr'>estis,</span> <span class='ocrx_word' id='word_1_490' title='bbox 1450 2396 1478 2429; x_wconf 90' lang='lat' dir='ltr'>in</span> <span class='ocrx_word' id='word_1_491' title='bbox 1504 2403 1601 2429; x_wconf 85' lang='lat' dir='ltr'>vestra</span> <span class='ocrx_word' id='word_1_492' title='bbox 1625 2394 1764 2428; x_wconf 88' lang='lat' dir='ltr'>Ecclesia</span> <span class='ocrx_word' id='word_1_493' title='bbox 1787 2406 1932 2429; x_wconf 88' lang='lat' dir='ltr'>commu-</span> 
     </span>
     <span class='ocr_line' id='line_1_108' title="bbox 1178 2443 1930 2490; baseline 0.003 -14"><span class='ocrx_word' id='word_1_494' title='bbox 1178 2452 1252 2477; x_wconf 77' lang='lat' dir='ltr'>tare.</span> <span class='ocrx_word' id='word_1_495' title='bbox 1289 2443 1413 2477; x_wconf 79' lang='lat' dir='ltr'>Nemini</span> <span class='ocrx_word' id='word_1_496' title='bbox 1447 2445 1540 2478; x_wconf 88' lang='lat' dir='ltr'>etiam</span> <span class='ocrx_word' id='word_1_497' title='bbox 1576 2443 1782 2490; x_wconf 78' lang='lat' dir='ltr'>professionis</span> <span class='ocrx_word' id='word_1_498' title='bbox 1809 2452 1930 2478; x_wconf 87' lang='lat' dir='ltr'>vestrae</span> 
     </span>
     <span class='ocr_line' id='line_1_109' title="bbox 1177 2492 1928 2537; baseline 0.001 -11"><span class='ocrx_word' id='word_1_499' title='bbox 1177 2492 1308 2526; x_wconf 85' lang='lat' dir='ltr'>facultas</span> <span class='ocrx_word' id='word_1_500' title='bbox 1346 2494 1402 2533; x_wconf 89' lang='lat' dir='ltr'>sit,</span> <span class='ocrx_word' id='word_1_501' title='bbox 1436 2493 1568 2527; x_wconf 86' lang='lat' dir='ltr'>alicuius</span> <span class='ocrx_word' id='word_1_502' title='bbox 1596 2492 1729 2526; x_wconf 83' lang='lat' dir='ltr'>levitatis</span> <span class='ocrx_word' id='word_1_503' title='bbox 1758 2492 1928 2537; x_wconf 81' lang='lat' dir='ltr'>instinctu,</span> 
     </span>
    </p>
   </div>
   <div class='ocr_carea' id='block_1_19' title="bbox 1179 2561 1928 2628">
    <p class='ocr_par' dir='ltr' id='par_1_21' title="bbox 1179 2561 1928 2628">
     <span class='ocr_line' id='line_1_110' title="bbox 1213 2561 1928 2597; baseline 0 -9"><span class='ocrx_word' id='word_1_504' title='bbox 1213 2562 1252 2596; x_wconf 81' lang='grc' dir='ltr'>(Ι)</span> <span class='ocrx_word' id='word_1_505' title='bbox 1264 2562 1303 2588; x_wconf 84' lang='lat' dir='ltr'>Ex</span> <span class='ocrx_word' id='word_1_506' title='bbox 1316 2561 1411 2588; x_wconf 85' lang='lat' dir='ltr'>Hundii</span> <span class='ocrx_word' id='word_1_507' title='bbox 1425 2561 1560 2597; x_wconf 83' lang='lat' dir='ltr'>Metropoli</span> <span class='ocrx_word' id='word_1_508' title='bbox 1571 2561 1774 2595; x_wconf 78' lang='lat' dir='ltr'>Salisburgensi.</span> <span class='ocrx_word' id='word_1_509' title='bbox 1813 2561 1854 2597; x_wconf 83' lang='lat' dir='ltr'>(a)</span> <span class='ocrx_word' id='word_1_510' title='bbox 1865 2562 1928 2589; x_wconf 85' lang='lat' dir='ltr'>Luc.</span> 
     </span>
     <span class='ocr_line' id='line_1_111' title="bbox 1179 2602 1907 2628; baseline -0.001 0"><span class='ocrx_word' id='word_1_511' title='bbox 1179 2610 1226 2628; x_wconf 83' lang='lat' dir='ltr'>xm</span> <span class='ocrx_word' id='word_1_512' title='bbox 1246 2606 1271 2628; x_wconf 83' lang='lat' dir='ltr'>et</span> <span class='ocrx_word' id='word_1_513' title='bbox 1288 2602 1381 2628; x_wconf 84' lang='lat' dir='ltr'>Matth.</span> <span class='ocrx_word' id='word_1_514' title='bbox 1399 2609 1448 2628; x_wconf 85' lang='lat' dir='ltr'>vn.</span> <span class='ocrx_word' id='word_1_515' title='bbox 1902 2624 1907 2627; x_wconf 90' lang='lat'>.</span> 
     </span>
    </p>
   </div>
   <div class='ocr_carea' id='block_1_20' title="bbox 1952 229 2133 258">
    <p class='ocr_par' dir='ltr' id='par_1_22' title="bbox 1952 229 2133 258">
     <span class='ocr_line' id='line_1_112' title="bbox 1952 229 2133 258; baseline 0.017 -3"><span class='ocrx_word' id='word_1_516' title='bbox 1952 229 2002 256; x_wconf 78' lang='lat' dir='ltr'>An.</span> <span class='ocrx_word' id='word_1_517' title='bbox 2023 229 2050 256; x_wconf 89' lang='lat' dir='ltr'>C.</span> <span class='ocrx_word' id='word_1_518' title='bbox 2065 229 2133 258; x_wconf 72' lang='lat'>1¹22</span> 
     </span>
    </p>
   </div>
   <div class='ocr_carea' id='block_1_21' title="bbox 1952 291 2132 344">
    <p class='ocr_par' dir='ltr' id='par_1_23' title="bbox 1952 291 2132 344">
     <span class='ocr_line' id='line_1_113' title="bbox 1991 291 2132 315; baseline 0.028 -4"><span class='ocrx_word' id='word_1_519' title='bbox 1991 291 2067 312; x_wconf 80' lang='lat' dir='ltr'>eattxti</span> <span class='ocrx_word' id='word_1_520' title='bbox 2091 291 2132 315; x_wconf 77' lang='lat' dir='ltr'>PP-</span> 
     </span>
     <span class='ocr_line' id='line_1_114' title="bbox 1952 318 2090 344; baseline -0.007 -5"><span class='ocrx_word' id='word_1_521' title='bbox 1952 318 2048 344; x_wconf 67' lang='lat' dir='ltr'>subscm</span> <span class='ocrx_word' id='word_1_522' title='bbox 2054 319 2090 339; x_wconf 75' lang='lat'>130.</span> 
     </span>
    </p>
   </div>
   <div class='ocr_carea' id='block_1_22' title="bbox 1981 1603 2143 1629">
    <p class='ocr_par' dir='ltr' id='par_1_24' title="bbox 1981 1603 2143 1629">
     <span class='ocr_line' id='line_1_115' title="bbox 1981 1603 2143 1629; baseline 0 -6"><span class='ocrx_word' id='word_1_523' title='bbox 1981 1603 2106 1623; x_wconf 80' lang='lat' dir='ltr'>Exordium.</span> <span class='ocrx_word' id='word_1_524' title='bbox 2142 1624 2143 1629; x_wconf 47' lang='lat'>,</span> 
     </span>
    </p>
   </div>
   <div class='ocr_carea' id='block_1_23' title="bbox 1953 2103 2137 2183">
    <p class='ocr_par' dir='ltr' id='par_1_25' title="bbox 1953 2103 2137 2183">
     <span class='ocr_line' id='line_1_116' title="bbox 1954 2103 2134 2135; baseline 0.006 -11"><span class='ocrx_word' id='word_1_525' title='bbox 1954 2131 1959 2135; x_wconf 44' lang='grc'>,</span> <span class='ocrx_word' id='word_1_526' title='bbox 1987 2103 2134 2125; x_wconf 79' lang='lat' dir='ltr'>confirmanu-</span> 
     </span>
     <span class='ocr_line' id='line_1_117' title="bbox 1954 2134 2137 2151; baseline 0 0"><span class='ocrx_word' id='word_1_527' title='bbox 1954 2134 2079 2151; x_wconf 73' lang='lat' dir='ltr'>instntutum</span> <span class='ocrx_word' id='word_1_528' title='bbox 2099 2135 2137 2151; x_wconf 72' lang='grc' dir='ltr'>ιι·-</span> 
     </span>
     <span class='ocr_line' id='line_1_118' title="bbox 1953 2158 2036 2183; baseline 0 -5"><span class='ocrx_word' id='word_1_529' title='bbox 1953 2158 2036 2183; x_wconf 75' lang='lat' dir='ltr'>gulare.</span> 
     </span>
    </p>
   </div>
   <div class='ocr_carea' id='block_1_24' title="bbox 2142 0 2180 3205">
    <p class='ocr_par' dir='ltr' id='par_1_26' title="bbox 2142 0 2180 3205">
     <span class='ocr_line' id='line_1_119' title="bbox 2142 0 2180 3205; baseline 0 0"><span class='ocrx_word' id='word_1_530' title='bbox 2142 0 2180 3205; x_wconf 95' lang='lat' dir='ltr'> </span> 
     </span>
    </p>
   </div>
  </div>
 </body>
</html>
