<?xml version="1.0" encoding="UTF-8"?>
<!DOCTYPE html PUBLIC "-//W3C//DTD XHTML 1.0 Transitional//EN"
    "http://www.w3.org/TR/xhtml1/DTD/xhtml1-transitional.dtd">
<html xmlns="http://www.w3.org/1999/xhtml" xml:lang="en" lang="en">
 <head>
  <title>
</title>
<meta http-equiv="Content-Type" content="text/html;charset=utf-8" />
  <meta name='ocr-system' content='tesseract 3.04.00' />
  <meta name='ocr-capabilities' content='ocr_page ocr_carea ocr_par ocr_line ocrx_word'/>
</head>
<body>
  <div class='ocr_page' id='page_1' title='image "./bullarumdiplomat02cath_0193.png"; bbox 0 0 2180 3205; ppageno 0'>
   <div class='ocr_carea' id='block_1_1' title="bbox 43 226 225 255">
    <p class='ocr_par' dir='ltr' id='par_1_1' title="bbox 43 226 225 255">
     <span class='ocr_line' id='line_1_1' title="bbox 43 226 225 255; baseline 0 -1"><span class='ocrx_word' id='word_1_1' title='bbox 43 227 90 254; x_wconf 78' lang='lat' dir='ltr'>An.</span> <span class='ocrx_word' id='word_1_2' title='bbox 112 226 140 254; x_wconf 88' lang='lat' dir='ltr'>C.</span> <span class='ocrx_word' id='word_1_3' title='bbox 158 226 225 255; x_wconf 80' lang='lat'>¹096</span> 
     </span>
    </p>
   </div>
   <div class='ocr_carea' id='block_1_2' title="bbox 42 392 224 494">
    <p class='ocr_par' dir='ltr' id='par_1_2' title="bbox 42 392 224 494">
     <span class='ocr_line' id='line_1_2' title="bbox 75 392 224 414; baseline -0.014 0"><span class='ocrx_word' id='word_1_4' title='bbox 75 392 174 414; x_wconf 63' lang='lat' dir='ltr'>adhibito</span> <span class='ocrx_word' id='word_1_5' title='bbox 194 394 224 412; x_wconf 83' lang='lat' dir='ltr'>ta·</span> 
     </span>
     <span class='ocr_line' id='line_1_3' title="bbox 43 419 224 449; baseline -0.011 -8"><span class='ocrx_word' id='word_1_6' title='bbox 43 425 89 441; x_wconf 77' lang='lat' dir='ltr'>men</span> <span class='ocrx_word' id='word_1_7' title='bbox 102 419 224 449; x_wconf 76' lang='lat' dir='ltr'>dioecesam</span> 
     </span>
     <span class='ocr_line' id='line_1_4' title="bbox 42 445 212 494; baseline 0 -28"><span class='ocrx_word' id='word_1_8' title='bbox 42 445 136 494; x_wconf 58' lang='lat' dir='ltr'>fssi&#39;wp&#39;</span> <span class='ocrx_word' id='word_1_9' title='bbox 155 450 212 466; x_wconf 83' lang='lat' dir='ltr'>cousi</span> 
     </span>
    </p>
   </div>
   <div class='ocr_carea' id='block_1_3' title="bbox 39 766 221 847">
    <p class='ocr_par' dir='ltr' id='par_1_3' title="bbox 39 766 221 847">
     <span class='ocr_line' id='line_1_5' title="bbox 65 766 221 788; baseline 0 0"><span class='ocrx_word' id='word_1_10' title='bbox 65 766 183 788; x_wconf 78' lang='lat' dir='ltr'>Advocatiu</span> <span class='ocrx_word' id='word_1_11' title='bbox 193 767 221 788; x_wconf 84' lang='lat' dir='ltr'>ab</span> 
     </span>
     <span class='ocr_line' id='line_1_6' title="bbox 39 793 221 815; baseline 0 0"><span class='ocrx_word' id='word_1_12' title='bbox 39 793 147 815; x_wconf 71' lang='lat' dir='ltr'>abbatiss·</span> <span class='ocrx_word' id='word_1_13' title='bbox 184 794 221 815; x_wconf 79' lang='lat' dir='ltr'>eti-</span> 
     </span>
     <span class='ocr_line' id='line_1_7' title="bbox 39 819 126 847; baseline 0 -5"><span class='ocrx_word' id='word_1_14' title='bbox 39 819 126 847; x_wconf 66' lang='lat' dir='ltr'>tondat:</span> 
     </span>
    </p>
   </div>
   <div class='ocr_carea' id='block_1_4' title="bbox 37 913 221 991">
    <p class='ocr_par' dir='ltr' id='par_1_4' title="bbox 37 913 221 991">
     <span class='ocr_line' id='line_1_8' title="bbox 72 913 221 940; baseline 0 -5"><span class='ocrx_word' id='word_1_15' title='bbox 72 913 111 938; x_wconf 79' lang='lat' dir='ltr'>nni</span> <span class='ocrx_word' id='word_1_16' title='bbox 137 916 221 940; x_wconf 71' lang='lat' dir='ltr'>tamen,</span> 
     </span>
     <span class='ocr_line' id='line_1_9' title="bbox 38 941 221 962; baseline -0.005 0"><span class='ocrx_word' id='word_1_17' title='bbox 38 941 92 962; x_wconf 73' lang='lat' dir='ltr'>nictit.</span> <span class='ocrx_word' id='word_1_18' title='bbox 111 943 132 962; x_wconf 76' lang='grc' dir='ltr'>οι</span> <span class='ocrx_word' id='word_1_19' title='bbox 153 941 221 962; x_wconf 80' lang='lat' dir='ltr'>abba-</span> 
     </span>
     <span class='ocr_line' id='line_1_10' title="bbox 37 967 220 991; baseline 0 -3"><span class='ocrx_word' id='word_1_20' title='bbox 37 967 150 991; x_wconf 65' lang='lat' dir='ltr'>tiss-amihil</span> <span class='ocrx_word' id='word_1_21' title='bbox 157 973 170 988; x_wconf 80' lang='lat' dir='ltr'>a</span> <span class='ocrx_word' id='word_1_22' title='bbox 177 973 220 988; x_wconf 87' lang='lat' dir='ltr'>mo-</span> 
     </span>
    </p>
   </div>
   <div class='ocr_carea' id='block_1_5' title="bbox 0 997 220 1043">
    <p class='ocr_par' dir='ltr' id='par_1_5' title="bbox 0 997 220 1043">
     <span class='ocr_line' id='line_1_11' title="bbox 0 997 220 1021; baseline 0 -7"><span class='ocrx_word' id='word_1_23' title='bbox 0 1014 1 1021; x_wconf 37' lang='lat'>,</span> <span class='ocrx_word' id='word_1_24' title='bbox 39 997 220 1020; x_wconf 63' lang='lat' dir='ltr'>nastenquoquo-</span> 
     </span>
     <span class='ocr_line' id='line_1_12' title="bbox 0 1020 220 1043; baseline 0.005 -2"><span class='ocrx_word' id='word_1_25' title='bbox 0 1031 1 1043; x_wconf 70' lang='grc' dir='ltr'>ι</span> <span class='ocrx_word' id='word_1_26' title='bbox 38 1020 99 1041; x_wconf 78' lang='lat' dir='ltr'>nudo</span> <span class='ocrx_word' id='word_1_27' title='bbox 126 1021 220 1042; x_wconf 70' lang='lat' dir='ltr'>attonat-e</span> 
     </span>
    </p>
   </div>
   <div class='ocr_carea' id='block_1_6' title="bbox 38 1047 109 1073">
    <p class='ocr_par' dir='ltr' id='par_1_6' title="bbox 38 1047 109 1073">
     <span class='ocr_line' id='line_1_13' title="bbox 38 1047 109 1073; baseline 0 -6"><span class='ocrx_word' id='word_1_28' title='bbox 38 1047 109 1073; x_wconf 74' lang='lat' dir='ltr'>possit.</span> 
     </span>
    </p>
   </div>
   <div class='ocr_carea' id='block_1_7' title="bbox 36 1553 219 1634">
    <p class='ocr_par' dir='ltr' id='par_1_7' title="bbox 36 1553 219 1634">
     <span class='ocr_line' id='line_1_14' title="bbox 62 1553 219 1575; baseline 0.006 -1"><span class='ocrx_word' id='word_1_29' title='bbox 62 1553 140 1575; x_wconf 78' lang='lat' dir='ltr'>census</span> <span class='ocrx_word' id='word_1_30' title='bbox 153 1560 219 1575; x_wconf 83' lang='lat' dir='ltr'>annu·</span> 
     </span>
     <span class='ocr_line' id='line_1_15' title="bbox 36 1581 217 1607; baseline -0.006 -5"><span class='ocrx_word' id='word_1_31' title='bbox 36 1585 60 1602; x_wconf 71' lang='lat' dir='ltr'>us</span> <span class='ocrx_word' id='word_1_32' title='bbox 80 1581 131 1602; x_wconf 78' lang='lat' dir='ltr'>Secti</span> <span class='ocrx_word' id='word_1_33' title='bbox 146 1582 217 1607; x_wconf 77' lang='lat' dir='ltr'>Apost.</span> 
     </span>
     <span class='ocr_line' id='line_1_16' title="bbox 36 1608 192 1634; baseline 0.006 -6"><span class='ocrx_word' id='word_1_34' title='bbox 36 1608 192 1634; x_wconf 70' lang='lat' dir='ltr'>persotvendus.</span> 
     </span>
    </p>
   </div>
   <div class='ocr_carea' id='block_1_8' title="bbox 36 1694 218 1744">
    <p class='ocr_par' dir='ltr' id='par_1_8' title="bbox 36 1694 218 1744">
     <span class='ocr_line' id='line_1_17' title="bbox 62 1694 218 1718; baseline 0.013 -2"><span class='ocrx_word' id='word_1_35' title='bbox 62 1694 143 1717; x_wconf 79' lang='lat' dir='ltr'>Sotitae</span> <span class='ocrx_word' id='word_1_36' title='bbox 162 1697 218 1718; x_wconf 81' lang='lat' dir='ltr'>etau-</span> 
     </span>
     <span class='ocr_line' id='line_1_18' title="bbox 36 1722 101 1744; baseline 0.015 -1"><span class='ocrx_word' id='word_1_37' title='bbox 36 1722 101 1744; x_wconf 68' lang='lat' dir='ltr'>tutae.</span> 
     </span>
    </p>
   </div>
   <div class='ocr_carea' id='block_1_9' title="bbox 876 239 1132 262">
    <p class='ocr_par' dir='ltr' id='par_1_9' title="bbox 876 239 1132 262">
     <span class='ocr_line' id='line_1_19' title="bbox 876 239 1132 262; baseline -0.004 -1"><span class='ocrx_word' id='word_1_38' title='bbox 876 239 1018 262; x_wconf 65' lang='lat' dir='ltr'>t‘timxt‘s</span> <span class='ocrx_word' id='word_1_39' title='bbox 1042 240 1062 261; x_wconf 84' lang='lat' dir='ltr'>tt</span> <span class='ocrx_word' id='word_1_40' title='bbox 1087 240 1132 261; x_wconf 82' lang='grc' dir='ltr'>ΙΨ.</span> 
     </span>
    </p>
   </div>
   <div class='ocr_carea' id='block_1_10' title="bbox 240 292 1001 2652">
    <p class='ocr_par' dir='ltr' id='par_1_10' title="bbox 240 292 998 2652">
     <span class='ocr_line' id='line_1_20' title="bbox 251 292 998 340; baseline -0.001 -13"><span class='ocrx_word' id='word_1_41' title='bbox 251 300 473 340; x_wconf 63' lang='grc' dir='ltr'>ΡΓΖΙΘΙ)ΟΠΙ”ΙΙΙΙΓ,</span> <span class='ocrx_word' id='word_1_42' title='bbox 497 292 549 327; x_wconf 59' lang='grc' dir='ltr'>ΞΡΙΙ</span> <span class='ocrx_word' id='word_1_43' title='bbox 578 304 670 339; x_wconf 61' lang='lat' dir='ltr'>(Illam</span> <span class='ocrx_word' id='word_1_44' title='bbox 694 305 817 327; x_wconf 56' lang='lat' dir='ltr'>SOFOPt‘S</span> <span class='ocrx_word' id='word_1_45' title='bbox 838 293 998 326; x_wconf 69' lang='grc' dir='ltr'>(ἾΙΙΙΙΙΙΙΙΙΙΙΙ</span> 
     </span>
     <span class='ocr_line' id='line_1_21' title="bbox 249 342 1001 388; baseline -0.001 -12"><span class='ocrx_word' id='word_1_46' title='bbox 249 353 420 386; x_wconf 65' lang='lat' dir='ltr'>consensu,</span> <span class='ocrx_word' id='word_1_47' title='bbox 437 343 482 377; x_wconf 49' lang='lat' dir='ltr'>bel</span> <span class='ocrx_word' id='word_1_48' title='bbox 503 354 645 376; x_wconf 77' lang='lat' dir='ltr'>Sor&#39;Otunt</span> <span class='ocrx_word' id='word_1_49' title='bbox 668 355 737 388; x_wconf 60' lang='lat' dir='ltr'>[itt&#39;b</span> <span class='ocrx_word' id='word_1_50' title='bbox 758 342 880 375; x_wconf 54' lang='grc' dir='ltr'>(ΞΟΙΙδΙΙΙΙ</span> <span class='ocrx_word' id='word_1_51' title='bbox 900 342 1001 375; x_wconf 65' lang='grc'>531111)-</span> 
     </span>
     <span class='ocr_line' id='line_1_22' title="bbox 249 370 996 431; baseline -0.001 -6"><span class='ocrx_word' id='word_1_52' title='bbox 249 391 303 431; x_wconf 88' lang='lat' dir='ltr'>ris,</span> <span class='ocrx_word' id='word_1_53' title='bbox 326 370 502 426; x_wconf 82' lang='lat' dir='ltr'>sccuiidum</span> <span class='ocrx_word' id='word_1_54' title='bbox 536 391 651 431; x_wconf 84' lang='lat' dir='ltr'>Deum,</span> <span class='ocrx_word' id='word_1_55' title='bbox 674 400 704 424; x_wconf 82' lang='lat' dir='ltr'>ct</span> <span class='ocrx_word' id='word_1_56' title='bbox 732 391 812 424; x_wconf 73' lang='lat' dir='ltr'>litati</span> <span class='ocrx_word' id='word_1_57' title='bbox 838 390 996 424; x_wconf 45' lang='lat' dir='ltr'>Btffntdicti</span> 
     </span>
     <span class='ocr_line' id='line_1_23' title="bbox 248 439 998 488; baseline -0.003 -13"><span class='ocrx_word' id='word_1_58' title='bbox 248 440 390 486; x_wconf 72' lang='lat' dir='ltr'>tegulam</span> <span class='ocrx_word' id='word_1_59' title='bbox 427 440 620 488; x_wconf 70' lang='lat' dir='ltr'>proxideiint</span> <span class='ocrx_word' id='word_1_60' title='bbox 647 439 835 486; x_wconf 30' lang='lat' dir='ltr'>cligcffiudim</span> <span class='ocrx_word' id='word_1_61' title='bbox 857 439 998 473; x_wconf 84' lang='lat' dir='ltr'>adhibito</span> 
     </span>
     <span class='ocr_line' id='line_1_24' title="bbox 247 488 998 543; baseline -0.003 -20"><span class='ocrx_word' id='word_1_62' title='bbox 247 489 340 524; x_wconf 88' lang='lat' dir='ltr'>etiam</span> <span class='ocrx_word' id='word_1_63' title='bbox 355 490 535 525; x_wconf 88' lang='lat' dir='ltr'>dioecesani</span> <span class='ocrx_word' id='word_1_64' title='bbox 549 489 689 543; x_wconf 77' lang='lat' dir='ltr'><strong>episcopi</strong></span> <span class='ocrx_word' id='word_1_65' title='bbox 703 488 846 542; x_wconf 81' lang='lat' dir='ltr'>consilio,</span> <span class='ocrx_word' id='word_1_66' title='bbox 858 488 882 522; x_wconf 93' lang='lat' dir='ltr'>si</span> <span class='ocrx_word' id='word_1_67' title='bbox 895 488 998 522; x_wconf 82' lang='lat' dir='ltr'>catho-</span> 
     </span>
     <span class='ocr_line' id='line_1_25' title="bbox 246 537 997 586; baseline -0.003 -14"><span class='ocrx_word' id='word_1_68' title='bbox 246 537 328 573; x_wconf 74' lang='lat' dir='ltr'>licus</span> <span class='ocrx_word' id='word_1_69' title='bbox 343 539 569 586; x_wconf 70' lang='lat' dir='ltr'>religiosusque</span> <span class='ocrx_word' id='word_1_70' title='bbox 584 538 728 581; x_wconf 65' lang='lat' dir='ltr'>⁰x¹i[⁰¹&#39;l¹7</span> <span class='ocrx_word' id='word_1_71' title='bbox 744 545 775 571; x_wconf 80' lang='lat' dir='ltr'>Ul.</span> <span class='ocrx_word' id='word_1_72' title='bbox 792 537 850 570; x_wconf 83' lang='grc' dir='ltr'>ΙἸΙΙΙ</span> <span class='ocrx_word' id='word_1_73' title='bbox 867 537 997 571; x_wconf 67' lang='grc' dir='ltr'>(ΙΙΙΙΙΙΙΠΟ</span> 
     </span>
     <span class='ocr_line' id='line_1_26' title="bbox 246 586 995 632; baseline -0.005 -10"><span class='ocrx_word' id='word_1_74' title='bbox 246 599 310 622; x_wconf 93' lang='lat' dir='ltr'>non</span> <span class='ocrx_word' id='word_1_75' title='bbox 333 588 424 624; x_wconf 87' lang='lat' dir='ltr'>liceat</span> <span class='ocrx_word' id='word_1_76' title='bbox 452 588 530 622; x_wconf 82' lang='lat' dir='ltr'>infra</span> <span class='ocrx_word' id='word_1_77' title='bbox 564 586 720 621; x_wconf 86' lang='lat' dir='ltr'>abhatiam</span> <span class='ocrx_word' id='word_1_78' title='bbox 752 586 851 632; x_wconf 78' lang='lat' dir='ltr'>ipsam</span> <span class='ocrx_word' id='word_1_79' title='bbox 879 586 995 632; x_wconf 88' lang='lat' dir='ltr'>aliquid</span> 
     </span>
     <span class='ocr_line' id='line_1_27' title="bbox 245 634 997 690; baseline -0.003 -20"><span class='ocrx_word' id='word_1_80' title='bbox 245 636 412 673; x_wconf 87' lang='lat' dir='ltr'>violentiae</span> <span class='ocrx_word' id='word_1_81' title='bbox 436 637 481 672; x_wconf 86' lang='lat' dir='ltr'>vel</span> <span class='ocrx_word' id='word_1_82' title='bbox 505 648 616 690; x_wconf 64' lang='lat' dir='ltr'>pratae</span> <span class='ocrx_word' id='word_1_83' title='bbox 638 634 879 669; x_wconf 71' lang='lat' dir='ltr'>consuetudinis</span> <span class='ocrx_word' id='word_1_84' title='bbox 902 634 997 668; x_wconf 61' lang='lat' dir='ltr'>sindi—</span> 
     </span>
     <span class='ocr_line' id='line_1_28' title="bbox 245 684 992 738; baseline -0.004 -17"><span class='ocrx_word' id='word_1_85' title='bbox 245 697 330 730; x_wconf 88' lang='lat' dir='ltr'>care,</span> <span class='ocrx_word' id='word_1_86' title='bbox 351 694 405 721; x_wconf 92' lang='lat' dir='ltr'>aut</span> <span class='ocrx_word' id='word_1_87' title='bbox 419 698 610 731; x_wconf 77' lang='lat' dir='ltr'>gravaminis</span> <span class='ocrx_word' id='word_1_88' title='bbox 631 684 814 738; x_wconf 85' lang='lat' dir='ltr'>quicquam</span> <span class='ocrx_word' id='word_1_89' title='bbox 837 684 919 730; x_wconf 87' lang='lat' dir='ltr'>quod</span> <span class='ocrx_word' id='word_1_90' title='bbox 938 696 992 718; x_wconf 88' lang='lat' dir='ltr'>au-</span> 
     </span>
     <span class='ocr_line' id='line_1_29' title="bbox 244 733 994 779; baseline -0.003 -9"><span class='ocrx_word' id='word_1_91' title='bbox 244 734 388 770; x_wconf 84' lang='lat' dir='ltr'>cillarum</span> <span class='ocrx_word' id='word_1_92' title='bbox 421 734 551 769; x_wconf 82' lang='lat' dir='ltr'>Domini</span> <span class='ocrx_word' id='word_1_93' title='bbox 587 733 645 768; x_wconf 87' lang='lat' dir='ltr'>Dei</span> <span class='ocrx_word' id='word_1_94' title='bbox 680 733 776 779; x_wconf 88' lang='lat' dir='ltr'>quieti</span> <span class='ocrx_word' id='word_1_95' title='bbox 821 733 994 779; x_wconf 83' lang='lat' dir='ltr'>impediat,</span> 
     </span>
     <span class='ocr_line' id='line_1_30' title="bbox 244 761 994 830; baseline -0.004 -11"><span class='ocrx_word' id='word_1_96' title='bbox 244 783 394 830; x_wconf 80' lang='lat' dir='ltr'>irrogare.</span> <span class='ocrx_word' id='word_1_97' title='bbox 419 783 614 818; x_wconf 78' lang='lat' dir='ltr'>Advocatum</span> <span class='ocrx_word' id='word_1_98' title='bbox 638 794 763 828; x_wconf 88' lang='lat' dir='ltr'>quoquc</span> <span class='ocrx_word' id='word_1_99' title='bbox 778 782 918 816; x_wconf 71' lang='lat' dir='ltr'>tiusdcm</span> <span class='ocrx_word' id='word_1_100' title='bbox 934 761 994 816; x_wconf 87' lang='lat' dir='ltr'>loci</span> 
     </span>
     <span class='ocr_line' id='line_1_31' title="bbox 244 831 995 877; baseline -0.003 -9"><span class='ocrx_word' id='word_1_101' title='bbox 244 845 309 868; x_wconf 90' lang='lat' dir='ltr'>non</span> <span class='ocrx_word' id='word_1_102' title='bbox 332 834 426 868; x_wconf 90' lang='lat' dir='ltr'>alium</span> <span class='ocrx_word' id='word_1_103' title='bbox 451 832 516 868; x_wconf 89' lang='lat' dir='ltr'>sore</span> <span class='ocrx_word' id='word_1_104' title='bbox 538 832 714 870; x_wconf 70' lang='lat' dir='ltr'>statuimus,</span> <span class='ocrx_word' id='word_1_105' title='bbox 738 831 796 865; x_wconf 90' lang='lat' dir='ltr'>nisi</span> <span class='ocrx_word' id='word_1_106' title='bbox 819 843 911 877; x_wconf 88' lang='lat' dir='ltr'>quem</span> <span class='ocrx_word' id='word_1_107' title='bbox 932 844 995 866; x_wconf 89' lang='lat' dir='ltr'>mo-</span> 
     </span>
     <span class='ocr_line' id='line_1_32' title="bbox 243 881 992 925; baseline -0.005 -7"><span class='ocrx_word' id='word_1_108' title='bbox 243 882 382 918; x_wconf 87' lang='lat' dir='ltr'>nasterio</span> <span class='ocrx_word' id='word_1_109' title='bbox 395 882 503 917; x_wconf 88' lang='lat' dir='ltr'>utilem</span> <span class='ocrx_word' id='word_1_110' title='bbox 519 881 672 915; x_wconf 72' lang='lat' dir='ltr'>abbatissa</span> <span class='ocrx_word' id='word_1_111' title='bbox 690 893 762 914; x_wconf 86' lang='lat' dir='ltr'>cum</span> <span class='ocrx_word' id='word_1_112' title='bbox 777 881 992 925; x_wconf 71' lang='lat' dir='ltr'>religiosarum</span> 
     </span>
     <span class='ocr_line' id='line_1_33' title="bbox 243 929 993 977; baseline -0.004 -11"><span class='ocrx_word' id='word_1_113' title='bbox 243 943 374 967; x_wconf 87' lang='lat' dir='ltr'>suarum</span> <span class='ocrx_word' id='word_1_114' title='bbox 401 931 560 967; x_wconf 88' lang='lat' dir='ltr'>voluntate</span> <span class='ocrx_word' id='word_1_115' title='bbox 587 930 775 977; x_wconf 79' lang='lat' dir='ltr'>poposcerit.</span> <span class='ocrx_word' id='word_1_116' title='bbox 810 929 876 964; x_wconf 78' lang='lat' dir='ltr'>Nec</span> <span class='ocrx_word' id='word_1_117' title='bbox 915 931 993 976; x_wconf 79' lang='lat' dir='ltr'>ipsi,</span> 
     </span>
     <span class='ocr_line' id='line_1_34' title="bbox 242 979 993 1025; baseline -0.005 -9"><span class='ocrx_word' id='word_1_118' title='bbox 242 988 296 1015; x_wconf 88' lang='lat' dir='ltr'>aut</span> <span class='ocrx_word' id='word_1_119' title='bbox 318 980 516 1024; x_wconf 77' lang='lat' dir='ltr'>abbatissae,&#39;</span> <span class='ocrx_word' id='word_1_120' title='bbox 533 991 591 1014; x_wconf 90' lang='lat' dir='ltr'>nec</span> <span class='ocrx_word' id='word_1_121' title='bbox 614 979 703 1014; x_wconf 89' lang='lat' dir='ltr'>alicui</span> <span class='ocrx_word' id='word_1_122' title='bbox 727 979 785 1014; x_wconf 89' lang='lat' dir='ltr'>loci</span> <span class='ocrx_word' id='word_1_123' title='bbox 811 979 909 1025; x_wconf 83' lang='lat' dir='ltr'>ipsius</span> <span class='ocrx_word' id='word_1_124' title='bbox 932 979 993 1013; x_wconf 85' lang='lat' dir='ltr'>mi-</span> 
     </span>
     <span class='ocr_line' id='line_1_35' title="bbox 242 1027 991 1065; baseline -0.001 -1"><span class='ocrx_word' id='word_1_125' title='bbox 242 1030 342 1065; x_wconf 87' lang='lat' dir='ltr'>nistro</span> <span class='ocrx_word' id='word_1_126' title='bbox 369 1030 501 1065; x_wconf 77' lang='lat' dir='ltr'>facultas</span> <span class='ocrx_word' id='word_1_127' title='bbox 522 1029 561 1063; x_wconf 91' lang='lat' dir='ltr'>sit</span> <span class='ocrx_word' id='word_1_128' title='bbox 588 1027 749 1063; x_wconf 76' lang='lat' dir='ltr'>Ecclesiae</span> <span class='ocrx_word' id='word_1_129' title='bbox 776 1027 858 1062; x_wconf 89' lang='lat' dir='ltr'>bona</span> <span class='ocrx_word' id='word_1_130' title='bbox 885 1028 931 1062; x_wconf 76' lang='lat' dir='ltr'>vel</span> <span class='ocrx_word' id='word_1_131' title='bbox 963 1029 991 1063; x_wconf 85' lang='lat' dir='ltr'>in</span> 
     </span>
     <span class='ocr_line' id='line_1_36' title="bbox 243 1077 991 1126; baseline -0.004 -12"><span class='ocrx_word' id='word_1_132' title='bbox 243 1078 375 1114; x_wconf 86' lang='lat' dir='ltr'>feudum</span> <span class='ocrx_word' id='word_1_133' title='bbox 410 1078 553 1126; x_wconf 88' lang='lat' dir='ltr'>personis</span> <span class='ocrx_word' id='word_1_134' title='bbox 581 1077 796 1112; x_wconf 79' lang='lat' dir='ltr'>saecularibus</span> <span class='ocrx_word' id='word_1_135' title='bbox 823 1077 916 1116; x_wconf 76' lang='lat' dir='ltr'>dare,</span> <span class='ocrx_word' id='word_1_136' title='bbox 945 1078 991 1112; x_wconf 73' lang='lat' dir='ltr'>vel</span> 
     </span>
     <span class='ocr_line' id='line_1_37' title="bbox 242 1126 993 1173; baseline -0.003 -10"><span class='ocrx_word' id='word_1_137' title='bbox 242 1127 303 1163; x_wconf 90' lang='lat' dir='ltr'>sub</span> <span class='ocrx_word' id='word_1_138' title='bbox 323 1140 454 1163; x_wconf 86' lang='lat' dir='ltr'>censum</span> <span class='ocrx_word' id='word_1_139' title='bbox 476 1128 631 1172; x_wconf 79' lang='lat' dir='ltr'>redigere,</span> <span class='ocrx_word' id='word_1_140' title='bbox 653 1126 701 1161; x_wconf 66' lang='lat' dir='ltr'>iel</span> <span class='ocrx_word' id='word_1_141' title='bbox 729 1126 831 1161; x_wconf 91' lang='lat' dir='ltr'>modis</span> <span class='ocrx_word' id='word_1_142' title='bbox 857 1126 993 1173; x_wconf 87' lang='lat' dir='ltr'>quihus—</span> 
     </span>
     <span class='ocr_line' id='line_1_38' title="bbox 241 1176 991 1231; baseline -0.003 -19"><span class='ocrx_word' id='word_1_143' title='bbox 241 1177 317 1212; x_wconf 90' lang='lat' dir='ltr'>libet</span> <span class='ocrx_word' id='word_1_144' title='bbox 337 1177 483 1212; x_wconf 87' lang='lat' dir='ltr'>alienare.</span> <span class='ocrx_word' id='word_1_145' title='bbox 511 1177 639 1211; x_wconf 83' lang='lat' dir='ltr'>Nullum</span> <span class='ocrx_word' id='word_1_146' title='bbox 669 1183 827 1231; x_wconf 85' lang='lat' dir='ltr'>praeterea</span> <span class='ocrx_word' id='word_1_147' title='bbox 842 1176 991 1210; x_wconf 84' lang='lat' dir='ltr'>clericum</span> 
     </span>
     <span class='ocr_line' id='line_1_39' title="bbox 241 1226 992 1272; baseline -0.003 -11"><span class='ocrx_word' id='word_1_148' title='bbox 241 1239 274 1261; x_wconf 79' lang='lat' dir='ltr'>m</span> <span class='ocrx_word' id='word_1_149' title='bbox 297 1227 490 1261; x_wconf 80' lang='lat' dir='ltr'>monasterio</span> <span class='ocrx_word' id='word_1_150' title='bbox 517 1234 618 1261; x_wconf 52' lang='lat' dir='ltr'>restio</span> <span class='ocrx_word' id='word_1_151' title='bbox 636 1226 814 1259; x_wconf 88' lang='lat' dir='ltr'>ministrare</span> <span class='ocrx_word' id='word_1_152' title='bbox 837 1226 992 1272; x_wconf 80' lang='lat' dir='ltr'>permitti-</span> 
     </span>
     <span class='ocr_line' id='line_1_40' title="bbox 241 1274 990 1320; baseline -0.001 -10"><span class='ocrx_word' id='word_1_153' title='bbox 241 1287 336 1318; x_wconf 85' lang='lat' dir='ltr'>mus,</span> <span class='ocrx_word' id='word_1_154' title='bbox 371 1276 431 1311; x_wconf 91' lang='lat' dir='ltr'>nisi</span> <span class='ocrx_word' id='word_1_155' title='bbox 472 1275 511 1310; x_wconf 88' lang='lat' dir='ltr'>de</span> <span class='ocrx_word' id='word_1_156' title='bbox 542 1274 732 1320; x_wconf 76' lang='lat' dir='ltr'>regularium</span> <span class='ocrx_word' id='word_1_157' title='bbox 768 1275 990 1309; x_wconf 86' lang='lat' dir='ltr'>canonicorum</span> 
     </span>
     <span class='ocr_line' id='line_1_41' title="bbox 240 1323 989 1372; baseline -0.003 -13"><span class='ocrx_word' id='word_1_158' title='bbox 240 1336 389 1369; x_wconf 87' lang='lat' dir='ltr'>numero,</span> <span class='ocrx_word' id='word_1_159' title='bbox 404 1337 484 1372; x_wconf 92' lang='lat' dir='ltr'>quos</span> <span class='ocrx_word' id='word_1_160' title='bbox 498 1324 580 1370; x_wconf 87' lang='lat' dir='ltr'>apud</span> <span class='ocrx_word' id='word_1_161' title='bbox 600 1324 637 1358; x_wconf 86' lang='lat' dir='ltr'>B.</span> <span class='ocrx_word' id='word_1_162' title='bbox 663 1323 989 1358; x_wconf 80' lang='lat' dir='ltr'>Montani&#39;ecclesiam</span> 
     </span>
     <span class='ocr_line' id='line_1_42' title="bbox 240 1373 991 1420; baseline -0.003 -12"><span class='ocrx_word' id='word_1_163' title='bbox 240 1374 405 1420; x_wconf 80' lang='lat' dir='ltr'>religionis</span> <span class='ocrx_word' id='word_1_164' title='bbox 436 1381 556 1408; x_wconf 76' lang='lat' dir='ltr'>vestrae</span> <span class='ocrx_word' id='word_1_165' title='bbox 594 1373 762 1407; x_wconf 81' lang='lat' dir='ltr'>solicitudo</span> <span class='ocrx_word' id='word_1_166' title='bbox 805 1373 991 1417; x_wconf 86' lang='lat' dir='ltr'>constituit,</span> 
     </span>
     <span class='ocr_line' id='line_1_43' title="bbox 241 1422 990 1470; baseline -0.003 -12"><span class='ocrx_word' id='word_1_167' title='bbox 241 1423 357 1470; x_wconf 89' lang='lat' dir='ltr'>quibus</span> <span class='ocrx_word' id='word_1_168' title='bbox 371 1422 548 1469; x_wconf 81' lang='lat' dir='ltr'>delegatum</span> <span class='ocrx_word' id='word_1_169' title='bbox 565 1434 602 1457; x_wconf 86' lang='lat' dir='ltr'>ex</span> <span class='ocrx_word' id='word_1_170' title='bbox 619 1430 791 1456; x_wconf 76' lang='lat' dir='ltr'>vestrarum</span> <span class='ocrx_word' id='word_1_171' title='bbox 809 1422 990 1457; x_wconf 69' lang='lat' dir='ltr'>facultatum</span> 
     </span>
     <span class='ocr_line' id='line_1_44' title="bbox 241 1471 990 1519; baseline -0.001 -12"><span class='ocrx_word' id='word_1_172' title='bbox 241 1472 440 1519; x_wconf 77' lang='lat' dir='ltr'>portionibus</span> <span class='ocrx_word' id='word_1_173' title='bbox 466 1473 582 1506; x_wconf 79' lang='lat' dir='ltr'>victum</span> <span class='ocrx_word' id='word_1_174' title='bbox 612 1483 651 1506; x_wconf 93' lang='lat' dir='ltr'>ne</span> <span class='ocrx_word' id='word_1_175' title='bbox 682 1483 742 1517; x_wconf 92' lang='lat' dir='ltr'>qua</span> <span class='ocrx_word' id='word_1_176' title='bbox 775 1471 805 1505; x_wconf 90' lang='lat' dir='ltr'>in</span> <span class='ocrx_word' id='word_1_177' title='bbox 831 1481 990 1517; x_wconf 87' lang='lat' dir='ltr'>posterum</span> 
     </span>
     <span class='ocr_line' id='line_1_45' title="bbox 241 1519 990 1568; baseline -0.003 -12"><span class='ocrx_word' id='word_1_178' title='bbox 241 1533 377 1568; x_wconf 86' lang='lat' dir='ltr'>persona</span> <span class='ocrx_word' id='word_1_179' title='bbox 398 1521 583 1556; x_wconf 89' lang='lat' dir='ltr'>subtrahere</span> <span class='ocrx_word' id='word_1_180' title='bbox 615 1520 740 1561; x_wconf 80' lang='lat' dir='ltr'>audeat,</span> <span class='ocrx_word' id='word_1_181' title='bbox 763 1519 990 1555; x_wconf 80' lang='lat' dir='ltr'>interdicimus.</span> 
     </span>
     <span class='ocr_line' id='line_1_46' title="bbox 241 1570 992 1617; baseline -0.001 -12"><span class='ocrx_word' id='word_1_182' title='bbox 241 1570 291 1605; x_wconf 88' lang='lat' dir='ltr'>Ad</span> <span class='ocrx_word' id='word_1_183' title='bbox 313 1570 466 1605; x_wconf 89' lang='lat' dir='ltr'>indicium</span> <span class='ocrx_word' id='word_1_184' title='bbox 488 1577 592 1605; x_wconf 89' lang='lat' dir='ltr'>autem</span> <span class='ocrx_word' id='word_1_185' title='bbox 615 1578 781 1617; x_wconf 80' lang='lat' dir='ltr'>perceptae</span> <span class='ocrx_word' id='word_1_186' title='bbox 807 1581 823 1604; x_wconf 90' lang='lat' dir='ltr'>a</span> <span class='ocrx_word' id='word_1_187' title='bbox 848 1570 992 1604; x_wconf 87' lang='lat' dir='ltr'>Romana</span> 
     </span>
     <span class='ocr_line' id='line_1_47' title="bbox 241 1618 992 1664; baseline 0 -10"><span class='ocrx_word' id='word_1_188' title='bbox 241 1619 386 1655; x_wconf 83' lang='lat' dir='ltr'>Ecclesia</span> <span class='ocrx_word' id='word_1_189' title='bbox 414 1620 578 1664; x_wconf 80' lang='lat' dir='ltr'>libertatis,</span> <span class='ocrx_word' id='word_1_190' title='bbox 605 1618 816 1654; x_wconf 64' lang='lat' dir='ltr'>virdunensis</span> <span class='ocrx_word' id='word_1_191' title='bbox 848 1627 992 1654; x_wconf 85' lang='lat' dir='ltr'>monetae</span> 
     </span>
     <span class='ocr_line' id='line_1_48' title="bbox 241 1668 994 1716; baseline -0.001 -13"><span class='ocrx_word' id='word_1_192' title='bbox 241 1681 296 1703; x_wconf 83' lang='lat' dir='ltr'>sex</span> <span class='ocrx_word' id='word_1_193' title='bbox 317 1677 482 1715; x_wconf 83' lang='lat' dir='ltr'>argenteos</span> <span class='ocrx_word' id='word_1_194' title='bbox 500 1669 668 1716; x_wconf 78' lang='lat' dir='ltr'>quotannis</span> <span class='ocrx_word' id='word_1_195' title='bbox 690 1668 893 1703; x_wconf 85' lang='lat' dir='ltr'>Lateranensi</span> <span class='ocrx_word' id='word_1_196' title='bbox 915 1669 994 1715; x_wconf 87' lang='lat' dir='ltr'>pala-</span> 
     </span>
     <span class='ocr_line' id='line_1_49' title="bbox 241 1717 991 1764; baseline -0.001 -12"><span class='ocrx_word' id='word_1_197' title='bbox 241 1718 285 1753; x_wconf 85' lang='lat' dir='ltr'>tio</span> <span class='ocrx_word' id='word_1_198' title='bbox 306 1718 500 1764; x_wconf 81' lang='lat' dir='ltr'>persolvetis.</span> <span class='ocrx_word' id='word_1_199' title='bbox 524 1718 558 1752; x_wconf 91' lang='lat' dir='ltr'>Si</span> <span class='ocrx_word' id='word_1_200' title='bbox 580 1730 640 1764; x_wconf 90' lang='lat' dir='ltr'>qua</span> <span class='ocrx_word' id='word_1_201' title='bbox 663 1719 759 1763; x_wconf 83' lang='lat' dir='ltr'>igitur</span> <span class='ocrx_word' id='word_1_202' title='bbox 774 1717 804 1751; x_wconf 92' lang='lat' dir='ltr'>in</span> <span class='ocrx_word' id='word_1_203' title='bbox 820 1718 991 1752; x_wconf 84' lang='lat' dir='ltr'>crastinum</span> 
     </span>
     <span class='ocr_line' id='line_1_50' title="bbox 241 1766 993 1814; baseline -0.001 -12"><span class='ocrx_word' id='word_1_204' title='bbox 241 1766 453 1802; x_wconf 86' lang='lat' dir='ltr'>ecclesiastica</span> <span class='ocrx_word' id='word_1_205' title='bbox 478 1779 612 1814; x_wconf 87' lang='lat' dir='ltr'>persona</span> <span class='ocrx_word' id='word_1_206' title='bbox 638 1767 868 1812; x_wconf 79' lang='lat' dir='ltr'>saecularisve,</span> <span class='ocrx_word' id='word_1_207' title='bbox 898 1767 993 1802; x_wconf 87' lang='lat' dir='ltr'>huius</span> 
     </span>
     <span class='ocr_line' id='line_1_51' title="bbox 242 1816 993 1864; baseline 0 -13"><span class='ocrx_word' id='word_1_208' title='bbox 242 1816 358 1851; x_wconf 85' lang='lat' dir='ltr'>decreti</span> <span class='ocrx_word' id='word_1_209' title='bbox 371 1816 520 1864; x_wconf 81' lang='lat' dir='ltr'>paginam</span> <span class='ocrx_word' id='word_1_210' title='bbox 536 1816 652 1860; x_wconf 89' lang='lat' dir='ltr'>sciens,</span> <span class='ocrx_word' id='word_1_211' title='bbox 667 1825 775 1851; x_wconf 87' lang='lat' dir='ltr'>contra</span> <span class='ocrx_word' id='word_1_212' title='bbox 789 1828 857 1851; x_wconf 91' lang='lat' dir='ltr'>eam</span> <span class='ocrx_word' id='word_1_213' title='bbox 876 1824 993 1851; x_wconf 89' lang='lat' dir='ltr'>temere</span> 
     </span>
     <span class='ocr_line' id='line_1_52' title="bbox 242 1865 994 1907; baseline 0 -7"><span class='ocrx_word' id='word_1_214' title='bbox 242 1866 352 1901; x_wconf 83' lang='lat' dir='ltr'>venire</span> <span class='ocrx_word' id='word_1_215' title='bbox 374 1866 552 1907; x_wconf 82' lang='lat' dir='ltr'>tentaverit,</span> <span class='ocrx_word' id='word_1_216' title='bbox 583 1865 723 1901; x_wconf 87' lang='lat' dir='ltr'>secundo</span> <span class='ocrx_word' id='word_1_217' title='bbox 752 1866 882 1900; x_wconf 78' lang='lat' dir='ltr'>tertiove</span> <span class='ocrx_word' id='word_1_218' title='bbox 903 1878 994 1900; x_wconf 88' lang='lat' dir='ltr'>com-</span> 
     </span>
     <span class='ocr_line' id='line_1_53' title="bbox 243 1914 995 1961; baseline 0 -12"><span class='ocrx_word' id='word_1_219' title='bbox 243 1915 375 1959; x_wconf 89' lang='lat' dir='ltr'>monita,</span> <span class='ocrx_word' id='word_1_220' title='bbox 391 1915 416 1950; x_wconf 88' lang='lat' dir='ltr'>si</span> <span class='ocrx_word' id='word_1_221' title='bbox 431 1927 494 1950; x_wconf 90' lang='lat' dir='ltr'>non</span> <span class='ocrx_word' id='word_1_222' title='bbox 509 1914 720 1949; x_wconf 88' lang='lat' dir='ltr'>satisfactione</span> <span class='ocrx_word' id='word_1_223' title='bbox 735 1927 873 1961; x_wconf 81' lang='lat' dir='ltr'>congrua</span> <span class='ocrx_word' id='word_1_224' title='bbox 890 1927 995 1950; x_wconf 91' lang='lat' dir='ltr'>emen-</span> 
     </span>
     <span class='ocr_line' id='line_1_54' title="bbox 243 1963 994 2011; baseline 0.001 -13"><span class='ocrx_word' id='word_1_225' title='bbox 243 1963 375 2009; x_wconf 89' lang='lat' dir='ltr'>daverit,</span> <span class='ocrx_word' id='word_1_226' title='bbox 392 1965 555 2011; x_wconf 86' lang='lat' dir='ltr'>potestatis</span> <span class='ocrx_word' id='word_1_227' title='bbox 569 1964 762 2011; x_wconf 82' lang='lat' dir='ltr'>honorisque</span> <span class='ocrx_word' id='word_1_228' title='bbox 781 1964 829 1998; x_wconf 92' lang='lat' dir='ltr'>sui</span> <span class='ocrx_word' id='word_1_229' title='bbox 844 1964 994 2010; x_wconf 77' lang='lat' dir='ltr'>dignitate</span> 
     </span>
     <span class='ocr_line' id='line_1_55' title="bbox 243 2013 995 2060; baseline 0.001 -13"><span class='ocrx_word' id='word_1_230' title='bbox 243 2021 360 2058; x_wconf 87' lang='lat' dir='ltr'>careat,</span> <span class='ocrx_word' id='word_1_231' title='bbox 382 2025 531 2060; x_wconf 83' lang='lat' dir='ltr'>reamque</span> <span class='ocrx_word' id='word_1_232' title='bbox 553 2025 587 2048; x_wconf 89' lang='lat' dir='ltr'>se</span> <span class='ocrx_word' id='word_1_233' title='bbox 609 2013 715 2048; x_wconf 78' lang='lat' dir='ltr'>divino</span> <span class='ocrx_word' id='word_1_234' title='bbox 730 2013 847 2048; x_wconf 89' lang='lat' dir='ltr'>iudicio</span> <span class='ocrx_word' id='word_1_235' title='bbox 860 2014 995 2048; x_wconf 81' lang='lat' dir='ltr'>existere</span> 
     </span>
     <span class='ocr_line' id='line_1_56' title="bbox 243 2061 994 2109; baseline 0 -12"><span class='ocrx_word' id='word_1_236' title='bbox 243 2061 283 2097; x_wconf 90' lang='lat' dir='ltr'>de</span> <span class='ocrx_word' id='word_1_237' title='bbox 309 2070 483 2108; x_wconf 88' lang='lat' dir='ltr'>perpetrata</span> <span class='ocrx_word' id='word_1_238' title='bbox 513 2063 680 2109; x_wconf 82' lang='lat' dir='ltr'>iniquitate</span> <span class='ocrx_word' id='word_1_239' title='bbox 707 2071 892 2109; x_wconf 70' lang='lat' dir='ltr'>cognoscat,</span> <span class='ocrx_word' id='word_1_240' title='bbox 922 2070 952 2097; x_wconf 90' lang='lat' dir='ltr'>et</span> <span class='ocrx_word' id='word_1_241' title='bbox 977 2075 994 2097; x_wconf 90' lang='lat' dir='ltr'>a</span> 
     </span>
     <span class='ocr_line' id='line_1_57' title="bbox 243 2111 995 2158; baseline 0.001 -13"><span class='ocrx_word' id='word_1_242' title='bbox 243 2111 444 2146; x_wconf 88' lang='lat' dir='ltr'>sanctissimo</span> <span class='ocrx_word' id='word_1_243' title='bbox 471 2111 612 2157; x_wconf 89' lang='lat' dir='ltr'>Corpore</span> <span class='ocrx_word' id='word_1_244' title='bbox 638 2119 669 2146; x_wconf 85' lang='lat' dir='ltr'>et</span> <span class='ocrx_word' id='word_1_245' title='bbox 694 2111 858 2158; x_wconf 82' lang='lat' dir='ltr'>Sanguine</span> <span class='ocrx_word' id='word_1_246' title='bbox 884 2111 944 2146; x_wconf 89' lang='lat' dir='ltr'>Dei</span> <span class='ocrx_word' id='word_1_247' title='bbox 965 2119 995 2146; x_wconf 85' lang='lat' dir='ltr'>ct</span> 
     </span>
     <span class='ocr_line' id='line_1_58' title="bbox 243 2159 995 2208; baseline 0 -14"><span class='ocrx_word' id='word_1_248' title='bbox 243 2159 374 2195; x_wconf 90' lang='lat' dir='ltr'>Domini</span> <span class='ocrx_word' id='word_1_249' title='bbox 402 2159 625 2208; x_wconf 86' lang='lat' dir='ltr'>Redemptoris</span> <span class='ocrx_word' id='word_1_250' title='bbox 646 2161 743 2195; x_wconf 89' lang='lat' dir='ltr'>nostri</span> <span class='ocrx_word' id='word_1_251' title='bbox 779 2160 850 2195; x_wconf 89' lang='lat' dir='ltr'>Iesu</span> <span class='ocrx_word' id='word_1_252' title='bbox 876 2160 995 2195; x_wconf 89' lang='lat' dir='ltr'>Christi</span> 
     </span>
     <span class='ocr_line' id='line_1_59' title="bbox 243 2208 996 2257; baseline -0.001 -13"><span class='ocrx_word' id='word_1_253' title='bbox 243 2208 348 2244; x_wconf 89' lang='lat' dir='ltr'>aliena</span> <span class='ocrx_word' id='word_1_254' title='bbox 381 2209 457 2249; x_wconf 86' lang='lat' dir='ltr'>fiat,</span> <span class='ocrx_word' id='word_1_255' title='bbox 496 2217 590 2257; x_wconf 88' lang='lat' dir='ltr'>atque</span> <span class='ocrx_word' id='word_1_256' title='bbox 623 2210 654 2244; x_wconf 92' lang='lat' dir='ltr'>iu</span> <span class='ocrx_word' id='word_1_257' title='bbox 687 2217 826 2244; x_wconf 86' lang='lat' dir='ltr'>extremo</span> <span class='ocrx_word' id='word_1_258' title='bbox 852 2209 996 2244; x_wconf 80' lang='lat' dir='ltr'>examine</span> 
     </span>
     <span class='ocr_line' id='line_1_60' title="bbox 244 2257 995 2294; baseline 0 -1"><span class='ocrx_word' id='word_1_259' title='bbox 244 2257 406 2294; x_wconf 81' lang='lat' dir='ltr'>districtae</span> <span class='ocrx_word' id='word_1_260' title='bbox 429 2258 541 2293; x_wconf 90' lang='lat' dir='ltr'>ultioni</span> <span class='ocrx_word' id='word_1_261' title='bbox 556 2258 726 2293; x_wconf 89' lang='lat' dir='ltr'>subiaceat.</span> <span class='ocrx_word' id='word_1_262' title='bbox 743 2258 876 2294; x_wconf 87' lang='lat' dir='ltr'>Cunctis</span> <span class='ocrx_word' id='word_1_263' title='bbox 890 2266 995 2293; x_wconf 89' lang='lat' dir='ltr'>autem</span> 
     </span>
     <span class='ocr_line' id='line_1_61' title="bbox 244 2307 998 2355; baseline 0 -13"><span class='ocrx_word' id='word_1_264' title='bbox 244 2307 350 2342; x_wconf 86' lang='lat' dir='ltr'>eidem</span> <span class='ocrx_word' id='word_1_265' title='bbox 373 2307 443 2342; x_wconf 91' lang='lat' dir='ltr'>loco</span> <span class='ocrx_word' id='word_1_266' title='bbox 467 2307 548 2343; x_wconf 88' lang='lat' dir='ltr'>iusta</span> <span class='ocrx_word' id='word_1_267' title='bbox 570 2307 768 2342; x_wconf 76' lang='lat' dir='ltr'>servantibus</span> <span class='ocrx_word' id='word_1_268' title='bbox 788 2308 829 2342; x_wconf 89' lang='lat' dir='ltr'>sit</span> <span class='ocrx_word' id='word_1_269' title='bbox 854 2320 915 2355; x_wconf 82' lang='lat' dir='ltr'>pax</span> <span class='ocrx_word' id='word_1_270' title='bbox 935 2308 998 2342; x_wconf 92' lang='lat' dir='ltr'>Do—</span> 
     </span>
     <span class='ocr_line' id='line_1_62' title="bbox 245 2356 997 2412; baseline 0.001 -21"><span class='ocrx_word' id='word_1_271' title='bbox 245 2356 327 2391; x_wconf 92' lang='lat' dir='ltr'>mini</span> <span class='ocrx_word' id='word_1_272' title='bbox 348 2357 447 2392; x_wconf 85' lang='lat' dir='ltr'>nostri</span> <span class='ocrx_word' id='word_1_273' title='bbox 469 2357 539 2392; x_wconf 90' lang='lat' dir='ltr'>lesu</span> <span class='ocrx_word' id='word_1_274' title='bbox 561 2356 695 2398; x_wconf 84' lang='lat' dir='ltr'>Christi;</span> <span class='ocrx_word' id='word_1_275' title='bbox 722 2357 870 2412; x_wconf 87' lang='lat' dir='ltr'>quatinus</span> <span class='ocrx_word' id='word_1_276' title='bbox 896 2364 927 2392; x_wconf 92' lang='lat' dir='ltr'>et</span> <span class='ocrx_word' id='word_1_277' title='bbox 945 2356 997 2392; x_wconf 89' lang='lat' dir='ltr'>hic</span> 
     </span>
     <span class='ocr_line' id='line_1_63' title="bbox 249 2404 998 2453; baseline 0 -13"><span class='ocrx_word' id='word_1_278' title='bbox 249 2404 389 2440; x_wconf 77' lang='lat' dir='ltr'>fructum</span> <span class='ocrx_word' id='word_1_279' title='bbox 426 2405 529 2441; x_wconf 92' lang='lat' dir='ltr'>honae</span> <span class='ocrx_word' id='word_1_280' title='bbox 566 2406 698 2441; x_wconf 90' lang='lat' dir='ltr'>actionis</span> <span class='ocrx_word' id='word_1_281' title='bbox 736 2406 928 2453; x_wconf 86' lang='lat' dir='ltr'>percipiant,</span> <span class='ocrx_word' id='word_1_282' title='bbox 968 2414 998 2442; x_wconf 87' lang='lat' dir='ltr'>et</span> 
     </span>
     <span class='ocr_line' id='line_1_64' title="bbox 245 2455 998 2502; baseline 0.001 -12"><span class='ocrx_word' id='word_1_283' title='bbox 245 2455 332 2502; x_wconf 86' lang='lat' dir='ltr'>apud</span> <span class='ocrx_word' id='word_1_284' title='bbox 354 2455 532 2490; x_wconf 91' lang='lat' dir='ltr'>districtum</span> <span class='ocrx_word' id='word_1_285' title='bbox 547 2455 685 2490; x_wconf 90' lang='lat' dir='ltr'>Iudicem</span> <span class='ocrx_word' id='word_1_286' title='bbox 702 2456 840 2502; x_wconf 85' lang='lat' dir='ltr'>praemia</span> <span class='ocrx_word' id='word_1_287' title='bbox 854 2463 998 2491; x_wconf 85' lang='lat' dir='ltr'>aeternae</span> 
     </span>
     <span class='ocr_line' id='line_1_65' title="bbox 247 2503 937 2551; baseline 0.001 -13"><span class='ocrx_word' id='word_1_288' title='bbox 247 2504 525 2551; x_wconf 84' lang='lat' dir='ltr'>pacisinveniant</span> <span class='ocrx_word' id='word_1_289' title='bbox 545 2505 659 2540; x_wconf 86' lang='lat' dir='ltr'>Amen.</span> <span class='ocrx_word' id='word_1_290' title='bbox 681 2504 795 2540; x_wconf 82' lang='lat' dir='ltr'>Amen</span> <span class='ocrx_word' id='word_1_291' title='bbox 823 2503 937 2539; x_wconf 83' lang='lat' dir='ltr'>Amen.</span> 
     </span>
     <span class='ocr_line' id='line_1_66' title="bbox 295 2552 997 2601; baseline 0.001 -14"><span class='ocrx_word' id='word_1_292' title='bbox 295 2552 412 2588; x_wconf 88' lang='lat' dir='ltr'>Datum</span> <span class='ocrx_word' id='word_1_293' title='bbox 443 2554 474 2588; x_wconf 90' lang='lat' dir='ltr'>in</span> <span class='ocrx_word' id='word_1_294' title='bbox 499 2555 689 2589; x_wconf 87' lang='lat' dir='ltr'>monasterio</span> <span class='ocrx_word' id='word_1_295' title='bbox 715 2554 749 2588; x_wconf 90' lang='lat' dir='ltr'>S.</span> <span class='ocrx_word' id='word_1_296' title='bbox 772 2553 892 2599; x_wconf 65' lang='lat' dir='ltr'>AEgidii</span> <span class='ocrx_word' id='word_1_297' title='bbox 913 2554 997 2601; x_wconf 87' lang='lat' dir='ltr'>apud</span> 
     </span>
     <span class='ocr_line' id='line_1_67' title="bbox 249 2602 996 2652; baseline 0.003 -15"><span class='ocrx_word' id='word_1_298' title='bbox 249 2602 359 2638; x_wconf 80' lang='lat' dir='ltr'>vallem</span> <span class='ocrx_word' id='word_1_299' title='bbox 387 2602 568 2639; x_wconf 56' lang='lat' dir='ltr'>Fiat-ianam</span> <span class='ocrx_word' id='word_1_300' title='bbox 592 2615 648 2652; x_wconf 87' lang='lat' dir='ltr'>per</span> <span class='ocrx_word' id='word_1_301' title='bbox 662 2615 774 2639; x_wconf 86' lang='lat' dir='ltr'>manus</span> <span class='ocrx_word' id='word_1_302' title='bbox 787 2603 937 2639; x_wconf 76' lang='lat' dir='ltr'>Iohannis</span> <span class='ocrx_word' id='word_1_303' title='bbox 962 2603 996 2640; x_wconf 92' lang='lat' dir='ltr'>S.</span> 
     </span>
    </p>
   </div>
   <div class='ocr_carea' id='block_1_11' title="bbox 1039 292 1791 526">
    <p class='ocr_par' dir='ltr' id='par_1_11' title="bbox 1040 292 1791 330">
     <span class='ocr_line' id='line_1_68' title="bbox 1040 292 1791 330; baseline 0.005 -4"><span class='ocrx_word' id='word_1_304' title='bbox 1040 292 1202 327; x_wconf 83' lang='lat' dir='ltr'>Romanae</span> <span class='ocrx_word' id='word_1_305' title='bbox 1249 293 1408 328; x_wconf 81' lang='lat' dir='ltr'>Ecclesiae</span> <span class='ocrx_word' id='word_1_306' title='bbox 1455 293 1579 329; x_wconf 89' lang='lat' dir='ltr'>diaconi</span> <span class='ocrx_word' id='word_1_307' title='bbox 1623 295 1791 330; x_wconf 87' lang='lat' dir='ltr'>cardinalis</span> 
     </span>
    </p>

    <p class='ocr_par' dir='ltr' id='par_1_12' title="bbox 1041 341 1790 390">
     <span class='ocr_line' id='line_1_69' title="bbox 1041 341 1790 390; baseline 0.008 -16"><span class='ocrx_word' id='word_1_308' title='bbox 1041 341 1166 376; x_wconf 79' lang='lat' dir='ltr'>decimo</span> <span class='ocrx_word' id='word_1_309' title='bbox 1197 352 1308 388; x_wconf 74' lang='lat' dir='ltr'>quanto</span> <span class='ocrx_word' id='word_1_310' title='bbox 1344 343 1403 377; x_wconf 79' lang='lat' dir='ltr'>kal</span> <span class='ocrx_word' id='word_1_311' title='bbox 1438 355 1486 378; x_wconf 90' lang='lat' dir='ltr'>au</span> <span class='ocrx_word' id='word_1_312' title='bbox 1479 344 1583 390; x_wconf 62' lang='lat' dir='ltr'>gusti,</span> <span class='ocrx_word' id='word_1_313' title='bbox 1616 344 1790 380; x_wconf 88' lang='lat' dir='ltr'>indictione</span> 
     </span>
    </p>

    <p class='ocr_par' dir='ltr' id='par_1_13' title="bbox 1040 392 1790 436">
     <span class='ocr_line' id='line_1_70' title="bbox 1040 392 1790 436; baseline 0.007 -12"><span class='ocrx_word' id='word_1_314' title='bbox 1040 400 1171 436; x_wconf 79' lang='lat' dir='ltr'>qun-ta,</span> <span class='ocrx_word' id='word_1_315' title='bbox 1218 392 1441 427; x_wconf 81' lang='lat' dir='ltr'>iucainationis</span> <span class='ocrx_word' id='word_1_316' title='bbox 1488 393 1666 429; x_wconf 86' lang='lat' dir='ltr'>dominicae</span> <span class='ocrx_word' id='word_1_317' title='bbox 1707 406 1790 429; x_wconf 86' lang='lat' dir='ltr'>anno</span> 
     </span>
    </p>

    <p class='ocr_par' dir='ltr' id='par_1_14' title="bbox 1039 440 1790 526">
     <span class='ocr_line' id='line_1_71' title="bbox 1039 440 1790 526; baseline 0.009 -54"><span class='ocrx_word' id='word_1_318' title='bbox 1039 451 1179 526; x_wconf 50' lang='grc' dir='ltr'>ἰξῖονιι,</span> <span class='ocrx_word' id='word_1_319' title='bbox 1180 440 1379 487; x_wconf 82' lang='lat' dir='ltr'>pontificatus</span> <span class='ocrx_word' id='word_1_320' title='bbox 1401 441 1508 477; x_wconf 88' lang='lat' dir='ltr'>domni</span> <span class='ocrx_word' id='word_1_321' title='bbox 1526 441 1642 478; x_wconf 83' lang='lat' dir='ltr'>Urbani</span> <span class='ocrx_word' id='word_1_322' title='bbox 1658 443 1790 479; x_wconf 87' lang='lat' dir='ltr'>secundi</span> 
     </span>
     <span class='ocr_line' id='line_1_72' title="bbox 1082 489 1092 508; baseline 0 0"><span class='ocrx_word' id='word_1_323' title='bbox 1082 489 1092 508; x_wconf 83' lang='lat'><strong>)</strong></span> 
     </span>
    </p>
   </div>
   <div class='ocr_carea' id='block_1_12' title="bbox 1116 544 1714 625">
    <p class='ocr_par' dir='ltr' id='par_1_15' title="bbox 1116 544 1714 625">
     <span class='ocr_line' id='line_1_73' title="bbox 1116 544 1714 587; baseline 0.012 -13"><span class='ocrx_word' id='word_1_324' title='bbox 1116 544 1176 575; x_wconf 79' lang='lat' dir='ltr'>Dat.</span> <span class='ocrx_word' id='word_1_325' title='bbox 1195 545 1242 576; x_wconf 87' lang='lat' dir='ltr'>die</span> <span class='ocrx_word' id='word_1_326' title='bbox 1265 546 1298 576; x_wconf 72' lang='lat' dir='ltr'>ta</span> <span class='ocrx_word' id='word_1_327' title='bbox 1317 546 1379 576; x_wconf 87' lang='lat' dir='ltr'>iulii</span> <span class='ocrx_word' id='word_1_328' title='bbox 1398 557 1474 577; x_wconf 90' lang='lat' dir='ltr'>anno</span> <span class='ocrx_word' id='word_1_329' title='bbox 1493 546 1607 579; x_wconf 88' lang='lat' dir='ltr'>Domini</span> <span class='ocrx_word' id='word_1_330' title='bbox 1628 549 1714 587; x_wconf 77' lang='lat'>1096,</span> 
     </span>
     <span class='ocr_line' id='line_1_74' title="bbox 1285 586 1536 625; baseline 0.004 -9"><span class='ocrx_word' id='word_1_331' title='bbox 1285 586 1386 625; x_wconf 81' lang='lat' dir='ltr'>pontif</span> <span class='ocrx_word' id='word_1_332' title='bbox 1406 596 1481 617; x_wconf 90' lang='lat' dir='ltr'>anno</span> <span class='ocrx_word' id='word_1_333' title='bbox 1501 596 1536 617; x_wconf 86' lang='lat' dir='ltr'>tx.</span> 
     </span>
    </p>
   </div>
   <div class='ocr_carea' id='block_1_13' title="bbox 1337 655 1484 662">
    <p class='ocr_par' dir='ltr' id='par_1_16' title="bbox 1337 655 1484 662">
     <span class='ocr_line' id='line_1_75' title="bbox 1337 655 1484 662; baseline 0 0"><span class='ocrx_word' id='word_1_334' title='bbox 1337 655 1484 662; x_wconf 95' lang='lat' dir='ltr'> </span> 
     </span>
    </p>
   </div>
   <div class='ocr_carea' id='block_1_14' title="bbox 1037 788 1787 883">
    <p class='ocr_par' dir='ltr' id='par_1_17' title="bbox 1037 788 1787 883">
     <span class='ocr_line' id='line_1_76' title="bbox 1037 788 1787 831; baseline 0.005 -10"><span class='ocrx_word' id='word_1_335' title='bbox 1037 788 1228 831; x_wconf 68' lang='lat' dir='ltr'>Confiimata</span> <span class='ocrx_word' id='word_1_336' title='bbox 1264 790 1296 822; x_wconf 67' lang='lat' dir='ltr'>in</span> <span class='ocrx_word' id='word_1_337' title='bbox 1334 791 1462 824; x_wconf 72' lang='lat' dir='ltr'>conci&#39;lzo</span> <span class='ocrx_word' id='word_1_338' title='bbox 1491 791 1694 825; x_wconf 74' lang='lat' dir='ltr'>Nemausensi</span> <span class='ocrx_word' id='word_1_339' title='bbox 1729 793 1787 825; x_wconf 82' lang='lat' dir='ltr'>do-</span> 
     </span>
     <span class='ocr_line' id='line_1_77' title="bbox 1085 839 1784 883; baseline 0.007 -14"><span class='ocrx_word' id='word_1_340' title='bbox 1085 852 1164 871; x_wconf 80' lang='grc' dir='ltr'>ιιιιιι.</span> <span class='ocrx_word' id='word_1_341' title='bbox 1164 853 1206 871; x_wconf 94' lang='grc' dir='ltr'>ιιι</span> <span class='ocrx_word' id='word_1_342' title='bbox 1235 839 1416 882; x_wconf 71' lang='lat' dir='ltr'>Ruymundc&#39;</span> <span class='ocrx_word' id='word_1_343' title='bbox 1446 847 1564 873; x_wconf 71' lang='lat' dir='ltr'>comitis</span> <span class='ocrx_word' id='word_1_344' title='bbox 1596 840 1784 883; x_wconf 81' lang='lat' dir='ltr'>Tholosani,</span> 
     </span>
    </p>
   </div>
   <div class='ocr_carea' id='block_1_15' title="bbox 1084 889 1784 980">
    <p class='ocr_par' dir='ltr' id='par_1_18' title="bbox 1084 889 1784 980">
     <span class='ocr_line' id='line_1_78' title="bbox 1084 889 1784 933; baseline 0.009 -15"><span class='ocrx_word' id='word_1_345' title='bbox 1084 889 1301 920; x_wconf 62' lang='lat' dir='ltr'>winmusterium</span> <span class='ocrx_word' id='word_1_346' title='bbox 1324 890 1359 922; x_wconf 77' lang='lat' dir='ltr'>S.</span> <span class='ocrx_word' id='word_1_347' title='bbox 1383 890 1512 933; x_wconf 69' lang='lat' dir='ltr'>AEyidii</span> <span class='ocrx_word' id='word_1_348' title='bbox 1532 890 1673 924; x_wconf 73' lang='lat' dir='ltr'>subditur</span> <span class='ocrx_word' id='word_1_349' title='bbox 1693 890 1727 923; x_wconf 81' lang='lat' dir='ltr'>S.</span> <span class='ocrx_word' id='word_1_350' title='bbox 1745 890 1784 923; x_wconf 84' lang='lat' dir='ltr'>R.</span> 
     </span>
     <span class='ocr_line' id='line_1_79' title="bbox 1086 936 1328 980; baseline 0.008 -12"><span class='ocrx_word' id='word_1_351' title='bbox 1086 936 1239 970; x_wconf 73' lang='lat' dir='ltr'>Ecclesiae</span> <span class='ocrx_word' id='word_1_352' title='bbox 1267 939 1328 980; x_wconf 81' lang='lat' dir='ltr'><em>(l).</em></span> 
     </span>
    </p>
   </div>
   <div class='ocr_carea' id='block_1_16' title="bbox 1034 1006 1782 1147">
    <p class='ocr_par' dir='ltr' id='par_1_19' title="bbox 1034 1006 1782 1147">
     <span class='ocr_line' id='line_1_80' title="bbox 1301 1006 1514 1037; baseline 0 -1"><span class='ocrx_word' id='word_1_353' title='bbox 1301 1006 1514 1037; x_wconf 64' lang='lat' dir='ltr'>SUMMARIUM</span> 
     </span>
     <span class='ocr_line' id='line_1_81' title="bbox 1034 1070 1782 1112; baseline 0.004 -12"><span class='ocrx_word' id='word_1_354' title='bbox 1034 1070 1379 1102; x_wconf 73' lang='lat' dir='ltr'>Exordium—Donatio</span> <span class='ocrx_word' id='word_1_355' title='bbox 1397 1072 1559 1111; x_wconf 67' lang='lat' dir='ltr'>Raymuudi</span> <span class='ocrx_word' id='word_1_356' title='bbox 1576 1073 1692 1102; x_wconf 90' lang='lat' dir='ltr'>comitis</span> <span class='ocrx_word' id='word_1_357' title='bbox 1709 1082 1782 1112; x_wconf 88' lang='lat' dir='ltr'>qua-</span> 
     </span>
     <span class='ocr_line' id='line_1_82' title="bbox 1072 1115 1781 1147; baseline 0.003 -2"><span class='ocrx_word' id='word_1_358' title='bbox 1072 1115 1118 1145; x_wconf 84' lang='lat' dir='ltr'>lis.</span> <span class='ocrx_word' id='word_1_359' title='bbox 1140 1133 1178 1138; x_wconf 92' lang='lat'>—-</span> <span class='ocrx_word' id='word_1_360' title='bbox 1196 1116 1226 1146; x_wconf 90' lang='lat' dir='ltr'>ln</span> <span class='ocrx_word' id='word_1_361' title='bbox 1246 1117 1371 1146; x_wconf 88' lang='lat' dir='ltr'>concilio</span> <span class='ocrx_word' id='word_1_362' title='bbox 1390 1116 1584 1147; x_wconf 80' lang='lat' dir='ltr'>Nemausensi</span> <span class='ocrx_word' id='word_1_363' title='bbox 1600 1118 1781 1147; x_wconf 79' lang='lat' dir='ltr'>confirmata.</span> 
     </span>
    </p>
   </div>
   <div class='ocr_carea' id='block_1_17' title="bbox 1071 1160 1781 1323">
    <p class='ocr_par' dir='ltr' id='par_1_20' title="bbox 1071 1160 1781 1323">
     <span class='ocr_line' id='line_1_83' title="bbox 1071 1160 1780 1191; baseline 0.001 -2"><span class='ocrx_word' id='word_1_364' title='bbox 1071 1177 1111 1183; x_wconf 91' lang='lat'>—-</span> <span class='ocrx_word' id='word_1_365' title='bbox 1127 1160 1196 1190; x_wconf 90' lang='lat' dir='ltr'>Lato</span> <span class='ocrx_word' id='word_1_366' title='bbox 1214 1162 1398 1190; x_wconf 83' lang='lat' dir='ltr'>anathemate</span> <span class='ocrx_word' id='word_1_367' title='bbox 1421 1166 1518 1190; x_wconf 85' lang='lat' dir='ltr'>contra</span> <span class='ocrx_word' id='word_1_368' title='bbox 1547 1160 1780 1191; x_wconf 83' lang='lat' dir='ltr'>inobservantes.</span> 
     </span>
     <span class='ocr_line' id='line_1_84' title="bbox 1071 1204 1781 1244; baseline 0 -10"><span class='ocrx_word' id='word_1_369' title='bbox 1071 1221 1111 1227; x_wconf 89' lang='lat'>—</span> <span class='ocrx_word' id='word_1_370' title='bbox 1127 1204 1247 1234; x_wconf 79' lang='lat' dir='ltr'>Mouast.</span> <span class='ocrx_word' id='word_1_371' title='bbox 1266 1206 1363 1244; x_wconf 85' lang='lat' dir='ltr'>ipsum</span> <span class='ocrx_word' id='word_1_372' title='bbox 1387 1205 1422 1235; x_wconf 89' lang='lat' dir='ltr'>ab</span> <span class='ocrx_word' id='word_1_373' title='bbox 1439 1205 1516 1234; x_wconf 89' lang='lat' dir='ltr'>omni</span> <span class='ocrx_word' id='word_1_374' title='bbox 1535 1205 1696 1244; x_wconf 86' lang='lat' dir='ltr'>episcopali</span> <span class='ocrx_word' id='word_1_375' title='bbox 1717 1205 1781 1234; x_wconf 89' lang='lat' dir='ltr'>iure</span> 
     </span>
     <span class='ocr_line' id='line_1_85' title="bbox 1073 1248 1777 1289; baseline -0.001 -10"><span class='ocrx_word' id='word_1_376' title='bbox 1073 1254 1248 1289; x_wconf 83' lang='lat' dir='ltr'>exemptum,</span> <span class='ocrx_word' id='word_1_377' title='bbox 1267 1267 1306 1272; x_wconf 98' lang='lat'><strong>—</strong></span> <span class='ocrx_word' id='word_1_378' title='bbox 1327 1250 1389 1279; x_wconf 82' lang='lat' dir='ltr'>Soli</span> <span class='ocrx_word' id='word_1_379' title='bbox 1408 1249 1483 1279; x_wconf 59' lang='lat' dir='ltr'>RE.</span> <span class='ocrx_word' id='word_1_380' title='bbox 1496 1249 1642 1279; x_wconf 86' lang='lat' dir='ltr'>subditur.</span> <span class='ocrx_word' id='word_1_381' title='bbox 1662 1265 1701 1272; x_wconf 95' lang='lat'>—</span> <span class='ocrx_word' id='word_1_382' title='bbox 1719 1248 1777 1279; x_wconf 88' lang='lat' dir='ltr'>So-</span> 
     </span>
     <span class='ocr_line' id='line_1_86' title="bbox 1072 1293 1318 1323; baseline -0.004 0"><span class='ocrx_word' id='word_1_383' title='bbox 1072 1294 1140 1323; x_wconf 85' lang='lat' dir='ltr'>litae</span> <span class='ocrx_word' id='word_1_384' title='bbox 1159 1293 1318 1323; x_wconf 85' lang='lat' dir='ltr'>clausulae.</span> 
     </span>
    </p>
   </div>
   <div class='ocr_carea' id='block_1_18' title="bbox 1104 1359 1716 1396">
    <p class='ocr_par' dir='ltr' id='par_1_21' title="bbox 1104 1359 1716 1396">
     <span class='ocr_line' id='line_1_87' title="bbox 1104 1359 1716 1396; baseline 0 -8"><span class='ocrx_word' id='word_1_385' title='bbox 1104 1360 1225 1389; x_wconf 84' lang='lat' dir='ltr'>Urbanus</span> <span class='ocrx_word' id='word_1_386' title='bbox 1244 1360 1383 1396; x_wconf 81' lang='lat' dir='ltr'>episcopus</span> <span class='ocrx_word' id='word_1_387' title='bbox 1405 1367 1499 1388; x_wconf 83' lang='lat' dir='ltr'>servus</span> <span class='ocrx_word' id='word_1_388' title='bbox 1518 1366 1656 1388; x_wconf 86' lang='lat' dir='ltr'>servorum</span> <span class='ocrx_word' id='word_1_389' title='bbox 1671 1359 1716 1388; x_wconf 79' lang='lat' dir='ltr'>Dei</span> 
     </span>
    </p>
   </div>
   <div class='ocr_carea' id='block_1_19' title="bbox 1032 1422 1785 2601">
    <p class='ocr_par' dir='ltr' id='par_1_22' title="bbox 1032 1422 1785 2601">
     <span class='ocr_line' id='line_1_88' title="bbox 1081 1422 1783 1470; baseline -0.001 -12"><span class='ocrx_word' id='word_1_390' title='bbox 1081 1423 1172 1458; x_wconf 85' lang='lat' dir='ltr'>Sicut</span> <span class='ocrx_word' id='word_1_391' title='bbox 1206 1424 1320 1457; x_wconf 88' lang='lat' dir='ltr'>iniusta</span> <span class='ocrx_word' id='word_1_392' title='bbox 1361 1422 1565 1470; x_wconf 90' lang='lat' dir='ltr'>poscentibus</span> <span class='ocrx_word' id='word_1_393' title='bbox 1598 1422 1704 1457; x_wconf 92' lang='lat' dir='ltr'>nullus</span> <span class='ocrx_word' id='word_1_394' title='bbox 1737 1432 1783 1458; x_wconf 89' lang='lat' dir='ltr'>est</span> 
     </span>
     <span class='ocr_line' id='line_1_89' title="bbox 1032 1472 1783 1518; baseline 0 -11"><span class='ocrx_word' id='word_1_395' title='bbox 1032 1473 1219 1507; x_wconf 88' lang='lat' dir='ltr'>tribuendus</span> <span class='ocrx_word' id='word_1_396' title='bbox 1244 1472 1395 1515; x_wconf 79' lang='lat' dir='ltr'>effectus,</span> <span class='ocrx_word' id='word_1_397' title='bbox 1427 1472 1471 1506; x_wconf 89' lang='lat' dir='ltr'>sic</span> <span class='ocrx_word' id='word_1_398' title='bbox 1497 1472 1634 1518; x_wconf 82' lang='lat' dir='ltr'>legitima</span> <span class='ocrx_word' id='word_1_399' title='bbox 1657 1472 1783 1507; x_wconf 90' lang='lat' dir='ltr'>deside-</span> 
     </span>
     <span class='ocr_line' id='line_1_90' title="bbox 1033 1520 1781 1567; baseline 0 -11"><span class='ocrx_word' id='word_1_400' title='bbox 1033 1522 1168 1556; x_wconf 86' lang='lat' dir='ltr'>rantium</span> <span class='ocrx_word' id='word_1_401' title='bbox 1188 1534 1250 1556; x_wconf 92' lang='lat' dir='ltr'>non</span> <span class='ocrx_word' id='word_1_402' title='bbox 1266 1530 1313 1556; x_wconf 86' lang='lat' dir='ltr'>est</span> <span class='ocrx_word' id='word_1_403' title='bbox 1334 1521 1506 1556; x_wconf 81' lang='lat' dir='ltr'>differenda</span> <span class='ocrx_word' id='word_1_404' title='bbox 1523 1521 1641 1567; x_wconf 80' lang='lat' dir='ltr'>petitio.</span> <span class='ocrx_word' id='word_1_405' title='bbox 1665 1520 1781 1556; x_wconf 90' lang='lat' dir='ltr'>Comes</span> 
     </span>
     <span class='ocr_line' id='line_1_91' title="bbox 1034 1569 1780 1614; baseline -0.001 -9"><span class='ocrx_word' id='word_1_406' title='bbox 1034 1571 1182 1606; x_wconf 89' lang='lat' dir='ltr'>nimirum</span> <span class='ocrx_word' id='word_1_407' title='bbox 1198 1571 1450 1606; x_wconf 90' lang='lat' dir='ltr'>Tholosanorum</span> <span class='ocrx_word' id='word_1_408' title='bbox 1465 1582 1500 1604; x_wconf 88' lang='lat' dir='ltr'>ac</span> <span class='ocrx_word' id='word_1_409' title='bbox 1514 1569 1780 1614; x_wconf 89' lang='lat' dir='ltr'>Ruthenensium,</span> 
     </span>
     <span class='ocr_line' id='line_1_92' title="bbox 1033 1619 1783 1667; baseline -0.001 -13"><span class='ocrx_word' id='word_1_410' title='bbox 1033 1629 1063 1655; x_wconf 90' lang='lat' dir='ltr'>et</span> <span class='ocrx_word' id='word_1_411' title='bbox 1086 1621 1227 1655; x_wconf 90' lang='lat' dir='ltr'>marchio</span> <span class='ocrx_word' id='word_1_412' title='bbox 1257 1620 1447 1667; x_wconf 87' lang='lat' dir='ltr'>provinciae,</span> <span class='ocrx_word' id='word_1_413' title='bbox 1481 1619 1695 1664; x_wconf 86' lang='lat' dir='ltr'>Raimundus,</span> <span class='ocrx_word' id='word_1_414' title='bbox 1725 1632 1783 1666; x_wconf 84' lang='lat' dir='ltr'>po—</span> 
     </span>
     <span class='ocr_line' id='line_1_93' title="bbox 1033 1667 1783 1716; baseline 0 -12"><span class='ocrx_word' id='word_1_415' title='bbox 1033 1678 1171 1704; x_wconf 89' lang='lat' dir='ltr'>tentatus</span> <span class='ocrx_word' id='word_1_416' title='bbox 1204 1670 1253 1704; x_wconf 87' lang='lat' dir='ltr'>sui</span> <span class='ocrx_word' id='word_1_417' title='bbox 1282 1678 1399 1716; x_wconf 85' lang='lat' dir='ltr'>partem</span> <span class='ocrx_word' id='word_1_418' title='bbox 1422 1681 1438 1704; x_wconf 90' lang='lat' dir='ltr'>a</span> <span class='ocrx_word' id='word_1_419' title='bbox 1464 1667 1608 1703; x_wconf 82' lang='lat' dir='ltr'>Romana</span> <span class='ocrx_word' id='word_1_420' title='bbox 1640 1668 1783 1704; x_wconf 83' lang='lat' dir='ltr'>Ecclesia</span> 
     </span>
     <span class='ocr_line' id='line_1_94' title="bbox 1034 1717 1782 1764; baseline 0 -11"><span class='ocrx_word' id='word_1_421' title='bbox 1034 1719 1191 1760; x_wconf 85' lang='lat' dir='ltr'>detinens,</span> <span class='ocrx_word' id='word_1_422' title='bbox 1214 1719 1350 1754; x_wconf 90' lang='lat' dir='ltr'>honores</span> <span class='ocrx_word' id='word_1_423' title='bbox 1372 1730 1482 1753; x_wconf 90' lang='lat' dir='ltr'>omnes</span> <span class='ocrx_word' id='word_1_424' title='bbox 1503 1717 1542 1752; x_wconf 90' lang='lat' dir='ltr'>ad</span> <span class='ocrx_word' id='word_1_425' title='bbox 1564 1718 1602 1752; x_wconf 91' lang='lat' dir='ltr'>B.</span> <span class='ocrx_word' id='word_1_426' title='bbox 1618 1717 1782 1764; x_wconf 75' lang='lat' dir='ltr'>AEgidium</span> 
     </span>
     <span class='ocr_line' id='line_1_95' title="bbox 1035 1766 1782 1814; baseline -0.003 -11"><span class='ocrx_word' id='word_1_427' title='bbox 1035 1769 1243 1814; x_wconf 85' lang='lat' dir='ltr'>pertinentes,</span> <span class='ocrx_word' id='word_1_428' title='bbox 1271 1776 1334 1803; x_wconf 87' lang='lat' dir='ltr'>tam</span> <span class='ocrx_word' id='word_1_429' title='bbox 1357 1767 1388 1802; x_wconf 93' lang='lat' dir='ltr'>in</span> <span class='ocrx_word' id='word_1_430' title='bbox 1415 1767 1496 1802; x_wconf 83' lang='lat' dir='ltr'>valle</span> <span class='ocrx_word' id='word_1_431' title='bbox 1517 1766 1664 1802; x_wconf 89' lang='lat' dir='ltr'>Flaviana</span> <span class='ocrx_word' id='word_1_432' title='bbox 1687 1779 1782 1814; x_wconf 86' lang='lat' dir='ltr'>quam</span> 
     </span>
     <span class='ocr_line' id='line_1_96' title="bbox 1035 1816 1783 1864; baseline -0.001 -13"><span class='ocrx_word' id='word_1_433' title='bbox 1035 1818 1067 1852; x_wconf 91' lang='lat' dir='ltr'>in</span> <span class='ocrx_word' id='word_1_434' title='bbox 1088 1817 1286 1861; x_wconf 72' lang='lat' dir='ltr'>extrinsecis,</span> <span class='ocrx_word' id='word_1_435' title='bbox 1313 1816 1466 1864; x_wconf 76' lang='lat' dir='ltr'>quicquid</span> <span class='ocrx_word' id='word_1_436' title='bbox 1489 1816 1568 1851; x_wconf 88' lang='lat' dir='ltr'>iuste</span> <span class='ocrx_word' id='word_1_437' title='bbox 1584 1817 1649 1851; x_wconf 91' lang='lat' dir='ltr'>sive</span> <span class='ocrx_word' id='word_1_438' title='bbox 1669 1816 1783 1851; x_wconf 90' lang='lat' dir='ltr'>iniuste</span> 
     </span>
     <span class='ocr_line' id='line_1_97' title="bbox 1034 1865 1783 1912; baseline -0.003 -11"><span class='ocrx_word' id='word_1_439' title='bbox 1034 1867 1197 1902; x_wconf 86' lang='lat' dir='ltr'>videbatur</span> <span class='ocrx_word' id='word_1_440' title='bbox 1219 1875 1338 1907; x_wconf 87' lang='lat' dir='ltr'>tenere,</span> <span class='ocrx_word' id='word_1_441' title='bbox 1364 1878 1477 1901; x_wconf 87' lang='lat' dir='ltr'>omnes</span> <span class='ocrx_word' id='word_1_442' title='bbox 1498 1874 1598 1900; x_wconf 86' lang='lat' dir='ltr'>rectas</span> <span class='ocrx_word' id='word_1_443' title='bbox 1624 1865 1689 1900; x_wconf 87' lang='lat' dir='ltr'>sive</span> <span class='ocrx_word' id='word_1_444' title='bbox 1712 1878 1783 1912; x_wconf 87' lang='lat' dir='ltr'>pra-</span> 
     </span>
     <span class='ocr_line' id='line_1_98' title="bbox 1034 1915 1783 1962; baseline -0.001 -13"><span class='ocrx_word' id='word_1_445' title='bbox 1034 1928 1088 1951; x_wconf 65' lang='lat' dir='ltr'>vas</span> <span class='ocrx_word' id='word_1_446' title='bbox 1119 1916 1382 1960; x_wconf 86' lang='lat' dir='ltr'>consuetudines,</span> <span class='ocrx_word' id='word_1_447' title='bbox 1409 1927 1488 1962; x_wconf 91' lang='lat' dir='ltr'>quas</span> <span class='ocrx_word' id='word_1_448' title='bbox 1518 1915 1617 1962; x_wconf 87' lang='lat' dir='ltr'>ipsius</span> <span class='ocrx_word' id='word_1_449' title='bbox 1638 1922 1783 1949; x_wconf 89' lang='lat' dir='ltr'>anteces-</span> 
     </span>
     <span class='ocr_line' id='line_1_99' title="bbox 1035 1963 1782 2010; baseline -0.004 -10"><span class='ocrx_word' id='word_1_450' title='bbox 1035 1978 1132 2010; x_wconf 80' lang='lat' dir='ltr'>soreS,</span> <span class='ocrx_word' id='word_1_451' title='bbox 1163 1974 1217 2000; x_wconf 90' lang='lat' dir='ltr'>aut</span> <span class='ocrx_word' id='word_1_452' title='bbox 1250 1966 1317 2010; x_wconf 86' lang='lat' dir='ltr'>ipse</span> <span class='ocrx_word' id='word_1_453' title='bbox 1344 1964 1536 2005; x_wconf 86' lang='lat' dir='ltr'>habuerant,</span> <span class='ocrx_word' id='word_1_454' title='bbox 1563 1964 1603 1999; x_wconf 91' lang='lat' dir='ltr'>ob</span> <span class='ocrx_word' id='word_1_455' title='bbox 1630 1963 1782 1998; x_wconf 88' lang='lat' dir='ltr'>honorem</span> 
     </span>
     <span class='ocr_line' id='line_1_100' title="bbox 1035 2013 1780 2060; baseline -0.003 -12"><span class='ocrx_word' id='word_1_456' title='bbox 1035 2014 1105 2059; x_wconf 91' lang='lat' dir='ltr'>Dei,</span> <span class='ocrx_word' id='word_1_457' title='bbox 1127 2022 1157 2050; x_wconf 89' lang='lat' dir='ltr'>et</span> <span class='ocrx_word' id='word_1_458' title='bbox 1174 2015 1211 2049; x_wconf 85' lang='lat' dir='ltr'>B.</span> <span class='ocrx_word' id='word_1_459' title='bbox 1230 2014 1354 2060; x_wconf 81' lang='lat' dir='ltr'>AEgidii</span> <span class='ocrx_word' id='word_1_460' title='bbox 1376 2014 1580 2049; x_wconf 87' lang='lat' dir='ltr'>reverentiam</span> <span class='ocrx_word' id='word_1_461' title='bbox 1603 2013 1780 2059; x_wconf 87' lang='lat' dir='ltr'>dereliquit.</span> 
     </span>
     <span class='ocr_line' id='line_1_101' title="bbox 1035 2062 1780 2109; baseline -0.004 -11"><span class='ocrx_word' id='word_1_462' title='bbox 1035 2063 1137 2105; x_wconf 88' lang='lat' dir='ltr'>Quam</span> <span class='ocrx_word' id='word_1_463' title='bbox 1161 2064 1306 2098; x_wconf 89' lang='lat' dir='ltr'>videlicet</span> <span class='ocrx_word' id='word_1_464' title='bbox 1331 2062 1514 2098; x_wconf 84' lang='lat' dir='ltr'>missionem</span> <span class='ocrx_word' id='word_1_465' title='bbox 1541 2062 1624 2109; x_wconf 90' lang='lat' dir='ltr'>apud</span> <span class='ocrx_word' id='word_1_466' title='bbox 1647 2062 1780 2096; x_wconf 87' lang='lat' dir='ltr'>Nemau-</span> 
     </span>
     <span class='ocr_line' id='line_1_102' title="bbox 1036 2111 1782 2153; baseline -0.005 -5"><span class='ocrx_word' id='word_1_467' title='bbox 1036 2125 1127 2148; x_wconf 87' lang='lat' dir='ltr'>sense</span> <span class='ocrx_word' id='word_1_468' title='bbox 1148 2113 1331 2153; x_wconf 83' lang='lat' dir='ltr'>concihum,</span> <span class='ocrx_word' id='word_1_469' title='bbox 1358 2113 1463 2147; x_wconf 90' lang='lat' dir='ltr'>iurans</span> <span class='ocrx_word' id='word_1_470' title='bbox 1490 2111 1522 2146; x_wconf 90' lang='lat' dir='ltr'>in</span> <span class='ocrx_word' id='word_1_471' title='bbox 1544 2123 1640 2146; x_wconf 90' lang='lat' dir='ltr'>manu</span> <span class='ocrx_word' id='word_1_472' title='bbox 1666 2116 1782 2150; x_wconf 82' lang='lat' dir='ltr'>nostra,</span> 
     </span>
     <span class='ocr_line' id='line_1_103' title="bbox 1036 2159 1782 2203; baseline -0.004 -7"><span class='ocrx_word' id='word_1_473' title='bbox 1036 2161 1164 2196; x_wconf 87' lang='lat' dir='ltr'>Odiloni</span> <span class='ocrx_word' id='word_1_474' title='bbox 1192 2162 1297 2197; x_wconf 89' lang='lat' dir='ltr'>abbati</span> <span class='ocrx_word' id='word_1_475' title='bbox 1319 2170 1349 2197; x_wconf 89' lang='lat' dir='ltr'>et</span> <span class='ocrx_word' id='word_1_476' title='bbox 1370 2161 1439 2196; x_wconf 90' lang='lat' dir='ltr'>eius</span> <span class='ocrx_word' id='word_1_477' title='bbox 1465 2160 1612 2195; x_wconf 85' lang='lat' dir='ltr'>fratribus</span> <span class='ocrx_word' id='word_1_478' title='bbox 1633 2160 1722 2203; x_wconf 87' lang='lat' dir='ltr'>fecit,</span> <span class='ocrx_word' id='word_1_479' title='bbox 1750 2159 1782 2194; x_wconf 88' lang='lat' dir='ltr'>in</span> 
     </span>
     <span class='ocr_line' id='line_1_104' title="bbox 1036 2209 1782 2265; baseline -0.003 -21"><span class='ocrx_word' id='word_1_480' title='bbox 1036 2210 1352 2265; x_wconf 53' lang='lat' dir='ltr'>Hierosolymitanam</span> <span class='ocrx_word' id='word_1_481' title='bbox 1391 2209 1623 2257; x_wconf 78' lang='lat' dir='ltr'>expeditionem</span> <span class='ocrx_word' id='word_1_482' title='bbox 1660 2209 1782 2263; x_wconf 82' lang='lat' dir='ltr'>iturus,</span> 
     </span>
     <span class='ocr_line' id='line_1_105' title="bbox 1037 2257 1783 2306; baseline -0.004 -12"><span class='ocrx_word' id='word_1_483' title='bbox 1037 2272 1134 2306; x_wconf 88' lang='lat' dir='ltr'>seque</span> <span class='ocrx_word' id='word_1_484' title='bbox 1156 2268 1186 2294; x_wconf 91' lang='lat' dir='ltr'>et</span> <span class='ocrx_word' id='word_1_485' title='bbox 1216 2272 1383 2295; x_wconf 81' lang='lat' dir='ltr'>universos</span> <span class='ocrx_word' id='word_1_486' title='bbox 1415 2270 1614 2294; x_wconf 85' lang='lat' dir='ltr'>successoics</span> <span class='ocrx_word' id='word_1_487' title='bbox 1636 2270 1722 2298; x_wconf 86' lang='lat' dir='ltr'>suos,</span> <span class='ocrx_word' id='word_1_488' title='bbox 1756 2257 1783 2291; x_wconf 89' lang='lat' dir='ltr'>si</span> 
     </span>
     <span class='ocr_line' id='line_1_106' title="bbox 1037 2307 1784 2354; baseline -0.004 -11"><span class='ocrx_word' id='word_1_489' title='bbox 1037 2309 1116 2344; x_wconf 85' lang='lat' dir='ltr'>forte</span> <span class='ocrx_word' id='word_1_490' title='bbox 1137 2309 1197 2344; x_wconf 92' lang='lat' dir='ltr'>hoc</span> <span class='ocrx_word' id='word_1_491' title='bbox 1219 2308 1337 2343; x_wconf 91' lang='lat' dir='ltr'>donum</span> <span class='ocrx_word' id='word_1_492' title='bbox 1355 2309 1476 2343; x_wconf 90' lang='lat' dir='ltr'>irritum</span> <span class='ocrx_word' id='word_1_493' title='bbox 1498 2307 1599 2342; x_wconf 84' lang='lat' dir='ltr'>facere</span> <span class='ocrx_word' id='word_1_494' title='bbox 1622 2314 1784 2354; x_wconf 87' lang='lat' dir='ltr'>pertenta-</span> 
     </span>
     <span class='ocr_line' id='line_1_107' title="bbox 1038 2356 1784 2404; baseline -0.003 -12"><span class='ocrx_word' id='word_1_495' title='bbox 1038 2366 1118 2399; x_wconf 90' lang='lat' dir='ltr'>rent,</span> <span class='ocrx_word' id='word_1_496' title='bbox 1140 2357 1224 2404; x_wconf 92' lang='lat' dir='ltr'>quod</span> <span class='ocrx_word' id='word_1_497' title='bbox 1242 2357 1280 2392; x_wconf 88' lang='lat' dir='ltr'>ad</span> <span class='ocrx_word' id='word_1_498' title='bbox 1303 2369 1336 2392; x_wconf 89' lang='lat' dir='ltr'>se</span> <span class='ocrx_word' id='word_1_499' title='bbox 1349 2366 1429 2396; x_wconf 87' lang='lat' dir='ltr'>erat,</span> <span class='ocrx_word' id='word_1_500' title='bbox 1449 2356 1650 2391; x_wconf 87' lang='lat' dir='ltr'>damnatione</span> <span class='ocrx_word' id='word_1_501' title='bbox 1671 2364 1702 2391; x_wconf 91' lang='lat' dir='ltr'>et</span> <span class='ocrx_word' id='word_1_502' title='bbox 1716 2368 1784 2390; x_wconf 86' lang='lat' dir='ltr'>ma-</span> 
     </span>
     <span class='ocr_line' id='line_1_108' title="bbox 1038 2405 1782 2459; baseline -0.003 -17"><span class='ocrx_word' id='word_1_503' title='bbox 1038 2407 1204 2442; x_wconf 87' lang='lat' dir='ltr'>ledietione</span> <span class='ocrx_word' id='word_1_504' title='bbox 1228 2406 1397 2442; x_wconf 79' lang='lat' dir='ltr'>mulctavit.</span> <span class='ocrx_word' id='word_1_505' title='bbox 1426 2405 1511 2448; x_wconf 87' lang='lat' dir='ltr'>Quid</span> <span class='ocrx_word' id='word_1_506' title='bbox 1533 2406 1640 2451; x_wconf 83' lang='lat' dir='ltr'>igitur,</span> <span class='ocrx_word' id='word_1_507' title='bbox 1666 2417 1782 2459; x_wconf 80' lang='lat' dir='ltr'>sugge-</span> 
     </span>
     <span class='ocr_line' id='line_1_109' title="bbox 1038 2454 1783 2504; baseline -0.004 -13"><span class='ocrx_word' id='word_1_508' title='bbox 1038 2465 1125 2492; x_wconf 90' lang='lat' dir='ltr'>rente</span> <span class='ocrx_word' id='word_1_509' title='bbox 1159 2457 1227 2504; x_wconf 86' lang='lat' dir='ltr'>ipso</span> <span class='ocrx_word' id='word_1_510' title='bbox 1249 2464 1279 2491; x_wconf 91' lang='lat' dir='ltr'>et</span> <span class='ocrx_word' id='word_1_511' title='bbox 1304 2455 1468 2490; x_wconf 90' lang='lat' dir='ltr'>monachis</span> <span class='ocrx_word' id='word_1_512' title='bbox 1493 2454 1716 2498; x_wconf 77' lang='lat' dir='ltr'>exorantibus,</span> <span class='ocrx_word' id='word_1_513' title='bbox 1752 2467 1783 2488; x_wconf 83' lang='lat' dir='ltr'>in</span> 
     </span>
     <span class='ocr_line' id='line_1_110' title="bbox 1038 2504 1784 2559; baseline -0.005 -18"><span class='ocrx_word' id='word_1_514' title='bbox 1038 2506 1134 2541; x_wconf 86' lang='lat' dir='ltr'>totius</span> <span class='ocrx_word' id='word_1_515' title='bbox 1155 2505 1280 2541; x_wconf 88' lang='lat' dir='ltr'>concilii</span> <span class='ocrx_word' id='word_1_516' title='bbox 1294 2513 1466 2559; x_wconf 81' lang='lat' dir='ltr'>conspectu</span> <span class='ocrx_word' id='word_1_517' title='bbox 1485 2504 1690 2544; x_wconf 66' lang='lat' dir='ltr'>firmatimus,</span> <span class='ocrx_word' id='word_1_518' title='bbox 1709 2515 1784 2537; x_wconf 89' lang='lat' dir='ltr'>ncc-</span> 
     </span>
     <span class='ocr_line' id='line_1_111' title="bbox 1038 2553 1785 2601; baseline -0.005 -11"><span class='ocrx_word' id='word_1_519' title='bbox 1038 2568 1102 2590; x_wconf 91' lang='lat' dir='ltr'>non</span> <span class='ocrx_word' id='word_1_520' title='bbox 1136 2563 1166 2589; x_wconf 90' lang='lat' dir='ltr'>et</span> <span class='ocrx_word' id='word_1_521' title='bbox 1200 2568 1254 2601; x_wconf 85' lang='lat' dir='ltr'>per</span> <span class='ocrx_word' id='word_1_522' title='bbox 1290 2553 1483 2589; x_wconf 85' lang='lat' dir='ltr'>auctoritatis</span> <span class='ocrx_word' id='word_1_523' title='bbox 1515 2561 1640 2589; x_wconf 83' lang='lat' dir='ltr'>nostrae</span> <span class='ocrx_word' id='word_1_524' title='bbox 1677 2553 1785 2588; x_wconf 85' lang='lat' dir='ltr'>literas</span> 
     </span>
    </p>
   </div>
   <div class='ocr_carea' id='block_1_20' title="bbox 1073 2616 1593 2652">
    <p class='ocr_par' dir='ltr' id='par_1_23' title="bbox 1073 2616 1593 2652">
     <span class='ocr_line' id='line_1_112' title="bbox 1073 2616 1593 2652; baseline -0.002 -9"><span class='ocrx_word' id='word_1_525' title='bbox 1073 2617 1112 2651; x_wconf 84' lang='lat' dir='ltr'>(l)</span> <span class='ocrx_word' id='word_1_526' title='bbox 1129 2617 1167 2643; x_wconf 73' lang='lat' dir='ltr'>Ex</span> <span class='ocrx_word' id='word_1_527' title='bbox 1188 2616 1314 2643; x_wconf 81' lang='lat' dir='ltr'>Dacclier.</span> <span class='ocrx_word' id='word_1_528' title='bbox 1335 2616 1455 2652; x_wconf 81' lang='lat' dir='ltr'>Spicileg.</span> <span class='ocrx_word' id='word_1_529' title='bbox 1474 2619 1538 2643; x_wconf 88' lang='lat' dir='ltr'>tom.</span> <span class='ocrx_word' id='word_1_530' title='bbox 1555 2623 1593 2642; x_wconf 76' lang='lat' dir='ltr'>vr.</span> 
     </span>
    </p>
   </div>
   <div class='ocr_carea' id='block_1_21' title="bbox 1812 224 1996 252">
    <p class='ocr_par' dir='ltr' id='par_1_24' title="bbox 1812 224 1996 252">
     <span class='ocr_line' id='line_1_113' title="bbox 1812 224 1996 252; baseline 0.011 -2"><span class='ocrx_word' id='word_1_531' title='bbox 1812 224 1862 251; x_wconf 79' lang='lat' dir='ltr'>An.</span> <span class='ocrx_word' id='word_1_532' title='bbox 1883 224 1910 252; x_wconf 90' lang='lat' dir='ltr'>C.</span> <span class='ocrx_word' id='word_1_533' title='bbox 1929 224 1996 252; x_wconf 79' lang='lat'>1096</span> 
     </span>
    </p>
   </div>
   <div class='ocr_carea' id='block_1_22' title="bbox 1835 1394 1956 1416">
    <p class='ocr_par' dir='ltr' id='par_1_25' title="bbox 1835 1394 1956 1416">
     <span class='ocr_line' id='line_1_114' title="bbox 1835 1394 1956 1416; baseline 0.008 -1"><span class='ocrx_word' id='word_1_534' title='bbox 1835 1394 1956 1416; x_wconf 80' lang='lat' dir='ltr'>Exordium.</span> 
     </span>
    </p>
   </div>
   <div class='ocr_carea' id='block_1_23' title="bbox 1807 1589 1994 1669">
    <p class='ocr_par' dir='ltr' id='par_1_26' title="bbox 1807 1589 1994 1669">
     <span class='ocr_line' id='line_1_115' title="bbox 1835 1589 1994 1617; baseline 0.006 -7"><span class='ocrx_word' id='word_1_535' title='bbox 1835 1589 1926 1611; x_wconf 81' lang='lat' dir='ltr'>Donatio</span> <span class='ocrx_word' id='word_1_536' title='bbox 1942 1590 1994 1617; x_wconf 73' lang='lat' dir='ltr'>Ray-</span> 
     </span>
     <span class='ocr_line' id='line_1_116' title="bbox 1807 1617 1993 1638; baseline 0.011 -2"><span class='ocrx_word' id='word_1_537' title='bbox 1807 1617 1879 1636; x_wconf 79' lang='lat' dir='ltr'>mundi</span> <span class='ocrx_word' id='word_1_538' title='bbox 1911 1618 1993 1638; x_wconf 82' lang='lat' dir='ltr'>comitis</span> 
     </span>
     <span class='ocr_line' id='line_1_117' title="bbox 1808 1643 1876 1669; baseline 0 -6"><span class='ocrx_word' id='word_1_539' title='bbox 1808 1643 1876 1669; x_wconf 72' lang='lat' dir='ltr'>quan·</span> 
     </span>
    </p>
   </div>
   <div class='ocr_carea' id='block_1_24' title="bbox 1807 2040 1993 2114">
    <p class='ocr_par' dir='ltr' id='par_1_27' title="bbox 1807 2040 1993 2114">
     <span class='ocr_line' id='line_1_118' title="bbox 1820 2040 1993 2070; baseline 0.006 -10"><span class='ocrx_word' id='word_1_540' title='bbox 1820 2040 1842 2060; x_wconf 91' lang='lat' dir='ltr'>ln</span> <span class='ocrx_word' id='word_1_541' title='bbox 1853 2040 1942 2070; x_wconf 74' lang='lat' dir='ltr'>concilio</span> <span class='ocrx_word' id='word_1_542' title='bbox 1953 2040 1993 2061; x_wconf 79' lang='lat' dir='ltr'>Ne-</span> 
     </span>
     <span class='ocr_line' id='line_1_119' title="bbox 1807 2072 1993 2088; baseline 0.011 -2"><span class='ocrx_word' id='word_1_543' title='bbox 1807 2072 1913 2087; x_wconf 81' lang='lat' dir='ltr'>mausensi</span> <span class='ocrx_word' id='word_1_544' title='bbox 1944 2072 1993 2088; x_wconf 88' lang='lat' dir='ltr'>con-</span> 
     </span>
     <span class='ocr_line' id='line_1_120' title="bbox 1807 2094 1897 2114; baseline 0 -1"><span class='ocrx_word' id='word_1_545' title='bbox 1807 2094 1897 2114; x_wconf 76' lang='lat' dir='ltr'>firmata.</span> 
     </span>
    </p>
   </div>
  </div>
 </body>
</html>
