2180 3205
425 266 495 297 702

374 333 523 362 Alexander
542 330 681 365 episcopus
705 333 798 355 servus
826 330 964 352 servorum
991 321 1052 353 Dei,
1081 319 1120 347 di·

419 382 498 411 lectis
517 380 581 408 filiis
600 378 726 407 Homodao
743 375 835 404 abbati
854 371 1014 402 monasterii
1029 370 1051 398 S.
1073 369 1121 397 Re-

419 432 531 468 paratae
550 430 581 457 de
600 429 736 459 marrata.
764 425 872 461 eiusque
900 421 1035 452 fratribus
1067 420 1122 448 tam

419 479 607 517 praesentibus
626 484 705 514 quam
728 475 831 504 futuris
854 472 1008 509 regularem
1038 468 1122 497 vitam

420 529 561 566 professis,
574 528 603 556 in
618 528 786 564 perpetuum.

180 276 231 303 An.
245 277 275 303 C.
296 276 361 302 1¹65

425 601 556 644 Quoties
587 598 662 634 illud
697 610 712 632 a
740 595 832 631 nobis
867 592 1002 642 petitur,
1037 589 1120 638 qued

377 651 613 698 religioni‚etc.,
628 659 728 695 usque
751 643 914 693 impertiri.
935 642 1121 688 Eapropter‚

377 702 480 736 dilecti
497 701 527 735 in
550 698 686 734 Domino
708 696 774 740 lilii,
800 693 912 730 vestris
933 691 1033 731 iustis,
1049 697 1121 734 etc.=

378 763 478 798 usque
507 749 687 786 annuimus,
713 754 744 781 et
770 744 939 793 praefatum
963 748 1123 776 monaste-

182 801 362 853 (ᾖξ”ξξζξῖζζᾞκ
378 802 458 836 rium
490 800 524 835 S.
557 798 742 845 Reparatae‚
769 795 798 829 in
827 805 890 841 quo
917 791 1024 826 divino
1049 789 1123 824 estis

182 840 241 884 semi
258 840 364 898 Apis-tim-
377 850 528 897 obsequio
550 846 731 894 mancipati,
757 844 795 880 ad
818 842 976 888 exemplar
997 839 1124 887 praede-

182 900 219 915 Μ’
236 898 362 921 ³¹¹⁵⁰¹m¹¹¹¹³
377 899 511 936 cessoris
532 898 628 933 nostri
661 903 785 931 sanctae
811 890 1035 928 recordationis
1056 888 1124 923 Ho-

378 950 458 985 norii
487 949 589 995 Papae
624 946 652 981 II
678 945 737 980 sub
771 944 808 979 B.
841 942 923 977 Petri
955 948 986 975 et
1021 946 1122 974 nostra

378 999 572 1046 protectione
589 995 791 1043 suscipimus,
812 1000 842 1027 et
866 990 1037 1038 praesentis
1052 988 1125 1023 scri-

380 1049 423 1097 pti
476 1047 639 1095 privilegio
681 1043 931 1081 communimus3
978 1046 1124 1074 statuen-

184 1108 279 1142 “onqriue
298 1108 366 1127 omnia
381 1108 443 1139 tes,
471 1107 502 1132 ut
528 1106 744 1144 quascumque
768 1091 996 1141 possessiones,
1026 1100 1125 1135 quae-

183 1140 347 1162 ⁰⁰¹'''¹¹'¹³¹¹¹'¹'³
380 1159 515 1194 cumque
551 1146 629 1181 bona
669 1144 750 1178 idem
794 1139 1017 1176 monasterium
1060 1138 1126 1171 im-

382 1197 630 1245 praesentiarum
665 1193 745 1228 iuste
771 1200 801 1227 et
839 1189 989 1226 canonice
1023 1187 1126 1234 possi-

381 1248 445 1291 det,
467 1255 519 1282 aut
545 1246 576 1280 in
612 1244 751 1278 futurum
779 1240 983 1277 concessione
1010 1236 1126 1272 Ponti-

381 1298 487 1340 ficum,
520 1293 704 1330 liberalitate
726 1303 834 1338 regum
865 1289 912 1324 vel
935 1287 1126 1336 principum,

380 1346 539 1382 oblatione
565 1343 718 1387 fidelium,
739 1353 795 1376 seu
817 1339 885 1375 aliis
906 1337 995 1373 iustis
1015 1336 1126 1377 modis,

381 1402 559 1444 praestante
577 1394 726 1431 Domino,
749 1390 864 1439 poterit
881 1387 1025 1436 adipisci,
1040 1387 1128 1421 firma

382 1446 472 1481 vobis
492 1444 668 1490 vestrisque
693 1438 931 1477 successoribus
955 1445 986 1472 et
1013 1436 1128 1471 illibata

199 1502 369 1553 ¹¹¹Urtu'1bus110n-
383 1502 602 1542 permaneant3
620 1493 650 1527 in
678 1491 795 1539 quibus
814 1490 890 1524 haec
911 1486 1046 1535 propriis
1063 1486 1128 1521 du-

187 1539 369 1589 'siiffi'ifffuumffi
384 1545 487 1579 ximus
517 1542 722 1591 exprimenda
757 1539 931 1575 vocabulis:
965 1536 1128 1572 ecclesiam

383 1594 417 1629 S.
440 1594 555 1629 Mariae
578 1593 609 1628 in
632 1591 790 1638 Crispina,
812 1589 975 1624 ecclesiam
991 1586 1025 1621 S.
1046 1585 1131 1620 Lau-

384 1644 488 1688 rentii,
509 1641 673 1679 ecclesiam
689 1641 723 1676 S.
741 1638 882 1675 Cassiani
902 1638 932 1672 in
956 1635 1131 1676 Petrosolo‚

383 1694 547 1729 ecclesiam
563 1692 596 1727 S.
612 1690 818 1737 Euphemiae,
832 1687 994 1724 ecclesiam
1008 1686 1041 1720 S.
1055 1685 1133 1720 Mar-

384 1743 452 1784 tini,
479 1743 642 1778 ecclesiam
677 1740 711 1775 S.
739 1739 823 1774 Petri
855 1738 885 1772 in
919 1736 1075 1775 Vizzano,
1102 1743 1132 1770 et

385 1793 547 1828 ecclesiam
570 1791 604 1826 S.
623 1789 758 1825 Andreae
772 1787 914 1823 eiusdem
937 1786 1009 1826 loci,
1025 1793 1055 1820 et
1070 1785 1133 1820 Co-

387 1841 644 1881 mortinicellam,
667 1838 893 1875 decimationes
918 1836 956 1870 ab
977 1835 1134 1882 episcopis

387 1891 569 1926 Faventinis
586 1889 775 1925 monasterio
790 1895 892 1923 vestro
910 1884 1134 1920 rationabiliter

388 1954 564 1984 concessas,
598 1939 696 1983 vobis,
723 1947 754 1973 et
780 1950 836 1985 per
860 1948 915 1971 vos
941 1935 1042 1970 eidem
1065 1946 1135 1969 mo-

389 1989 534 2029 nasterio,
549 1989 732 2025 anctoritate
743 1986 911 2034 apostolica
932 1984 1136 2019 nihilominus

193 2046 376 2097 ἣξζξὲζῑίῐῐῗίῗίηέςζζ
389 2040 623 2075 confirmamus.
650 2038 850 2086 Sepulturam
883 2046 1011 2083 quoque
1037 2034 1136 2081 ipsius

193 2108 328 2132 decernam
353 2092 359 2096 ⁵
390 2090 447 2125 loci
471 2089 599 2124 liberam
623 2100 691 2123 esse
718 2086 935 2125 concedimus,
968 2092 1001 2119 ut
1026 2095 1135 2118 eorum

390 2139 547 2174 devotioni
573 2146 603 2173 et
637 2145 794 2173 extremae
820 2134 994 2175 voluntati,
1020 2133 1072 2181 qui
1103 2145 1137 2168 se

390 2188 454 2223 illic
493 2188 617 2234 sepeliri
645 2185 898 2225 deliberaverint,
916 2184 979 2218 'nisi
1008 2195 1138 2217 excom-

392 2237 541 2273 municati
563 2238 609 2273 vel
638 2236 793 2272 interdicti
819 2235 895 2275 sint,
921 2233 1025 2269 nullus
1058 2232 1139 2267 obsi-

392 2296 465 2322 stat:
489 2287 572 2323 salva
594 2287 709 2322 iustitia
732 2285 870 2320 matricis
891 2283 1061 2319 Ecclesiae.
1081 2282 1139 2316 De-

394 2336 553 2372 cernimus
577 2349 653 2384 ergo
679 2344 752 2380 etc„
766 2335 848 2371 salva
863 2333 957 2370 Sedis
977 2331 1139 2380 Apostoli—

394 2399 448 2422 cae
479 2387 685 2427 auctoritate,
724 2394 755 2420 et
793 2382 969 2420 dioecesani
996 2382 1138 2430 episcopi

395 2436 544 2471 canonica
568 2436 692 2471 iustitia.
707 2434 823 2482 Siquis
843 2445 931 2480 ergo,
952 2440 1011 2467 etc.
1025 2432 1139 2466 Amen.

442 2485 514 2521 Eoo
540 2485 740 2521 Acaunum
775 2483 945 2519 catholicae
981 2481 1140 2516 Ecclesiae

395 2539 572 2586 episcopus.

202 2589 382 2643 ‘¹c{⁴rd.,¹¹³1‘„„}‡n‘¹‘
445 2593 514 2639 Dgo
536 2592 679 2629 Ubaldus
698 2591 800 2640 presb.
817 2590 901 2627 card.
916 2590 961 2626 tit.
979 2591 1012 2627 S.
1032 2590 1143 2626 Crucis

203 2652 377 2679 subscriptiones.
398 2646 428 2682 in
448 2647 654 2682 Hierusalem·

216 666 323 686 kmi-diurn

210 698 335 722 1v=niis÷um¹.

203 1844 358 1865 Docimationes

190 1879 247 1895 ratae
262 1875 373 1897 habentur;

223 2332 271 2353 Cum
287 2333 355 2353 solitis

198 2364 375 2384 conclusionibus.

214 2486 325 2507 Alexandri
341 2485 380 2506 Pr.

959 263 1057 287 BULLA
1064 261 1142 284 utun
1167 258 1327 282 ROMANUM

1929 247 1977 272 An.
1994 245 2022 272 C.
2040 241 2105 272 1¹68

1212 312 1280 358 Ego
1305 310 1439 345 Ioannes
1465 307 1628 356 presbyter
1654 304 1737 341 card.
1767 303 1846 339 tituli
1873 302 1908 338 S.

1164 361 1357 400 Anastasiae.

1212 414 1280 459 Ego
1305 410 1389 444 Boso
1416 406 1577 460 presbyter
1598 403 1765 439 cardinalis
1787 402 1820 437 S.
1844 402 1909 437 Pu-

1164 464 1328 500 dentianae
1356 459 1402 492 tit.
1425 457 1575 492 Pastoris.

1211 513 1282 559 Ego
1311 510 1425 545 Petrus
1453 505 1613 552 presbyter
1639 500 1805 538 cardinalis
1830 500 1910 535 tituli

1164 565 1198 600 S.
1221 559 1381 597 Laurentii
1403 557 1434 591 in
1455 556 1602 590 Damaso.

1213 614 1281 657 Ego
1302 605 1478 646 Theoditus
1503 603 1609 652 presb.
1631 600 1715 637 card.
1742 600 1776 636 S.
1801 598 1912 634 Vitatis

1166 666 1212 699 tit.
1236 661 1396 698 vestinae.

1215 715 1280 761 Ego
1317 708 1445 746 Ardicio
1484 704 1635 739 diaconus
1671 698 1838 735 cardinalis
1874 697 1908 733 S.

1163 763 1330 800 Theodori.
1520 780 1524 788 ι

1213 814 1282 858 Ego
1308 809 1490 848 Manl'redus
1507 806 1587 842 diac.
1609 803 1694 840 card.
1721 800 1755 835 S.
1786 798 1912 845 Georgii

1165 864 1202 900 ad
1225 863 1337 898 Velum
1362 862 1513 895 Aureum.

1214 913 1282 959 Ego
1303 912 1373 958 Ugo
1394 910 1474 944 diac.
1496 905 1581 943 card.
1597 905 1631 941 S.
1647 898 1809 938 Eustachii
1828 898 1911 932 iuxta

1164 963 1331 1010 Templum
1361 959 1530 1007 Agrippae.
1852 996 1857 1002 .
1905 996 1911 1002 .

1214 1013 1328 1047 Datum
1355 1007 1528 1045 Beneventi
1552 1017 1607 1052 per
1629 1014 1754 1039 manum
1772 999 1914 1034 Gratiani

1166 1071 1291 1098 sanctae
1312 1061 1352 1095 R.
1372 1059 1406 1094 E.
1427 1054 1611 1093 subdiaconi
1634 1062 1664 1089 et
1686 1050 1810 1091 notarii,
1832 1059 1852 1080 v
1871 1045 1912 1081 id.

1168 1111 1330 1154 novemb„
1357 1109 1463 1144 indict.
1483 1120 1505 1151 ι,
1520 1107 1639 1140 incarn.
1663 1100 1838 1138 dominicae
1859 1110 1911 1134 an.

1167 1173 1328 1200 atchvtit,
1355 1157 1554 1206 pontificatus
1581 1167 1652 1189 vero
1682 1153 1720 1188 D.
1745 1146 1915 1185 Alexandri

1167 1212 1270 1256 Papae
1291 1210 1333 1245 III
1360 1221 1411 1244 an.
1433 1220 1463 1242 x.

1200 1268 1262 1298 Dat.
1280 1268 1326 1298 die
1344 1267 1362 1297 9
1380 1264 1548 1296 novembris
1570 1272 1646 1293 anno
1664 1259 1779 1291 Domini
1802 1258 1888 1296 1168,

1423 1309 1527 1351 pontif.
1546 1317 1622 1338 anno
1640 1316 1666 1337 x.

1470 1415 1615 1451 XXVIII.

1172 1493 1356 1537 Cuicumque
1378 1501 1536 1535 personae,
1571 1487 1786 1532 Ru'vz'pullensis
1806 1497 1917 1521 mona-

1219 1543 1303 1576 sterii
1327 1540 1503 1578 ηιοηαοὴος,
1521 1550 1625 1583 eosque
1647 1536 1843 1582 praesertim,
1863 1536 1919 1581 qui

1220 1604 1258 1626 ex
1277 1590 1435 1624 Moncunis
1460 1588 1606 1622 victualia
1634 1588 1676 1620 ad
1700 1585 1918 1620 monasterium

1222 1641 1371 1685 deserunt,
1397 1640 1554 1672 molestare
1586 1639 1640 1671 sub
1672 1636 1918 1671 excommunica-

1222 1691 1313 1724 tionis
1335 1701 1434 1735 poena
1459 1688 1649 1721 interdicitur
1675 1689 1729 1730 (1).

1437 1756 1651 1788 SUMMARIUM

1173 1815 1330 1846 Exordium
1350 1823 1383 1843 ex
1405 1812 1473 1842 sacti
1495 1810 1686 1850 expositione..
1708 1827 1748 1832 —
1763 1810 1920 1841 Monachos

1214 1854 1431 1894 Rivipullenses
1450 1851 1655 1891 quoquomodo
1673 1850 1823 1881 molestari
1838 1855 1921 1887 vetat,

1215 1896 1269 1926 sub
1289 1893 1480 1925 anathematis
1500 1901 1606 1931 poena:
1623 1908 1662 1914 —
1678 1890 1711 1920 Et
1733 1891 1848 1921 illorum
1872 1900 1920 1921 res

1214 1936 1259 1965 vel
1278 1935 1352 1965 bona
1371 1933 1496 1964 auferri:
1514 1949 1553 1954 —
1569 1931 1744 1961 Praesertim
1763 1940 1830 1961 vero
1852 1930 1920 1961 illos

1216 1976 1265 2015 qui
1289 1984 1322 2004 ex
1351 1973 1497 2003 montanis
1525 1971 1676 2009 vectigalia
1703 1971 1739 2001 ad
1770 1975 1921 2001 monaste-

1215 2016 1292 2046 rium
1311 2014 1457 2044 deferunt.
1475 2029 1510 2036 —-
1529 2012 1669 2047 Quocirca
1686 2010 1767 2041 iubet
1781 2016 1813 2041 ut
1829 2011 1924 2042 omni-

1217 2056 1272 2086 bus
1292 2053 1478 2094 parochianis
1496 2052 1627 2091 episcopi
1644 2051 1796 2081 inhibeant
1810 2061 1846 2081 ne
1863 2052 1924 2081 vio-

1217 2096 1336 2126 lentiam
1355 2098 1406 2124 aut
1422 2093 1559 2123 iniuriam
1578 2091 1704 2122 inserant
1721 2092 1750 2121 in
1768 2100 1826 2128 res,
1846 2091 1922 2121 bona

1218 2141 1267 2166 aut
1284 2143 1424 2175 personas
1447 2132 1626 2163 monasterii.
1647 2149 1686 2154 —
1711 2131 1820 2162 Solitae
1841 2131 1923 2162 clau-

1218 2175 1300 2206 sulae
1324 2175 1365 2214 (R.
1383 2174 1433 2212 T.).

1178 2233 1326 2264 Alexander
1345 2231 1484 2268 episcopus
1504 2237 1597 2258 servus
1616 2236 1753 2258 servorum
1771 2228 1826 2262 Dei.
1845 2236 1922 2259 veno·

1223 2279 1355 2307 rabilibus
1381 2276 1526 2308 fratribus,
1551 2275 1686 2303 universis
1704 2274 1922 2310 archiepiscopis.

1223 2323 1366 2360 episcopis,
1386 2323 1414 2351 et
1432 2321 1539 2350 dilectis
1554 2320 1630 2353 filiis.
1658 2320 1808 2353 abbatibus.
1825 2320 1923 2357 priori-

1224 2370 1284 2401 bus.
1304 2369 1333 2396 et
1358 2367 1421 2395 aliis
1439 2366 1616 2395 Ecclesiarmn
1637 2365 1781 2401 praelatis.
1806 2366 1841 2394 ad
1859 2372 1925 2402 quos

1224 2415 1323 2443 literae
1345 2413 1416 2441 istae
1433 2410 1617 2447 pervenerint.
1636 2410 1752 2439 salutem
1770 2411 1798 2440 et
1815 2411 1924 2447 aposto·

1225 2459 1307 2487 licam
1325 2457 1545 2486 benedictionem.

1231 2510 1438 2546 Discretionis
1477 2517 1597 2545 vestrae
1635 2509 1830 2556 prudentiam
1863 2521 1924 2545 non
1951 2522 2061 2544 Exordium
2095 2528 2121 2544 ex

1183 2561 1342 2597 credimus
1375 2561 1541 2606 ignorare,
1574 2560 1709 2607 qualiter
1743 2559 1926 2595 recolendae
1939 2554 2005 2608 {3³22
2035 2553 2122 2580 ”Wi‘

1220 2618 1259 2654 (t)
1284 2619 1323 2645 Ex
1347 2617 1450 2645 archiv.
1474 2620 1586 2645 monast.
1614 2616 1696 2644 edidit
1713 2616 1800 2644 Baluz.
1814 2636 1822 2650 ,
1844 2616 1926 2644 Marc.

1185 2659 1307 2694 Hispan„
1324 2657 1350 2684 in
1366 2656 1487 2693 Append.
