2180 3205
178 237 226 263 An.
248 237 358 265 01081

195 450 294 470 Prohibet
306 450 361 475 prin-

176 477 260 501 cipibus
268 476 363 496 saecula·

177 504 242 524 ribus.
257 509 282 522 no
301 509 320 522 iu
337 508 361 522 eo

177 530 224 549 loro
248 534 362 554 quicquam

177 556 228 576 iuris
243 555 344 576 habeant.

191 1565 235 1585 Prii
243 1565 326 1590 nogium
337 1564 363 1584 nli

177 1592 323 1612 Memmii-011
339 1591 364 1611 E-

179 1618 267 1638 rei-ardo
292 1620 364 1637 comiti

178 1651 216 1670 por
240 1644 365 1670 subrepun-

179 1677 225 1691 iiem
262 1676 364 1691 concesso

179 1698 276 1723 abrogat.

199 2065 367 2086 Anatheniatizzit

181 2098 224 2114 eos.
240 2098 276 2118 qui
293 2094 366 2112 contra

180 2118 220 2138 hoi:
230 2121 366 2144 praecepium

181 2145 297 2170 quial-inani
322 2147 366 2166 ten—

180 2173 279 2192 (nterim.

448 227 515 259 1¹2

392 289 587 333 instruendo,
614 300 661 332 ea,
683 299 762 334 quae
789 286 827 321 ad
851 286 1026 320 animarum
1048 286 1139 321 salu-

391 347 453 374 teni
488 339 663 386 pertinent,
698 337 859 381 vigilanter
890 335 1077 382 providere,
1104 347 1139 371 ac

390 388 538 432 maxime,
566 394 600 420 nt
627 385 705 420 inibi
727 385 823 419 abbas
844 384 1018 419 secundum
1035 385 1137 418 Deum

390 437 553 471 ordinetur
576 446 736 482 procures.
759 434 940 474 Praeterea,
969 441 1001 468 ut
1022 446 1139 478 saepe—

389 486 442 520 sati
470 484 651 520 monasterii
685 484 794 518 fratres
826 483 894 518 siue
921 483 1139 529 inquietudine

390 534 587 582 propositum
627 545 719 568 suum
759 532 880 567 valeant
922 532 1066 566 securius
1109 539 1140 566 et

390 583 580 631 propensius
606 582 738 629 exequi,
765 594 800 616 ac
835 581 1044 628 omnipotenti
1073 581 1139 615 Do-

389 633 476 667 mino
503 632 626 667 debitae
657 630 835 666 devotionis
861 630 1048 677 obsequium
1085 630 1139 664 in-

389 689 508 717 stanter
533 689 563 716 et
593 688 750 728 gratanter
782 680 944 722 exolvere,
976 679 1139 722 volumus,

390 739 419 766 et
444 730 614 778 apostolica
644 730 828 765 auctoritate
852 728 1079 776 praecipimus,
1106 737 1140 762 ut

390 781 497 815 nullus
532 778 746 819 sacerdotum,
774 791 896 825 regum,
925 779 969 811 vol
1007 777 1137 818 ducum,

390 837 443 863 aut
470 829 643 872 comitum,
679 841 733 862 scu
762 827 918 874 quaelibet
953 838 1064 872 inagna
1087 835 1139 860 aut

390 890 484 925 parva
512 889 646 925 persona
675 885 851 923 praesumat
873 876 931 911 sihi
960 876 990 909 in
1017 887 1054 909 eo
1071 875 1139 910 loco

390 927 512 974 aliquas
538 926 738 974 proprietatis
759 926 966 968 conditiones,
995 925 1140 958 nonliae-

393 977 530 1011 reditarii
554 977 642 1019 iuris,
677 988 738 1009 non
767 974 964 1017 advocatiae,
998 985 1058 1007 non
1085 974 1137 1007 in-

390 1026 571 1069 vestiturae,
593 1037 655 1059 non
675 1024 842 1058 cuiuslibet
865 1023 1040 1069 potestatis,
1059 1034 1139 1069 quac

390 1074 525 1109 libertati
565 1073 744 1108 monasterii
787 1081 914 1113 noceat,
957 1072 1138 1105 vindicare:

390 1135 453 1157 non
487 1130 670 1157 ornamenta
697 1121 877 1165 Ecclesiae,
916 1120 980 1155 sive
1014 1132 1140 1167 posses-

389 1173 496 1206 siones
531 1172 687 1214 invadere,
715 1171 874 1211 minuere,
909 1170 954 1204 vel
982 1169 1139 1207 alienare:

390 1221 445 1256 sed
483 1221 524 1254 ita
563 1221 604 1254 sit
630 1220 669 1254 ali
696 1220 780 1254 oinni
811 1218 962 1253 saeculari
986 1226 1140 1265 potestate

390 1282 550 1314 securum,
567 1278 596 1304 et
610 1269 773 1304 Romanae
787 1268 879 1302 Sedis
902 1268 1042 1302 libertate
1057 1268 1141 1314 quie—

392 1327 473 1363 tum,
494 1319 578 1353 sicut
598 1326 719 1353 constat
744 1317 954 1352 Cluiiiacense
982 1325 1140 1351 monaste-

393 1369 477 1403 rium
517 1375 548 1403 et
568 1367 765 1402 Massiliense
789 1378 926 1402 manere.
960 1365 1067 1400 Abbas
1082 1378 1139 1400 au-

394 1425 456 1452 tem
488 1417 692 1460 advocatum,
725 1428 819 1462 quem
846 1415 996 1456 voluerit,
1035 1415 1138 1460 eligat.

393 1466 489 1508 Quod
515 1465 540 1500 si
563 1466 589 1500 is
612 1465 813 1512 postmodum
842 1477 905 1499 non
933 1464 1025 1499 suerit
1056 1464 1141 1498 utilis

392 1515 595 1556 monasterio,
622 1526 659 1549 eo
687 1522 818 1554 remoto,
844 1513 939 1548 alium
963 1513 1139 1547 constituat.

392 1564 596 1610 privilegium
615 1572 719 1598 autem
742 1563 827 1610 quod
848 1563 947 1597 lionae
970 1563 1140 1596 memoriae

393 1612 618 1661 praedecessor
661 1620 767 1646 noster
815 1611 993 1646 Alexander
1033 1619 1141 1646 contra

393 1670 573 1697 sanctorum
601 1661 729 1696 Patruni
751 1669 876 1699 statuta,
905 1660 1009 1707 aliqua
1030 1660 1142 1695 subre-

393 1712 502 1758 ptione
534 1710 583 1745 vel
616 1710 803 1757 deceptione
838 1710 1002 1753 inductus,
1037 1709 1141 1744 eidem

370 1757 462 1796 'loco
484 1760 569 1804 fecit,
592 1759 624 1794 in
646 1771 708 1807 quo
734 1759 893 1793 Everardo
921 1759 1039 1801 comiti,
1061 1758 1142 1793 eins-

392 1822 455 1857 que
479 1809 612 1856 posteris
635 1808 848 1849 advocatiam,
883 1816 914 1843 et
941 1807 1141 1854 praeficiendi

392 1858 515 1894 abbatis
540 1864 737 1905 potestatem,
763 1865 794 1892 et
815 1857 910 1899 totius
939 1857 979 1891 rei
1003 1857 1142 1891 admini-

396 1915 579 1943 strationem
608 1915 779 1948 concessit,
803 1918 861 1941 nos
883 1918 1052 1941 canonicae
1073 1917 1144 1940 cor-

392 1957 541 1992 rectionis
574 1956 729 1991 sententia
757 1967 813 2002 per
842 1955 1047 2002 apostolicam
1071 1955 1143 1989 fun-

394 2006 531 2041 ctionem
547 2012 682 2049 utentes,
701 2004 907 2045 infirmamus,
931 2004 1143 2049 infringimus,

396 2063 490 2102 atque
513 2066 689 2094 cassamus;
722 2062 753 2088 et
779 2066 819 2089 ne
853 2065 908 2100 per
931 2054 989 2088 lioc
1010 2053 1144 2088 alicuius

393 2103 561 2140 temeraria
582 2103 737 2150 cupiditas
756 2103 786 2137 in
809 2102 970 2137 andaciam
991 2114 1065 2137 suae
1079 2114 1146 2149 per-

394 2153 525 2188 ditionis
561 2161 722 2199 erumpat,
756 2151 925 2199 apostolica
960 2153 1145 2186 auctoritate

395 2203 427 2237 in
450 2202 573 2237 irritum
596 2214 790 2237 revocamus.
819 2201 852 2236 Si
874 2202 947 2248 quis
973 2213 1048 2247 ergo
1065 2213 1145 2236 con-

395 2259 442 2286 tra
464 2251 525 2287 lioc
551 2251 676 2286 salubre
699 2258 900 2298 pracceptum
920 2258 1062 2285 nostrum
1079 2262 1148 2296 per-

396 2300 538 2336 tinaciter
553 2301 598 2335 ire
612 2300 789 2344 tentaverit,
811 2299 942 2346 gratiam
962 2299 1043 2334 beati
1061 2299 1145 2334 Petri

395 2362 430 2385 se
451 2362 514 2385 non
530 2349 654 2385 dubitet
675 2349 880 2389 amissurum,
902 2348 1147 2395 admonitusque

396 2398 507 2443 semel,
529 2398 589 2440 bis,
617 2406 647 2434 et
668 2398 760 2433 tertio
788 2410 843 2445 per
868 2405 1084 2444 competentes
1102 2398 1147 2431 in-

397 2447 517 2487 ducias,
540 2448 565 2482 si
588 2460 652 2482 non
680 2447 858 2494 resipuerit,
885 2455 916 2481 et
944 2447 970 2481 si
997 2446 1145 2481 delictum

397 2509 491 2531 suum
522 2496 690 2531 emendare
726 2496 968 2543 contempserit,
1003 2495 1082 2530 sciat
1114 2507 1147 2529 se

400 2545 509 2580 divino
531 2545 729 2580 anathemate
751 2545 954 2589 innodatum,
976 2553 1007 2579 et
1032 2556 1048 2579 a
1077 2556 1149 2578 coi·-

402 2595 487 2642 poris
508 2602 539 2629 et
559 2594 723 2641 sanguinis
744 2593 903 2630 Dominici
925 2593 1149 2630 communione

994 231 1181 255 BULLARIUM
1203 230 1367 254 ROMANUu

1181 286 1328 320 alienum.
1356 285 1436 320 lllud
1463 285 1557 319 etiam
1586 283 1624 319 ad
1653 296 1799 320 romanae
1830 285 1927 322 liber-

1181 336 1251 370 tatis
1273 347 1389 369 munus
1418 333 1669 369 confirmandum
1698 334 1927 380 subiungentes

1180 385 1355 424 adiicimns,
1385 392 1416 418 ut
1434 384 1459 418 si
1481 383 1587 430 aliquo
1608 390 1750 430 tempore
1771 382 1928 419 Constan-

1182 434 1270 468 tieiisi
1297 433 1458 468 Ecclesiae
1484 431 1666 479 praesidens
1687 431 1725 466 ab
1746 431 1926 479 ‘Apostolica

1180 482 1263 517 Sede
1279 482 1512 526 discordaverit,
1528 482 1621 528 eique
1632 480 1819 519 inobediens
1833 482 1927 518 fuerit

1181 532 1276 579 (quod
1300 531 1505 566 confirmante
1520 529 1929 577 Samuelepeccatumario-

1182 581 1277 625 laridi,
1304 589 1333 615 et
1353 581 1515 615 idolatriae
1537 579 1640 614 scelus
1658 586 1706 614 est
1728 582 1781 623 (a),
1803 580 1927 616 dicente

1181 642 1305 678 quoque
1329 631 1418 664 beato
1440 629 1622 664 Ambrosio:
1640 628 1840 664 Haereticum
1859 643 1927 666 esse

1181 688 1313 721 constat,
1335 680 1387 726 qni
1406 678 1568 713 Romanae
1590 677 1751 714 Ecclesiae
1773 691 1836 714 non
1851 692 1928 715 con-

1181 729 1316 773 cordat),
1330 729 1421 763 liceat
1440 728 1554 767 abbati,
1577 727 1636 762 sibi
1656 727 1797 774 suisque,
1815 740 1832 763 a
1847 741 1928 776 quo-

1180 791 1316 825 cumque
1334 778 1480 824 rcligioso
1507 777 1657 824 episcopo
1680 776 1845 824 placuerit,
1872 790 1927 813 or-

1181 828 1371 866 dinationes,
1409 827 1678 870 consecrationes,
1717 834 1748 860 et
1780 839 1860 873 quae
1888 827 1925 862 ad

1181 876 1357 923 episcopale
1390 875 1528 909 officium
1562 875 1734 922 pertinent,
1761 885 1926 922 expetere,

1181 934 1273 972 atque
1294 925 1466 971 suscipere,
1495 924 1541 958 rel
1569 925 1606 959 ad
1629 924 1842 970 Apostolicam
1868 925 1928 961 Se-

1181 974 1252 1008 dem
1271 986 1440 1009 recurrere.
1463 973 1689 1008 Oliservatores
1711 981 1814 1008 autem
1833 974 1929 1010 liuius

1182 1024 1277 1057 nostri
1320 1023 1477 1070 praecepti
1521 1022 1737 1057 remissionem
1784 1024 1927 1058 omnium

1183 1081 1381 1119 peccatorum
1412 1084 1560 1111 suornm,
1598 1079 1627 1106 et
1654 1072 1783 1117 gratiam
1811 1072 1924 1107 bonam

1181 1134 1198 1156 a
1222 1121 1356 1155 Domino
1374 1128 1618 1167 consequantur.
1641 1120 1757 1154 Datum
1785 1120 1927 1157 Laterani

1182 1179 1293 1205 octavo
1321 1170 1391 1203 idus
1418 1170 1503 1213 maii,
1531 1169 1702 1204 indictione
1729 1170 1828 1204 tertia.

1262 1229 1324 1256 Avi.
1344 1227 1391 1256 die
1410 1227 1426 1256 8
1450 1226 1519 1256 maii
1538 1235 1614 1255 anno
1632 1225 1746 1256 Domini
1767 1227 1852 1264 «1080,

1421 1266 1523 1306 pontis.
1541 1275 1617 1296 anno
1633 1273 1692 1296 viii.

1517 1375 1597 1410 LIV.

1185 1449 1367 1482 Investi'tura
1393 1449 1512 1481 domini
1544 1448 1690 1492 Gregorii
1711 1448 1830 1492 Papae,
1864 1459 1929 1491 qua

1234 1498 1394 1530 [tobei-ium
1417 1499 1521 1530 ducem
1542 1499 1578 1530 ‹le
1600 1498 1729 1541 Apulia,
1763 1497 1925 1534 Calabria,

1231 1554 1257 1579 el
1279 1548 1390 1580 Sicilia
1413 1547 1575 1579 investit-it.

1231 1617 1299 1664 Ego
1325 1616 1499 1663 Gregorius
1523 1616 1607 1663 Papa
1636 1616 1769 1651 investio
1790 1624 1832 1661 te,
1864 1615 1932 1650 Ro-

1184 1667 1269 1702 berte
1291 1667 1367 1710 dux,
1393 1666 1432 1700 de
1451 1675 1542 1706 terra,
1569 1679 1663 1713 quain
1686 1665 1742 1700 tibi
1763 1677 1932 1700 concesse-

1185 1724 1257 1750 runt
1278 1724 1493 1751 antecessores
1519 1727 1579 1750 mei
1615 1723 1740 1750 sanctae
1762 1726 1932 1749 memoriae

1183 1766 1333 1800 Nicolaus
1367 1773 1398 1799 et
1432 1763 1619 1799 Alexander.
1659 1764 1703 1798 Dc
1744 1763 1795 1798 illa
1826 1771 1931 1798 autem

1184 1823 1284 1855 terra,
1309 1827 1402 1862 qnam
1431 1814 1546 1848 iniuste
1568 1822 1671 1856 tenes,
1696 1813 1777 1848 sicut
1803 1821 1849 1847 est
1873 1812 1934 1847 Sa·

1185 1865 1302 1905 ternus,
1337 1873 1367 1898 et
1391 1863 1576 1910 Amalpliia,
1610 1870 1641 1897 et
1677 1874 1747 1909 pars
1773 1861 1932 1896 Mareliiae

1184 1913 1366 1953 Firmanae,
1400 1924 1484 1946 nunc
1506 1919 1535 1946 te
1570 1912 1723 1958 patienter
1748 1911 1931 1945 substineo:

1185 1963 1215 1996 in
1239 1961 1432 1997 confidentia
1451 1961 1523 2005 Dei,
1545 1970 1576 1995 et
1597 1960 1696 1995 sancti
1718 1959 1815 2000 Petri,
1839 1960 1880 1994 ita
1904 1968 1932 1994 te

1185 2011 1312 2051 habeas,
1334 2011 1414 2046 sicut
1441 2019 1471 2045 et
1496 2022 1605 2056 agere,
1639 2018 1669 2044 et
1698 2021 1748 2043 me
1769 2009 1933 2056 suscipere

1185 2061 1275 2095 decet
1300 2061 1367 2095 sine
1391 2059 1531 2107 periculo
1552 2059 1675 2094 animae
1697 2067 1768 2093 tuae
1789 2065 1821 2093 et
1842 2069 1932 2093 meae.

1186 2110 1302 2145 Actum
1330 2117 1363 2144 ut
1388 2121 1494 2157 supra.

1187 2204 1356 2239 Promissis)
1383 2204 1507 2237 Roberti
1528 2203 1676 2237 reddendi
1695 2214 1799 2236 census
1825 2203 1859 2235 in
1885 2202 1934 2235 die

1236 2254 1474 2287 Resurrecli'onis
1503 2253 1640 2290 Domini,
1666 2252 1825 2286 duodecim
1850 2251 1934 2284 vide-

1236 2305 1300 2337 licet
1321 2304 1519 2336 <zenan-iorum
1547 2303 1700 2346 papiensis
1722 2307 1872 2340 monetae,
1895 2300 1932 2332 de

1237 2360 1300 2386 tola
1318 2353 1445 2397 Apulia,
1480 2351 1628 2385 Calabria
1647 2357 1675 2384 et
1694 2350 1814 2383 St'cz'li'a.

1236 2445 1303 2491 Ego
1325 2444 1482 2479 Rohertus
1497 2444 1555 2478 Dei
1573 2442 1682 2490 gratia,
1704 2449 1735 2477 et
1755 2441 1852 2476 sancti
1872 2440 1935 2475 Pc-

1189 2495 1243 2534 tri,
1271 2494 1405 2541 Apuliae
1432 2503 1461 2528 et
1483 2493 1645 2527 Calabriae
1666 2499 1696 2526 et
1716 2490 1841 2526 Siciliae
1860 2491 1934 2530 dux,

1189 2544 1226 2578 ad
1253 2543 1523 2578 confirmationem
1546 2540 1735 2585 traditionis,
1764 2548 1795 2575 et
1815 2539 1855 2574 ad
1883 2550 1935 2574 re·-

1225 2605 1264 2640 (ιι)
1281 2606 1345 2639 Reg.
1363 2612 1381 2636 1,
1401 2605 1443 2631 15.

1954 234 2004 260 An.
2025 233 2053 261 C.
2070 234 2134 262 1081

1968 286 1989 307 Si
1997 287 2139 308 Constantien-

1955 314 1983 332 si<
2000 314 2112 339 episcopus
2125 319 2138 335 a

1955 340 2010 360 Seite
2020 340 2139 366 Apostolica

1963 367 2116 387 discordaverit
2124 382 2130 391 ,

1956 393 2053 413 concedit
2067 395 2089 413 ut
2102 392 2144 413 ab»

1956 420 1994 440 bas
2013 425 2025 439 a
2041 425 2139 446 quocum-

1956 452 1996 476 que
2011 446 2110 472 religioso
2117 452 2138 467 e-

1956 478 2044 499 piscopo
2055 489 2060 497 ‚
2084 478 2139 500 quae

1956 499 1983 520 ad
2018 499 2139 525 episcopato

1956 526 2048 546 officium
2076 526 2140 552 pei-n-

1956 555 2018 578 uent,
2032 552 2140 579 suscipiat,

1960 987 1990 1007 vet
2010 987 2038 1006 ad
2054 987 2141 1012 Aposto-

1965 1014 2026 1034 licain
2055 1013 2132 1034 Seileru

1959 1042 2059 1061 recurrat.

1986 1623 2084 1645 Formuia
2114 1622 2143 1644 in-

1961 1651 2075 1672 vestiturae
2105 1654 2144 1670 uae

1961 1677 2057 1698 Pontifex
2066 1676 2097 1697 Ro
2113 1681 2144 1696 er·

1961 1706 2004 1725 tuin
2025 1703 2100 1724 ducein
2118 1701 2145 1723 do

1960 1730 2036 1756 Apulia
2051 1745 2056 1754 ‚
2085 1728 2144 1750 Cala·

1960 1757 2007 1777 bria
2031 1759 2052 1776 et
2071 1755 2144 1776 Sicilia

1960 1783 2075 1804 investivit.

1983 2449 2088 2470 flonetius
2097 2452 2144 2474 pro-
2178 2453 2180 2472 ι

1961 2477 2023 2497 miitit
2058 2474 2144 2496 fidelita-

1962 2505 2003 2523 teiii
2018 2501 2120 2523 Pontifici.

2162 2591 2169 2609 Α
