2180 3205
41 239 89 266 An.
111 240 138 266 t).
159 240 223 266 intr.

826 221 840 241 S
884 219 1072 242 ‹inm-‘anisa‘
1097 222 1140 244 Vtt
1167 223 1214 244 ΙΨ.

300 271 454 316 Audistis,
484 272 604 312 fratres,
633 285 743 308 novam
777 282 804 308 et
835 273 1004 308 inauditam

247 322 554 368 praesumptionem:
566 322 698 357 audistis
713 323 894 357 sceleratam
910 323 1005 357 schis-

250 370 456 415 maticorum,
489 380 519 406 et
554 384 668 406 nomeu
698 372 822 407 Domini
855 372 884 405 in
914 372 1004 406 heato

246 418 342 453 l‘etro
385 420 671 467 blasphemantium
713 421 924 466 garrulitatem
974 429 1003 456 et

247 468 412 503 audaciam
427 483 432 504 :
450 469 582 504 audistis
599 469 778 516 superbiam
795 469 831 503 ad
855 469 1000 505 iniuriam

1709 216 1749 226 ...n

1712 231 1750 247 l«)

1087 275 1121 303 ad
1140 275 1322 313 proliandiiin
1341 277 1502 315 legitimam
1516 279 1560 308 sni
1578 279 1802 318 promotionem,

1086 323 1152 343 enin
1186 316 1383 353 prohibitione
1414 321 1509 347 tamen
1540 319 1702 357 recipiendi
1729 320 1803 349 inte-

1086 354 1140 382 rim
1161 364 1277 384 sacrum
1298 356 1389 385 ullum
1410 357 1561 394 ordinem3
1586 374 1626 380 —-
1646 358 1738 394 Queni
1758 360 1802 389 ei-

1085 393 1150 422 dem
1182 395 1336 430 conferre,
1365 396 1489 426 cuilibet
1520 397 1708 428 interdicitur
1735 399 1801 438 epi-

1085 441 1186 471 scopo,
1207 434 1262 463 sub
1281 435 1475 465 anatheniatis
1499 446 1603 475 poena.
1622 438 1744 474 —Quis
1761 439 1800 468 sit

1084 477 1193 510 pastor,
1216 474 1282 511 quis
1308 474 1362 510 l'nr,
1386 476 1452 514 quis
1478 476 1560 506 latro.

245 525 275 551 et
313 518 539 553 contumeliam
576 519 711 554 Sanctae
737 527 765 553 et
802 520 1001 564 Apostolieae
1042 532 1184 568 Gregorius
1200 535 1341 570 episcopus
1361 543 1455 565 servus
1475 544 1614 567 servorum
1630 538 1796 573 πῃπῇ-αω-

245 566 343 602 Sedis
364 568 475 602 elatam
491 595 498 607 ,
532 568 656 614 qualem
693 568 783 602 vesti-i
813 568 921 602 Patres
943 581 1000 604 nec

244 615 391 651 viderunt
414 629 470 652 nec
485 617 653 652 audierunt
673 629 823 663 unquam,
851 629 907 651 nec
922 619 1000 652 scri—

243 673 405 710 pturarum
429 666 527 701 series
554 665 723 713 aliquando
754 679 769 700 a
799 667 928 712 paganis
953 668 996 702 vel

243 714 414 750 haereticis
447 715 539 750 docet
573 727 744 756 emersam,
784 716 875 749 cuins
910 716 997 761 mali,

240 764 299 798 etsi
336 764 464 811 aliquod
501 776 638 810 unquam
674 773 744 811 post
780 765 939 799 fundatam
967 774 996 800 et

241 821 444 860 propagatam
493 813 584 847 iidem
621 812 738 848 Christi
775 815 996 860 praecessisset

239 863 441 909 exemplum,
464 863 612 897 omnibus
639 870 743 897 tamen
769 863 916 898 fidelibus
939 877 995 911 pro

240 919 325 946 tanto
365 919 547 959 contemptu
586 920 616 946 et
652 912 890 948 conculcatione
917 926 995 960 apo-

238 961 381 1004 stolicae,
402 961 499 995 immo
522 960 647 996 divinae
662 961 856 996 auctoritatis
883 962 996 997 dolen-

239 1009 315 1044 dum
343 1009 434 1054 foret,
461 1018 491 1045 et
513 1010 715 1056 gemendum.
741 1011 942 1059 Quapropter
968 1013 992 1046 si

238 1058 329 1093 beato
357 1059 450 1093 Petro
477 1059 580 1093 claves
602 1060 689 1105 regni
713 1060 871 1094 caelorum
896 1073 910 1095 a
930 1061 994 1095 Do-

237 1108 326 1142 mino
357 1107 425 1142 Deo
460 1115 567 1142 nostro
600 1108 671 1142 Iesu
705 1108 832 1143 Christo
866 1110 993 1145 traditas

238 1168 309 1192 esse
335 1156 475 1197 creditis,
502 1165 533 1191 et
556 1157 642 1191 vobis
676 1170 731 1204 per
753 1170 865 1192 manus
892 1159 992 1206 ipsius

238 1205 276 1240 ad
299 1214 444 1240 aeternae
462 1205 542 1240 vitae
563 1206 677 1252 gaudia
701 1207 863 1242 introitum
887 1216 992 1254 patere

238 1255 365 1302 cupitis,
392 1254 597 1301 cogitandum
633 1255 722 1290 vobis
756 1264 814 1296 est,
837 1265 990 1303 quantum

239 1316 325 1339 nunc
351 1303 390 1338 de
418 1304 550 1349 irrogata
573 1304 632 1338 sibi
658 1304 768 1339 iniuria
798 1306 905 1340 dolere
935 1307 990 1341 de-

237 1351 348 1387 beatis.
376 1351 440 1386 Nisi
464 1353 548 1386 enim
573 1353 635 1391 liic,
653 1353 704 1387 uhi
730 1366 784 1400 per
806 1354 988 1389 discrimina

241 1401 482 1448 temptationum
511 1410 609 1436 vestra
639 1402 716 1436 sides
742 1411 774 1437 et
794 1404 887 1437 eorda
916 1417 990 1450 pro-

235 1449 364 1490 bantur,
379 1450 455 1484 socii
474 1450 654 1496 passionum
671 1450 864 1491 efficiamini,
882 1453 987 1498 procul

236 1498 335 1534 dubio
351 1511 412 1533 non
426 1499 500 1533 estis
516 1499 614 1545 digni,
631 1507 664 1534 ut
681 1501 850 1547 participes
867 1501 987 1536 suturae

235 1548 470 1592 consolationis,
492 1555 523 1582 et
549 1548 602 1582 filii
632 1550 718 1595 regni
743 1550 909 1584 caelestem
932 1563 988 1585 co—

235 1610 345 1633 ronam
359 1599 412 1640 (a),
427 1605 456 1631 et
470 1597 599 1643 gloriam
615 1599 801 1633 sortiamini.
824 1599 987 1645 Rogamus

237 1646 335 1692 igitur
362 1646 544 1681 charitatem
573 1654 730 1688 vestram,
766 1656 798 1681 ut
835 1649 988 1684 instanter

235 1695 373 1730 divinam
398 1695 642 1730 misericordiam
667 1696 834 1743 implorare
861 1699 987 1733 studea-

237 1745 293 1783 tis:
309 1752 467 1792 quatenus
489 1752 540 1779 aut
564 1745 657 1779 eorda
677 1746 845 1793 impiorum
863 1747 899 1781 ad
917 1760 989 1794 poe-

234 1793 398 1829 nitentiam
431 1801 538 1834 vertat,
562 1802 615 1828 aut
647 1795 850 1841 reprimendo
878 1808 987 1831 eornm

234 1842 367 1878 nefanda
394 1843 535 1886 consilia,
558 1855 650 1889 qnam
676 1844 828 1890 insipiens
850 1853 880 1878 et
902 1846 986 1880 stulti

234 1892 308 1936 sint,
324 1891 376 1938 qui
392 1891 516 1925 Petram
540 1903 555 1925 a
574 1892 701 1926 Christo
724 1893 883 1927 fundatam
898 1907 988 1929 ever-

236 1949 313 1986 tere,
335 1948 366 1974 et
380 1939 484 1974 divina
506 1941 665 1987 privilegia
684 1942 798 1977 violare
821 1951 987 1984 conantur,

237 1989 394 2025 ostendat.
417 1988 560 2030 Qualiter
582 1999 698 2033 autem,
720 1999 773 2025 ant
800 2004 855 2038 pro
874 1993 988 2038 quihus

1086 577 1134 606 bus
1155 580 1183 608 et
1203 580 1347 616 episcopis,
1369 581 1532 618 coepiscopis
1552 583 1679 619 Gregorio
1691 585 1795 614 vercel-

1085 622 1166 656 lensi,
1185 623 1330 653 euniberto
1359 625 1532 659 Taurinensi,
1559 627 1652 663 ingoni
1675 629 1794 663 astensi,

1084 667 1177 702 ogerio
1194 669 1371 704 lporogiensi,
1397 670 1506 706 epizoni
1525 672 1666 706 Laudenst,
1686 675 1714 702 et
1733 681 1793 703 cae·

1083 712 1152 740 teris
1172 713 1353 749 suffraganeis
1373 716 1485 744 sanctae
1510 716 1717 746 mediolanensis
1746 719 1790 746 Ec-

1082 757 1191 790 etesiae.
1206 758 1392 787 obedientibus
1404 759 1570 795 Apostolicae
1587 761 1656 794 sedi.
1671 763 1789 792 satutem

1082 802 1109 829 et
1126 803 1304 837 apostoticam
1320 804 1542 832 benedictionem.

1087 863 1202 898 Notum
1227 865 1314 900 vohis
1329 879 1398 901 esse
1422 866 1567 902 volumus
1588 868 1627 903 de
1649 869 1789 905 Tedaldo

1037 911 1262 948 Mediolanensi
1290 914 1416 956 elerico,
1439 928 1533 963 quem
1562 929 1614 952 rex
1648 927 1791 965 praeter-

1035 973 1128 1007 quam
1158 963 1249 997 nobis
1273 964 1390 1008 literis,
1418 966 1462 999 'ac
1490 965 1661 1012 legatorum
1686 968 1788 1003 verbis

1036 1011 1226 1057 promiserit,
1253 1012 1283 1046 in
1316 1013 1583 1050 Mediolanensem
1610 1016 1787 1053 Ecclesiam

1035 1060 1150 1105 posuit,
1173 1061 1257 1107 quod
1273 1063 1482 1109 episcopalem
1500 1064 1620 1105 sedem,
1635 1065 1673 1100 ad
1690 1078 1785 1113 quam

1033 1109 1090 1143 alia
1114 1110 1212 1155 prius,
1236 1123 1316 1158 quae
1338 1113 1441 1147 adhuc
1462 1121 1622 1160 superstes
1643 1123 1701 1154 est,
1725 1115 1787 1150 fne-

1035 1157 1072 1190 rit
1093 1159 1247 1204 assignata
1277 1172 1422 1205 persona,
1447 1174 1508 1196 uon
1544 1164 1618 1198 satis
1640 1164 1785 1201 ordinate

1032 1208 1210 1254 suscepisse
1234 1208 1364 1244 videtur.
1388 1210 1479 1252 Quod
1507 1223 1578 1246 eum
1609 1224 1664 1259 per
1684 1225 1784 1260 quos-

1032 1255 1102 1289 dam
1139 1256 1247 1292 lideles
1278 1266 1401 1293 nostros
1437 1267 1573 1294 nostram
1608 1262 1783 1309 requireret

1031 1304 1218 1346 amicitiam,
1251 1307 1435 1354 scripsimus
1457 1309 1500 1352 ei,
1525 1309 1583 1344 hoc
1605 1322 1663 1345 nos
1697 1312 1783 1346 mul-

1032 1361 1095 1387 tum
1113 1355 1191 1389 velle
1214 1363 1243 1389 et
1259 1368 1385 1402 cupere,
1407 1365 1501 1404 atque
1522 1370 1559 1393 eo
1582 1367 1672 1404 pacto
1692 1360 1782 1395 sacil-

1031 1401 1139 1436 limum
1156 1405 1323 1439 convenire
1347 1418 1450 1452 posse,
1472 1407 1509 1449 si,
1532 1408 1689 1454 requisitis
1704 1422 1782 1456 apo-

1029 1451 1181 1486 stolorum
1210 1453 1373 1488 liminibus
1406 1463 1435 1489 et
1459 1463 1563 1490 nostra
1590 1459 1779 1503 praesentia,

1029 1512 1154 1534 causam
1184 1503 1392 1547 promotionis
1425 1516 1500 1538 suae
1539 1517 1649 1551 puram
1684 1515 1778 1553 atque

1030 1549 1223 1595 probabilem
1247 1552 1413 1587 ostendere
1435 1553 1527 1587 vellet
1548 1562 1579 1588 et
1597 1564 1712 1601 posset.
1730 1556 1778 1591 Ad

1028 1598 1111 1644 quod
1140 1600 1361 1646 exequendum
1394 1602 1601 1637 amicabiliter
1622 1616 1695 1638 eum
1726 1618 1780 1639 vo-

1028 1647 1181 1687 ravimus,
1207 1657 1237 1682 et
1261 1650 1396 1695 praefixo
1413 1651 1472 1685 sibi
1493 1653 1627 1687 termino
1649 1653 1686 1687 ad
1707 1667 1784 1701 pro-

1030 1696 1143 1731 ximain
1159 1698 1314 1744 synodum
1339 1708 1488 1735 venturae
1510 1701 1781 1748 quadragesimae,

1028 1753 1091 1785 aut,
1120 1746 1143 1779 si
1173 1747 1275 1790 malit,
1307 1756 1378 1783 ante
1406 1749 1559 1795 synodum
1584 1751 1704 1785 firmam
1729 1764 1782 1786 st*-

1029 1795 1191 1828 curitatem
1218 1796 1359 1831 veniendi
1383 1798 1420 1831 ad
1452 1800 1520 1842 nos,
1554 1809 1584 1833 et
1612 1800 1779 1841 redeundi,

1029 1855 1064 1876 ex
1090 1851 1192 1877 nostra
1218 1854 1304 1890 parte
1328 1847 1543 1892 promisimus,
1569 1857 1598 1882 et
1625 1849 1698 1883 dare
1724 1863 1782 1896 pa—

1030 1892 1084 1926 rati
1121 1905 1241 1927 sumus.
1272 1894 1404 1941 Insuper
1435 1896 1554 1940 etiam,
1591 1909 1630 1932 ne
1653 1898 1780 1933 interim

1029 1941 1166 1987 aliquem
1190 1943 1228 1975 de
1247 1945 1343 1978 sacris
1362 1944 1528 1979 ordinibus
1549 1946 1680 1992 gradum
1706 1948 1780 1982 reei-

1030 1990 1113 2036 piat,
1143 1993 1312 2037 apostoliea
1345 1994 1530 2028 auctoritate
1562 1995 1589 2029 ei
1618 1996 1781 2030 interdixi-

240 2038 345 2073 causis
366 2038 476 2072 beatus
497 2038 609 2073 Petrus
630 2040 839 2075 anathematis
861 2041 988 2076 vinculo
1006 2061 1011 2083 i
1030 2051 1110 2073 mus.
1134 2040 1226 2081 Quod
1250 2041 1323 2075 item
1347 2050 1377 2075 et
1399 2042 1487 2076 vobis
1510 2055 1565 2089 pei·
1583 2056 1663 2084 eam,
1680 2057 1774 2090 qnam

239 2099 345 2133 regem
378 2087 561 2133 alligaverit,
595 2088 624 2121 in
653 2089 780 2127 cartula,
812 2102 891 2136 quae
916 2091 988 2125 huic
1031 2087 1120 2123 beato
1144 2089 1236 2123 Petro
1263 2090 1474 2136 apostolorum
1505 2093 1635 2139 principi
1659 2093 1781 2127 dehetis

236 2136 357 2171 inclusa
385 2143 443 2175 est,
471 2135 562 2182 plene
586 2137 727 2182 potestits
754 2149 955 2184 cognoscere.

236 2284 284 2317 De
309 2283 337 2316 T
335 2284 463 2322 edaldo,
488 2285 520 2318 iit
543 2286 800 2320 lttccliolanensem
821 2290 990 2322 Ecclesiam

286 2332 417 2375 intruso,
439 2334 481 2367 ad
505 2345 607 2368 sacros
636 2337 756 2370 ordines
785 2349 845 2370 non
862 2349 990 2381 promo-

286 2383 382 2415 vendo
399 2384 460 2425 (J).

502 2438 716 2470 SUMMARtUM

238 2484 385 2516 Tedaldus
408 2487 437 2516 in
457 2486 617 2517 Ecclesiam
638 2488 672 2517 al)
701 2488 825 2520 ilenrico
847 2501 915 2529 rege
941 2492 989 2520 in-

277 2531 388 2555 trusus.
409 2543 449 2549 —
470 2527 510 2556 Ad
531 2527 631 2556 limina
652 2531 851 2565 :ipos-trilornni
872 2536 990 2560 vocatus

274 2581 313 2616 (a)
329 2582 448 2608 Corinth.
466 2590 496 2614 ii,
519 2584 542 2608 1.
581 2583 620 2618 (t)
637 2583 674 2610 Ex
692 2584 755 2610 edit.
775 2586 853 2612 eard.
871 2586 990 2615 Carasae.

1029 2137 1253 2178 obedientiam,
1277 2147 1306 2173 et
1321 2151 1357 2173 ex
1371 2149 1489 2180 nostra,
1503 2152 1597 2187 quam
1622 2153 1675 2186 per
1692 2143 1778 2176 illum

1030 2185 1101 2219 licet
1121 2186 1238 2232 indigni
1261 2189 1471 2234 suscepimus,
1492 2190 1661 2235 apostoliea
1677 2200 1779 2232 aui-tog

1007 2257 1013 2272 ‚
1031 2234 1118 2268 ritate
1145 2235 1380 2275 interdicimus,
1405 2246 1436 2271 ut
1459 2238 1566 2272 nullus
1588 2247 1722 2273 vestrum
1741 2240 1780 2274 ad

1032 2283 1258 2329 promotionem
1291 2285 1423 2319 alieuius
1455 2286 1574 2321 ordinis
1596 2299 1722 2322 manuni
1751 2289 1778 2322 ei

1032 2341 1209 2378 praesumat
1239 2333 1413 2380 imponere,
1436 2334 1539 2370 donee
1566 2335 1668 2371 oblata
1691 2337 1780 2371 nohis

1031 2393 1085 2415 sua
1109 2382 1296 2426 praesentia,
1318 2383 1393 2429 quid
1416 2383 1595 2419 deintroitu
1614 2386 1780 2420 eiusindi-

1032 2430 1166 2464 candum
1189 2442 1219 2464 ei
1241 2431 1440 2466 statuendum
1473 2433 1525 2473 sit,
1548 2433 1680 2474 sincera,
1707 2435 1778 2469 Deo

1031 2478 1222 2517 adiuvante,
1251 2482 1407 2526 possimus
1438 2482 1700 2517 examinationem
1728 2484 1781 2517 ‹li-

1031 2539 1186 2561 sceiw'ieie.
1215 2531 1308 2569 Quod
1349 2531 1474 2575 quidem
1513 2544 1583 2565 enin
1617 2533 1777 2566 enniinuni

1032 2577 1175 2620 consilio,
1198 2585 1228 2611 et
1250 2578 1418 2613 coniuncta
1441 2580 1581 2614 omnium
1606 2593 1778 2616 testioiuni

1821 242 1869 268 ΛΙΙ.
1882 242 1909 267 l),
1934 243 2002 268 1075·

1850 892 1956 914 'renaldus
1981 895 2001 915 in

1822 918 1941 940 Ecclesium
1973 921 2000 941 ab

1817 945 1907 966 Heni-ico
1916 952 1964 972 rego
1971 947 2001 968 in-

1817 974 1893 993 trusus.

1839 1427 1869 1447 Ad
1885 1427 1957 1448 limina
1971 1428 1997 1448 A·

1812 1454 1942 1479 ponnloruin
1962 1460 1996 1474 ro-

1812 1483 1871 1500 catus
1894 1480 1921 1500 ad
1948 1486 1997 1506 pro-

1812 1506 1904 1526 bandum
1929 1507 1998 1532 tegiti-

1812 1539 1866 1552 niam
1876 1534 1906 1553 <ui
1915 1539 1997 1559 pronio-

1818 1562 1895 1579 tii=n121n
1910 1576 1914 1583 ,
1943 1566 1989 1580 t'tiin

1811 1586 1954 1611 prohibitione
1965 1589 1996 1606 ta-

1811 1618 1857 1632 inen
1878 1613 1994 1638 recipiendi

1812 1639 1894 1658 interim
1913 1645 1995 1660 sacrum

1811 1666 1874 1685 ullum
1894 1666 1995 1687 ordinem:

1831 2300 1896 2322 Oiietn
1921 2300 1988 2320 eidem

1805 2326 1899 2346 conseri-e
1911 2342 1914 2349 ,
1931 2327 1988 2347 ruiti-

1804 2352 1838 2372 he·
1857 2353 1989 2373 interdicitur

1805 2380 1921 2404 episcopo,
1950 2381 1988 2400 tuli

1823 2406 1965 2426 anatheniatis

1816 2438 1893 2458 pneua.
