2180 3205
143 245 193 272 An.
207 245 236 273 C.
256 247 323 274 1159

144 557 263 578 lunorentii
280 558 318 577 ΡΡ.

151 654 170 671 rt
186 650 206 669 S.
224 649 244 669 Π.
262 648 298 669 Em
298 650 317 669 l

166 681 301 701 cardinalium

146 713 322 739 sntscriptioueS.

189 2434 306 2457 Exordium

393 238 463 270 456

344 300 469 334 Domini
498 300 593 333 nostri
622 299 689 333 lesu
718 297 859 338 Cliristi;
881 305 1038 344 quatenus
1060 306 1089 332 et

341 350 393 384 liic
427 349 560 383 fructum
597 348 696 382 bonae
724 347 858 382 actionis
893 347 1089 394 percipiant,

341 408 369 433 et
397 398 478 444 apud
502 398 678 432 districtum
708 397 845 432 Iudicem
871 397 1006 443 praemia
1036 408 1091 431 ae-

341 456 447 482 ternae
484 447 569 494 pacis
606 447 777 481 inveniant.
818 448 936 486 Amen,
977 458 1089 487 amen,

340 510 444 531 amen.

390 546 461 581 Eoo
485 545 700 580 Inous-mus
733 545 904 580 catholicae
931 544 1091 579 Ecclesiae

341 610 357 629 c
363 597 510 642 pistopns
536 595 708 641 subscrips
704 608 721 628 i.

390 645 435 679 ΡΟ
420 658 458 687 go
477 643 756 679 TlicodeuinusS.
770 644 906 678 Rusiuae
924 644 1092 691 episcopus

342 681 508 729 cardinalis
534 693 717 740 subscripsi

390 744 458 790 Ego
487 744 588 778 Lucas
623 743 784 791 piesbjter
820 742 987 777 cardinalis
1011 742 1090 776 tituli

341 793 375 828 S.
402 793 527 827 loannis
553 801 584 827 ct
611 792 698 826 Pauli
722 793 905 838 subscripsi.

391 842 458 887 Ego
487 842 713 890 Chrysogonus
741 842 901 889 presbyter
927 840 1094 876 cardinalis

341 892 387 926 tit.
412 891 445 926 S.
468 892 620 926 Praxedis
646 892 831 939 subscripsi.

390 942 505 976 Datum
534 941 678 976 Laterani
704 953 759 986 per
780 953 907 975 manum
937 939 1093 987 Aynierici

341 991 476 1026 Sanctae
502 990 665 1025 Romanae
693 990 852 1025 Ecclesiae
875 990 997 1024 diaconi
1026 1002 1096 1024 car-

342 1041 455 1075 dinalis
477 1049 506 1075 et
527 1040 714 1084 cancellarii
738 1040 843 1074 idibus
870 1040 990 1086 aprilis,
1009 1039 1096 1073 indi-

343 1090 447 1124 ctione
481 1103 518 1134 υ,
554 1090 780 1124 incarnationis
807 1090 985 1124 dominicae
1012 1101 1095 1123 anno

343 1152 506 1181 mcxxnx
534 1140 734 1186 pontificatus
764 1151 837 1174 veto
861 1138 970 1173 domni
992 1138 1096 1173 Inno-

344 1190 437 1224 centii
457 1189 519 1223 ΡΡ.
543 1189 570 1223 ll
592 1200 674 1224 anno
693 1201 727 1222 x.

404 1246 466 1277 Dat.
485 1246 532 1277 die
552 1247 588 1277 13
606 1246 709 1285 aprilis
726 1256 802 1276 anno
820 1245 936 1276 Domini
952 1246 1038 1283 1139,

600 1290 703 1330 pontif.
726 1299 803 1319 anno
821 1299 848 1319 x.
1006 1314 1009 1317 .

684 1437 764 1472 LVI.

347 1515 547 1559 Confirmatio
567 1515 774 1558 fundationis.
795 1515 936 1548 abbatiae
964 1516 1099 1547 Acerba-

395 1566 508 1598 diensis
524 1592 531 1601 ,
578 1576 637 1609 pro
688 1565 773 1598 cm‘us
817 1565 962 1607 reqi'mt'ne
1008 1571 1098 1608 alque

395 1615 588 1647 immunitate
630 1615 777 1647 nonnulla
824 1621 1001 1647 stateutnnn·
1047 1616 1099 1647 cle-

396 1670 477 1697 crela
501 1666 562 1706 (A).

617 1736 832 1767 SUMMAth‘M

347 1805 514 1835 Exordium.
529 1821 569 1827 —-
590 1803 720 1834 Ecclesia
747 1804 819 1833 haec
841 1803 896 1833 sub
920 1805 1099 1842 protectione

387 1850 472 1882 Sedis
495 1849 681 1888 Apostolicae
704 1848 863 1887 recipitur:
895 1865 934 1870 —
968 1848 1099 1889 Eiusque

389 1894 464 1923 bona
483 1894 580 1922 omnia
598 1893 824 1922 confirmantur:
842 1909 881 1915 —
895 1892 965 1922 Cum
983 1895 1100 1924 decreto

389 1938 575 1967 omnimodae
604 1937 747 1967 libertatis
778 1946 791 1966 a
819 1947 1006 1977 quacumque
1029 1949 1098 1968 exa-

389 1983 494 2012 ctione.
519 1982 746 2012 —Decernitur
764 1982 886 2020 insuper
910 1987 939 2012 ut
961 1984 1031 2013 ordo
1054 1994 1101 2018 re-

390 2026 501 2065 gularis
530 2027 603 2056 inibi
626 2027 736 2056 serrari
763 2026 875 2057 debeat.
907 2045 947 2049 —
969 2028 1004 2058 Ut
1026 2029 1099 2058 nulli

390 2072 595 2110 episcoporum
626 2071 712 2101 liceat
735 2072 895 2101 monachos
919 2073 1100 2111 inquietare:

391 2115 425 2145 [t
444 2116 533 2145 libera
563 2116 678 2145 tandem
699 2115 772 2145 inibi
795 2116 919 2146 cuilibet
941 2119 977 2146 sit
1000 2119 1101 2157 sepul-

391 2165 467 2188 tura:
490 2178 528 2181 —
550 2160 659 2189 Solitae
682 2159 900 2190 conclusiones.

351 2226 498 2255 lnnocentins
517 2227 636 2265 episcopus
653 2235 730 2256 servus
746 2236 863 2256 serrorum
885 2227 936 2265 Dei,
955 2227 1040 2258 dilecto
1053 2228 1100 2258 filio

391 2270 468 2300 abbati
489 2271 594 2300 Andr-cae
616 2272 711 2299 Sanctae
734 2271 828 2307 itunae,
847 2272 904 2301 sitae
922 2272 944 2301 in
965 2272 1100 2309 Arci-badio7

392 2316 482 2353 tuisque
504 2314 672 2345 successoribus
690 2317 799 2346 canonice
816 2315 991 2355 substituendis,
1012 2318 1033 2346 in
1050 2327 1102 2356 per-

391 2363 494 2397 petuuin.

404 2417 478 2452 Piae
492 2418 603 2464 postul·
598 2418 659 2452 itio
678 2418 844 2453 ioluntatis
862 2418 993 2453 essectus
1007 2419 1101 2454 debet

354 2476 563 2514 prosequente
579 2468 740 2514 coinpler,i
756 2477 910 2515 quatenus
925 2468 982 2503 (lex
988 2469 1101 2503 otionis

354 2517 731 2551 sinceritaslaudabiliter
757 2518 919 2558 enitescat
935 2526 965 2552 et
984 2519 1101 2553 utilitas

354 2565 507 2613 postulata
521 2567 599 2601 vires
609 2567 820 2601 indubitanter
829 2576 976 2602 assumat.
987 2567 1105 2614 Eapro-

390 2632 430 2668 (¹)
449 2632 488 2659 Ex
505 2635 569 2659 tom.
586 2640 595 2659 ι
611 2632 674 2659 Cod.
693 2632 834 2668 Diplomat.
851 2633 951 2666 Miraei,
964 2641 1022 2669 pag.
1043 2634 1102 2661 100-

938 244 1039 267 ΒΕΙᾸΑ
1045 244 1124 267 tum!
1149 243 1311 267 ROMANUM

1896 240 1948 268 An.
1965 240 1994 268 C.
2009 239 2075 268 1139

1133 304 1212 342 pter,
1240 296 1351 331 dilecte
1373 296 1403 330 in
1427 295 1564 330 Domino
1583 295 1638 337 fili,
1662 295 1805 330 Andreas
1831 295 1883 330 ab·

1133 346 1208 385 bas,
1236 346 1299 380 tuis
1327 345 1530 392 petitionibus
1565 345 1736 389 clementer
1768 345 1883 380 annui-

1133 408 1203 430 mus
1231 395 1450 435 etecclesiam
1473 394 1607 429 Sanctae
1634 394 1761 438 Mariae,
1790 395 1881 429 sitam

1132 445 1163 479 in
1187 445 1374 489 Drcbodio,
1408 456 1502 491 quam
1536 444 1644 491 utique
1683 443 1798 478 nobilis
1836 443 1882 478 vir

1133 494 1284 528 Arnulsus
1311 506 1418 528 comes
1439 493 1570 540 eiusque
1601 501 1782 533 consortes,
1814 493 1882 539 piae

1136 544 1306 578 Jevotionis
1329 543 1441 587 intuitu
1466 543 1694 583 fundaverunt,
1716 550 1746 577 et
1767 542 1803 577 ad
1829 555 1883 577 re-

1134 602 1226 627 sti-am
1254 593 1536 628 substentationem
1576 592 1783 639 omnipotenti
1816 591 1883 626 Do-

1135 643 1219 676 mino
1257 656 1312 690 pro
1356 643 1533 677 animarum
1573 654 1700 676 snartim
1745 641 1883 676 remedio

1135 692 1231 726 libere
1270 691 1478 736 obtulerunt⁷
1510 703 1525 725 a
1565 692 1700 726 termino
1739 690 1883 725 videlicet

1133 741 1346 783 Endcbcrgbe
1384 753 1483 788 usque
1517 740 1556 775 ad
1595 741 1790 780 terminum,
1829 741 1883 787 qui

1134 791 1249 825 dicitur
1275 790 1418 836 Ulrepat,
1450 803 1521 825 cum
1564 791 1687 836 pascuis
1714 790 1884 825 circumia—
1910 810 2007 832 godes„
2027 811 2081 832 „m

1135 841 1292 880 centibus
1315 840 1373 875 sub
1397 840 1588 894 protectione
1616 839 1695 874 beati
1725 839 1807 874 Petri
1835 853 1883 874 su·
1896 841 2083 895 {ffiigf‘xessfflff

1135 890 1298 944 scipimus3
1327 898 1356 923 et
1392 901 1500 937 pines·
1505 897 1565 923 ntis
1593 889 1742 936 privilegii
1772 889 1882 936 pagina
1897 907 1935 924 cae
1949 878 2060 930 metimur

1135 940 1381 974 communimus.
1405 938 1581 973 Statuimus
1607 939 1713 982 etiam,
1741 947 1773 973 ut
1795 951 1884 986 quas-

1135 1001 1272 1035 cumque
1295 989 1520 1035 possessiones
1548 1000 1767 1043 quaecumque
1802 989 1883 1024 bona
1910 1008 2002 1036 nmque
2027 1009 2083 1031 „m

1136 1038 1220 1072 idem
1243 1038 1331 1073 locus
1359 1038 1648 1084 impraesentiarum
1672 1038 1750 1073 iuste
1777 1046 1808 1073 et
1828 1051 1884 1074 ca—
1911 1041 2072 1062 0““”““0““ῐ“

1137 1089 1250 1122 nonice
1279 1088 1428 1134 possidet
1454 1095 1507 1122 aut
1534 1088 1565 1121 in
1588 1086 1727 1122 futurum
1750 1100 1886 1124 conces-
1944 1074 2041 1093 mauu

1137 1138 1226 1172 sione
1254 1137 1468 1181 Pontificum,
1503 1136 1668 1182 largitione
1694 1149 1804 1183 regum
1837 1139 1885 1173 vel

1139 1187 1330 1234 principum,
1357 1186 1514 1221 oblatione
1540 1185 1695 1231 fidelium,
1730 1199 1787 1222 seu
1818 1189 1886 1223 aliis

1137 1237 1227 1271 iustis
1255 1236 1369 1275 modis,
1402 1236 1470 1271 Deo
1498 1236 1646 1282 propitio,
1675 1237 1788 1282 poterit
1818 1236 1888 1272 adiss

1140 1287 1238 1333 pisci,
1267 1286 1353 1320 firma
1382 1285 1436 1319 tibi
1473 1286 1598 1332 tuisque
1624 1286 1886 1332 successoribus,

1138 1344 1167 1370 et
1196 1335 1310 1370 illibata
1339 1342 1554 1383 permaneant.

1187 1385 1363 1419 Adiiciinns
1397 1397 1536 1432 quoqne,
1565 1391 1598 1418 ut
1632 1383 1715 1419 idem
1739 1384 1826 1421 locus
1847 1385 1887 1421 ab

1138 1435 1223 1469 omni
1252 1435 1415 1469 exactione
1442 1434 1522 1468 liber
1557 1442 1704 1478 maneat,
1731 1435 1813 1469 sicut
1847 1435 1886 1470 ab

1138 1484 1250 1519 iisdem
1279 1483 1497 1518 fundatoribus
1523 1492 1675 1518 statutum
1711 1483 1807 1519 fuisse
1829 1497 1887 1520 co-

1138 1534 1311 1580 gnoseitur
1339 1533 1404 1567 Nec
1438 1533 1574 1580 aliquem
1610 1541 1732 1579 praeter
1763 1534 1981 1581 episco-cnon0.

1140 1596 1213 1630 pum
1238 1583 1349 1617 babeat
1380 1582 1580 1617 advocatum.
1608 1582 1649 1616 Et
1677 1591 1710 1616 ut
1736 1584 1813 1618 ordo
1839 1597 1889 1619 ca-

1140 1633 1273 1667 nonicus
1288 1632 1460 1667 secuudum
1484 1632 1623 1678 regulam
1655 1633 1753 1666 sancti
1777 1634 1888 1680 Augu·
1914 1656 2088 1678 mmmmm,

1139 1682 1223 1725 sunt,
1252 1690 1282 1716 et
1310 1682 1539 1716 institutionem
1567 1681 1966 1719 praemonstratensissuver
1988 1690 2011 1724 3²²
2033 1688 2085 1724 9¹⁹9

1140 1732 1312 1771 Ecclesiae,
1339 1731 1381 1765 ibi
1402 1739 1554 1778 perpetuo
1576 1739 1789 1766 conservetur.
1807 1718 2086 1775 San—Egffiif¹{01‚¹2,il'‡

1141 1782 1243 1816 cimus
1265 1781 1371 1824 etiam,
1395 1789 1427 1815 ut
1454 1782 1572 1814 nemini
1600 1780 1727 1815 fratrum
1756 1791 1827 1829 post
1847 1782 1890 1817 fa-

1140 1840 1220 1865 ctam
1245 1830 1275 1864 in
1297 1830 1408 1864 eodem
1426 1829 1493 1864 loco
1513 1829 1752 1881 professionem,
1771 1831 1890 1879 absque

1141 1881 1264 1914 licentia
1282 1880 1408 1926 praelati
1431 1879 1481 1914 sui
1497 1879 1535 1913 ad
1557 1879 1651 1914 alium
1675 1875 1779 1914 locum
1798 1881 1891 1917 liceat

1141 1930 1373 1975 transmigrare.

1189 1957 1291 2021 Quod0
1308 1979 1332 2013 si
1361 1977 1550 2018 discesserit,
1573 1985 1603 2012 et
1627 1979 1779 2013 canonice
1805 1991 1891 2014 com-

1141 2030 1280 2063 monitus
1317 2028 1419 2062 redire
1446 2028 1682 2074 contempserit,
1711 2028 1890 2066 facultatem

1141 2078 1348 2112 nibilominus
1376 2076 1527 2121 babeatis,
1560 2076 1708 2112 eumdem
1737 2089 1752 2111 a
1774 2078 1890 2114 divinis

1141 2128 1252 2162 officiis
1265 2127 1459 2166 interdicere,
1476 2126 1676 2161 interdictum
1693 2139 1765 2161 vero
1783 2127 1890 2163 nullus

1141 2178 1361 2224 episcoporum
1391 2176 1437 2210 vel
1464 2175 1610 2210 abbatum
1638 2177 1800 2223 suscipere
1825 2189 1890 2212 au-

1141 2227 1223 2270 deat,
1257 2226 1303 2260 rel
1339 2226 1485 2260 retinere.
1514 2225 1598 2260 Sane
1631 2225 1670 2259 de
1704 2225 1888 2268 laboribus,

1141 2288 1220 2323 qnos
1242 2275 1378 2322 propriis
1407 2275 1554 2309 manibus
1580 2282 1611 2309 et
1631 2275 1810 2322 sumptibus
1832 2287 1890 2310 co-

1143 2326 1216 2368 litis,
1243 2325 1382 2359 decimas
1413 2325 1493 2370 exigi
1521 2324 1737 2371 probibemus.
1760 2324 1807 2359 De
1829 2337 1890 2359 nu-

1143 2374 1297 2410 trimenu‘s
1330 2386 1457 2421 qnoque
1494 2374 1676 2408 animalium
1714 2382 1889 2409 vestrorum

1143 2424 1281 2470 idipsum
1305 2423 1460 2458 obser-vati
1489 2423 1708 2470 praecipimus.

1193 2473 1234 2508 Ut
1259 2481 1362 2507 autem
1382 2473 1527 2527 quietius
1553 2480 1646 2527 atque
1669 2470 1796 2506 liberius
1821 2483 1890 2506 ma·-

1145 2535 1218 2557 nere
1235 2522 1360 2577 possitis
1382 2522 1410 2555 in
1431 2522 1656 2568 omnipotentis
1673 2520 1727 2555 Dei
1749 2521 1888 2565 servitio,
1904 2517 2088 2584 SUJpossfflnuhfffi

1144 2573 1326 2607 auctoritate
1353 2571 1524 2618 apostolica
1557 2570 1748 2609 inliibeinus,
1777 2582 1815 2605 ne
1837 2571 1889 2605 cui
1918 2575 2075 2601 monachosm-

1144 2622 1294 2670 episcopo
1315 2620 1418 2663 liceat,
1440 2632 1494 2655 vos
1515 2619 1553 2655 ad
1583 2632 1640 2655 sua
1668 2619 1804 2667 negotia,
1830 2620 1890 2656 nisi
1939 2610 2048 2638 ‘¹⁰¹⁰“‘⁰

1913 1417 1964 1438 Cum
1983 1417 2071 1439 decreto

1927 1448 2059 1469 omnimodae

1926 1479 2032 1501 libertatis
2046 1484 2058 1499 a

1901 1515 2031 1539 quacumque
2037 1514 2086 1531 exa-
2130 1539 2132 1541 Ι
