2180 3205
34 251 83 278 An.
101 249 129 276 C.
150 249 216 276 ¹152

46 547 150 575 fingentur
163 553 214 568 sen-

33 579 118 600 tenti-m
137 578 215 599 invali-

33 609 74 634 ἀει,
94 610 142 637 quia
161 615 214 629 ron-

33 640 116 661 tnrlaiu
142 645 215 659 exom-

32 670 138 698 [itionibus
168 677 215 691 rnu-

33 702 133 727 noterio,
176 708 214 728 prr

33 733 210 760 praedecessores

33 762 145 785 tvo-iuncea
160 770 213 785 con-

31 795 108 820 tenis.
117 797 211 822 agnoscit

853 254 1011 277 nucuxtt's
1039 254 1075 276 m
1103 254 1150 276 ΙΨ.
1200 261 1205 265 ’

1651 244 1714 276 581

1788 256 1835 281 An.
1854 255 1881 281 c.
1905 257 1970 282 ¹¹:12
2012 285 2017 291 ,

229 305 302 349 gine
324 304 474 351 episcopo
496 305 555 339 sub
578 318 635 340 suo
650 305 753 351 sigillo
777 307 978 351 transmissis,
1024 319 1166 341 revocare
1191 307 1340 350 volentes,
1363 307 1442 341 sicut
1458 307 1604 354 superius
1619 307 1769 352 diximus,
1787 326 1822 348 per
1839 320 1918 341 int-ot.-
1934 322 1969 340 va.

228 355 394 399 diligenter
418 355 579 401 inspectis,
602 364 629 388 ct
653 355 779 401 saepius
797 368 812 390 a
830 356 921 390 nobis
936 368 980 391 rc·
1022 357 1194 402 privilegiis
1216 357 1382 401 diligt-nter
1405 357 1566 403 inspectiS,
1596 365 1627 391 et
1653 358 1771 404 allega-

228 404 333 442 lectis;
360 404 581 450 cognoscimus
615 405 799 438 senteutiam
825 406 922 450 ipsam
947 406 976 439 in
1022 406 1158 439 tionibus
1185 407 1348 451 utriusque
1371 406 1466 452 partis
1489 418 1582 452 saepe
1613 418 1649 440 ac
1679 407 1771 454 plene

229 454 363 487 maxima
387 454 434 487 sni
465 462 549 500 parte
571 462 678 488 contra
703 454 862 499 privilegia
886 454 978 488 Sedis

228 502 446 549 Apostolieae,
488 503 677 537 monasterio
709 502 843 537 Satn-tae
884 503 978 537 lnliae

230 551 364 592 indulta,
406 552 500 586 l'nisse
541 551 701 597 prolatam.
746 551 778 585 ln
815 552 977 598 privilegio

230 614 365 648 namque
388 600 476 635 l’auli
499 600 563 635 ΡΙ).
587 601 626 634 ita
651 601 732 634 inter
753 609 873 635 caetera
897 602 977 635 scri-

230 661 315 697 ptum
337 650 487 696 legimus:
507 664 522 681 «
545 649 652 695 lgitnr,
671 649 741 695 qnia
760 650 934 696 postulatur
961 662 977 684 a

229 700 331 743 uobis,
353 707 510 746 qnatenus
541 698 717 732 venerabile
753 700 975 733 monasterinm

229 749 354 784 Domini
377 748 547 783 Salvatoris
569 747 664 781 nostri
692 747 759 782 lesu
788 748 917 789 Christi,
940 748 978 781 si-

229 807 292 833 tum
313 798 390 832 infra
407 798 562 832 civitatem
580 796 732 836 Brixiam,
755 797 839 843 qnod
856 798 977 831 noviter

227 847 359 882 fundare
405 847 466 880 visa
500 854 547 881 est
585 845 667 879 Ausa
711 846 975 880 excellentissima

227 897 347 944 regina,
370 896 523 942 privilegii
546 895 639 929 Sedis
658 895 856 941 Apostolicae
872 896 977 930 insulis

227 946 405 989 decoretur,
433 944 699 979 concordantibus
723 944 812 978 nobis
835 957 977 979 reveren-

227 995 365 1030 dissimis
390 995 550 1041 episcopis
585 994 713 1033 nostris,
751 1007 787 1027 cx
815 995 974 1028 communi

226 1057 357 1080 assensu
392 1051 528 1078 statuere
559 1042 766 1082 decrevimus,
795 1051 827 1076 ιιι
856 1044 977 1090 praefa-

227 1101 294 1129 tum
317 1093 541 1128 monasterium
561 1092 683 1126 Domini
702 1091 883 1136 Salvatoris,
903 1106 978 1126 run-

226 1151 338 1191 ctaque
357 1142 541 1177 monasteria
569 1154 640 1176 cum
671 1141 822 1175 universis
843 1141 977 1176 basilicis

226 1192 264 1227 ad
295 1204 330 1227 se
366 1191 615 1239 pertinentibus,
654 1204 733 1238 qnae
768 1203 782 1224 a
819 1191 977 1237 piissimae

227 1241 332 1277 Ansae
367 1242 433 1276 iure
472 1248 649 1275 constructa
684 1252 752 1274 esse
793 1249 976 1284 noscuntur,

226 1290 427 1338 Apostolicae
448 1289 542 1325 Sedis
565 1289 730 1337 privilegii,
756 1290 805 1323 cni
834 1289 902 1324 Deo
921 1302 977 1324 an-

226 1348 312 1376 ctore
339 1339 554 1379 deservimus,
578 1339 684 1373 infulis
709 1338 919 1373 decoretur».
938 1339 975 1373 Et

227 1389 321 1425 infra:
337 1404 352 1422 «
368 1389 514 1424 Decuius
529 1389 656 1434 insuper
669 1389 848 1422 monasterii
872 1388 978 1422 unius-

227 1439 381 1486 cuiusque
403 1438 578 1472 abbatissae
609 1437 845 1472 consecratione
863 1437 975 1471 sanciri

227 1488 438 1524 communiter
464 1487 673 1526 decrevimus,
703 1494 734 1520 ut
766 1486 823 1520 sibi
850 1487 939 1521 liceat
961 1499 976 1521 a

227 1549 449 1585 quocumque,
485 1536 579 1570 etde
618 1548 817 1583 quacumque
851 1536 977 1570 civitate

228 1587 371 1631 voluerit,
393 1586 544 1633 episcopo
571 1585 765 1625 consecrari,
794 1584 978 1619 cuiuscum-

227 1648 290 1684 que
316 1648 389 1671 vcro
416 1635 535 1669 ordinis
560 1635 717 1669 Ecclesiae
749 1634 890 1668 eiusdem
914 1634 976 1668 ab—

227 1685 362 1721 batissae
389 1693 510 1731 rogatu,
544 1684 690 1718 similiter
711 1696 725 1717 a
753 1696 975 1730 quocumque,

227 1744 258 1770 et
283 1735 322 1770 de
348 1746 548 1782 quacumque
579 1733 702 1768 civitate
726 1733 874 1777 voluerit,
909 1733 978 1779 epi-

225 1796 323 1832 scopo
345 1791 543 1831 expetantur,
571 1783 616 1817 vel
639 1790 875 1817 consecrentur.
903 1783 978 1824 Qni-

227 1834 287 1869 bus
312 1834 406 1868 etiam
430 1833 586 1867 licentiam
607 1832 755 1866 concordi
780 1832 978 1866 institutione

227 1883 453 1921 concessimus,
494 1881 640 1917 Chrisma
677 1890 818 1928 tempore
852 1881 979 1927 Baptis-

228 1933 334 1976 matis,
362 1941 392 1967 et
425 1931 559 1971 Oleum,
597 1930 634 1965 ad
662 1930 833 1965 exercenda
872 1930 977 1964 divina

229 1981 388 2030 mysteria,
409 1993 464 2015 seu
492 1980 722 2027 cuiuscumque
744 1979 889 2026 specialis
918 1992 979 2014 ne-

229 2031 305 2077 gotii
339 2030 512 2065 subsidium
541 2041 557 2063 a
590 2041 792 2076 quocumque
819 2029 978 2076 episcopo,

229 2079 591 2126 cumexigit,apostolica
605 2078 767 2124 largitione
777 2079 936 2125 percipere
949 2093 977 2112 ».

229 2129 270 2164 Et
296 2129 326 2164 in
356 2129 508 2176 privilegii
533 2127 595 2162 ΡΡ.
618 2127 792 2162 Innocentii
820 2128 901 2162 serie
934 2128 978 2162 sic

231 2178 426 2213 invenimus:
453 2192 468 2209 «
488 2177 654 2221 Chrisma,
677 2176 790 2211 Oleum
816 2186 977 2221 sanctum,

229 2228 482 2263 consecrationes
503 2226 657 2267 altarium,
680 2227 745 2261 sive
767 2226 978 2267 basilicarum,

229 2277 444 2312 ordinationes
461 2275 647 2316 abbatissae,
670 2275 717 2309 rel
741 2275 979 2320 monacharum,

229 2338 286 2361 seu
303 2326 488 2361 clericorum
518 2333 706 2368 vestrorum,
728 2325 780 2371 qui
812 2324 851 2359 ad
875 2337 980 2359 sacros

229 2375 346 2410 suerint
366 2374 493 2409 ordines
516 2373 735 2421 promovendi,
757 2386 812 2408 scu
827 2374 979 2420 quicquid

229 2424 268 2459 ad
290 2436 412 2459 sacrum
449 2423 657 2458 ministerium
687 2423 836 2469 pertinet,
871 2435 886 2456 a
910 2423 981 2469 qui-

230 2473 429 2520 buscumque
462 2472 634 2507 malueritis
668 2471 850 2512 catholicis,
877 2472 981 2506 susci-

46 2552 218 2578 mflmfflque
231 2523 325 2570 piatis
342 2523 512 2570 episcopis.
536 2521 627 2563 Quod
652 2521 746 2565 igitur
768 2521 797 2554 in
822 2520 979 2567 praedicta

37 2586 127 2613 ..unquis
151 2581 219 2610 privi-
232 2572 386 2607 sententia
412 2578 519 2606 contra
542 2571 634 2605 Sedis
661 2570 860 2616 Apostolicae
885 2570 980 2616 privi-

36 2615 104 2643 kgtis,
122 2613 216 2635 ordinem

232 2621 311 2668 legia
333 2621 523 2661 continetur,
552 2619 589 2654 ad
618 2631 759 2654 normam
785 2619 980 2654 rectitudinis

1019 455 1134 488 auditis
1157 463 1185 488 ct
1208 456 1354 499 cognitis,
1376 464 1405 488 ct
1427 456 1677 490 attestationibus
1702 469 1771 491 cro-

1020 503 1076 537 bro
1099 504 1256 549 perlectis,
1284 504 1518 539 communicato
1550 505 1678 539 fratrum
1714 519 1771 540 no-

1019 560 1155 586 strorum
1178 553 1323 593 consilio,
1352 553 1546 598 iudicamus,
1580 563 1611 588 ut
1647 555 1676 589 in
1708 555 1771 590 Ec-

1019 602 1113 636 clesia
1136 602 1174 635 tle
1201 601 1386 645 Cicognaria
1417 603 1499 637 inxta
1536 603 1769 649 privilegiorum

1020 658 1158 685 tenorem
1176 664 1230 697 per
1259 659 1286 684 te
1311 651 1469 698 presbyter
1495 652 1638 698 eligatur,
1662 662 1692 687 vt
1716 654 1771 688 ibi-

1786 352 1850 372 larnin
1879 357 1969 372 ucri-,in-

1786 383 1832 402 dum
1849 384 1932 401 statutt:

1019 699 1089 733 dem
1115 709 1265 746 ponatur3
1300 700 1445 734 Chrisma
1480 713 1626 747 qnoque,
1654 702 1768 738 Oleum
1818 716 1945 737 mmmm.

1018 757 1174 789 sanctum,
1198 757 1227 782 ct
1246 756 1365 783 caetera
1385 750 1564 795 spiritualia,
1589 751 1669 786 idem
1689 766 1771 798 pres·
1785 752 1843 796 „¹2⁰⁹
1880 752 1892 795 ⁸,
1938 784 1946 793 ,.
1963 791 1966 795 ,

1019 797 1118 846 hyter,
1146 806 1207 832 tam
1237 798 1265 832 in
1290 810 1334 841 se,
1357 811 1450 845 quain
1475 798 1504 832 in
1535 799 1594 834 sibi
1624 802 1768 842 subditis,
1849 814 1906 827 ἰι-Ν

1019 859 1033 881 a
1053 859 1254 895 quocumque
1278 847 1409 882 voluerit
1431 848 1582 895 episcopo
1603 850 1769 896 catholico,
1785 844 1858 888 22¹¹.
1899 844 1967 856 'mm

1018 904 1048 931 et
1083 897 1213 942 gratiam
1250 896 1450 943 Apostolicae
1486 897 1579 932 Sedis
1617 898 1768 945 habente,
1806 906 1816 919 '¹

1018 946 1178 993 suscipiat.
1203 945 1291 980 Plebi
1309 958 1382 981 vero
1401 946 1439 981 de
1461 945 1713 990 Casali-Maiore,
1739 950 1767 984 in

1021 996 1107 1030 nullo
1129 994 1318 1030 subiacebit:
1342 1008 1453 1030 omnes
1472 995 1617 1031 homines
1643 998 1682 1032 de
1697 1012 1771 1046 qua-

1019 1053 1089 1079 tuor
1117 1045 1208 1089 vittis,
1237 1043 1339 1079 Casali
1361 1045 1516 1087 videlicet,
1544 1046 1614 1080 villa
1639 1047 1771 1083 Raven-

1020 1093 1177 1133 neusium,
1205 1093 1335 1140 Gurgo,
1371 1102 1402 1129 et
1438 1094 1508 1129 villa
1544 1095 1583 1130 de
1609 1096 1770 1137 Scurolis,

1019 1152 1150 1190 excepto
1164 1143 1286 1183 Banno,
1310 1151 1339 1177 et
1354 1143 1588 1189 Lombardello,
1608 1154 1636 1179 et
1655 1145 1771 1182 familia

1018 1192 1220 1239 Camparelli,
1236 1192 1363 1239 annli,
1385 1201 1478 1240 atque
1492 1193 1611 1228 Atheni
1636 1195 1771 1240 Ferrari,

1018 1242 1056 1276 ad
1086 1242 1275 1288 praedictam
1311 1243 1475 1276 ecclesiam
1516 1243 1554 1276 de
1582 1243 1770 1291 Cicognaria

1019 1299 1080 1325 tam
1106 1292 1163 1325 vivi
1193 1303 1285 1338 qnam
1305 1292 1398 1325 ctiam
1423 1293 1536 1326 mortni
1562 1305 1617 1339 pro
1645 1295 1773 1340 partiri-

1021 1340 1131 1387 pandis
1162 1341 1285 1375 cunctis
1317 1340 1532 1385 spiritualibus
1565 1342 1689 1377 vadant.
1727 1344 1772 1379 De

1020 1390 1089 1424 villa
1129 1398 1232 1424 auten·
1261 1390 1300 1424 de
1339 1390 1472 1424 Bai-cell.
1509 1391 1689 1438 Stephanus
1732 1393 1772 1428 de

1020 1439 1155 1486 Aggere,
1178 1439 1355 1479 Modelena,
1379 1448 1409 1474 et
1424 1438 1563 1480 Osberti,
1585 1450 1614 1475 et
1631 1442 1771 1484 Ductori,

1019 1498 1049 1523 et
1071 1489 1275 1533 Barbalongi,
1300 1498 1329 1523 et
1351 1496 1486 1535 quatuor
1525 1502 1614 1524 casae
1641 1491 1679 1525 de
1695 1491 1773 1526 Bar-

1020 1537 1090 1572 cell.
1117 1546 1146 1572 et
1164 1538 1278 1572 Petrus
1301 1537 1462 1581 Albertus,
1488 1547 1516 1572 et
1550 1549 1682 1584 cognata
1705 1554 1771 1585 sua,

1020 1587 1049 1621 in
1084 1587 1193 1622 eadem
1216 1587 1347 1622 ecclesia
1381 1587 1419 1622 de
1456 1588 1641 1634 Cicognaria
1673 1603 1771 1636 sepe—

1020 1637 1144 1671 liantur.
1180 1637 1241 1670 Pro
1274 1637 1405 1671 caeteris
1432 1637 1573 1672 eiusdem
1601 1638 1691 1674 vittae
1714 1640 1771 1673 ho-

1020 1687 1121 1720 mines
1153 1686 1191 1719 ad
1219 1686 1384 1721 ecclesiam
1426 1685 1464 1719 de
1495 1686 1590 1721 Fossa
1621 1687 1769 1734 Capraria

1021 1735 1231 1782 percipiendis
1246 1735 1346 1769 ibunt.
1370 1735 1509 1770 Ecclesia
1527 1736 1565 1770 de
1584 1736 1770 1783 Cicognaria

1020 1785 1213 1819 decimarum
1236 1792 1378 1830 quartam
1403 1793 1533 1831 partem,
1556 1786 1634 1820 sicut
1665 1787 1772 1822 hacte-

1022 1846 1079 1867 nns
1107 1834 1218 1874 tenuit,
1240 1845 1365 1881 semper
1388 1834 1555 1880 possideat.
1586 1835 1770 1871 ,Edificium

1021 1883 1113 1917 etiam
1144 1883 1204 1917 sub
1228 1882 1390 1918 Ecclesiae
1426 1884 1564 1920 nomine,
1591 1893 1699 1920 coiitra
1721 1898 1772 1920 sa-

1021 1945 1091 1966 cros
1113 1944 1250 1966 canones
1276 1941 1306 1967 et
1335 1932 1406 1966 novi
1429 1933 1534 1979 operis
1556 1933 1772 1969 denunciatio-

1022 1994 1106 2024 nem,
1142 1981 1219 2016 infra
1254 1982 1431 2027 parochiam
1456 1982 1494 2016 de
1527 1982 1715 2030 Cicognaria
1739 1985 1769 2018 in

1021 2031 1197 2065 evidentem
1238 2030 1395 2065 Ecclesiae
1435 2031 1585 2065 damnum
1625 2041 1771 2067 constru-

1022 2089 1119 2124 ctnm,
1146 2080 1372 2114 destruendum
1402 2081 1527 2127 penitus
1550 2081 1769 2116 iudicavimus.

1021 2129 1054 2164 Si
1091 2142 1163 2164 vero
1199 2130 1368 2164 necessitas
1405 2130 1567 2164 hominum
1608 2130 1695 2165 villae
1731 2132 1770 2165 de

1022 2179 1154 2213 Barcell.
1183 2178 1332 2225 exegerit,
1355 2179 1432 2212 intra
1455 2179 1597 2213 eamdem
1622 2180 1724 2214 villan]
1741 2189 1770 2214 et

1023 2228 1136 2262 fossam
1172 2227 1367 2274 Caprariam,
1400 2235 1486 2262 extra
1521 2228 1699 2275 parochiam
1732 2229 1770 2264 de

1022 2277 1220 2324 Cicognaria,
1242 2277 1490 2311 Cremonensem
1517 2278 1700 2324 episcopum
1717 2291 1771 2313 ec-

1021 2327 1146 2362 clesiam
1175 2326 1339 2360 aedificare
1362 2327 1581 2372 permittimus.
1610 2327 1655 2361 Ne
1678 2328 1771 2374 igitur

1023 2376 1241 2423 parochiarum
1271 2376 1320 2409 liat
1348 2374 1509 2419 conlusio,
1531 2377 1686 2422 praesenti
1714 2378 1770 2411 dc-

1021 2434 1106 2460 c1·‹=te
1129 2424 1328 2471 Apostolicae
1350 2424 1443 2459 Sedis
1465 2426 1646 2460 auctoritate
1667 2427 1770 2460 statui-

1022 2487 1104 2513 mus,
1128 2482 1158 2507 ut
1185 2474 1377 2520 quicumque
1407 2473 1445 2508 de
1467 2474 1655 2521 supradictis
1678 2488 1770 2522 paro—

1022 2523 1101 2557 chiis
1123 2523 1161 2557 dc
1190 2535 1249 2557 una
1272 2523 1308 2556 ad
1332 2523 1423 2556 aliam
1452 2523 1645 2558 domicilium
1675 2537 1769 2559 suum

1023 2572 1230 2611 transtulerit,
1253 2572 1291 2604 ab
1315 2572 1361 2604 illa
1385 2571 1521 2606 Ecclesia
1539 2574 1642 2607 omnia
1665 2573 1769 2608 dii-ina

1023 2622 1183 2668 percipiat,
1206 2620 1243 2655 ad
1261 2622 1350 2655 cuius
1374 2622 1551 2668 parochiam
1575 2622 1769 2658 domicilium

1785 932 1842 957 scopi
1872 931 1968 951 tironum.

1785 962 1916 981 subies-nnnc
1930 962 1969 980 dc-

1785 992 1876 1012 claraus.
