2180 3205
174 242 223 270 An.
244 241 271 269 C.
294 244 360 270 1152
429 232 498 265 578

189 308 250 330 tum
269 310 362 336 praede·
377 309 499 330 serrare
522 293 706 340 dignitatem
723 300 753 327 ct
775 290 924 325 iustitiam
950 288 1123 323 consuevit.

174 342 361 392 {JJJJ'WT‘fflffiJJ
377 345 466 379 Unde
486 357 553 383 nos,
581 355 712 389 quorum
733 340 900 388 praecipue
920 339 1049 373 interest
1065 337 1126 372 Ec-

173 387 360 438 ⁸¹‘3h1⁰r-i¹5in¹·=-
374 394 540 428 clesiarum
564 392 705 426 omnium
729 402 835 425 curam
856 400 976 434 gerere,
1003 387 1124 421 venien-

171 436 357 484 iffifflssss'f'u‘m‘
373 451 435 476 tem
463 442 500 476 ad
531 453 587 475 nos
607 440 816 475 venerabilem
834 438 959 472 fratrem
984 445 1124 471 nostrum

373 492 566 526 lldel'onsuni
584 492 627 534 (l)
644 490 829 524 Toletanum
849 487 1124 533 archiepiscopum

373 541 508 587 benigne
537 540 732 586 recepimus,
767 546 798 573 et
820 537 969 583 inspectis
992 535 1126 582 praede-

372 601 534 624 cessorum
562 596 738 622 nostrorum
767 587 949 634 privilegiis,
974 586 1126 631 primatus

371 639 552 684 dignitatem
584 650 639 684 per
663 638 805 671 universa
828 635 1051 682 Hispaniarum
1076 646 1126 667 re·-

371 701 431 734 gna
456 689 538 722 iuxta
568 687 751 721 eorumdem
777 685 1011 733 privilegiorum
1036 692 1126 717 teno-

180 744 357 779 Arciiiepiscopis
373 750 437 772 rem
457 739 484 771 ei
508 736 776 771 confirmavimus.
801 735 907 781 lpsum
931 734 1034 779 itaque
1053 744 1124 766 cuin

173 778 301 831 {iriffrsiisspj
311 773 359 825 Elii
372 788 468 833 gratia
509 786 603 821 Sedis
640 784 857 832 Apostolicae,
895 791 925 817 et
966 783 1124 816 literarum

172 837 359 893 ζζῗζξθιῗζῃῃζῗζζ
373 845 549 870 nostrarum
580 836 800 880 prosecutione
836 832 873 867 ad
909 832 1015 866 sedem
1054 843 1126 877 pro-

185 900 348 923 retossnoscant.
374 886 471 932 priam
511 885 726 927 rennuentes,
772 881 964 916 universitati
1007 888 1126 914 vestrae

219 929 310 949 ‘mmm'
375 934 598 982 praecipiendo
623 933 822 975 mandamus,
848 938 1005 977 qnatenus
1023 929 1125 963 eidem

375 994 532 1030 tamquam
558 983 678 1029 primati
709 991 810 1016 restro
833 980 951 1026 absque
980 979 1040 1013 ulla
1057 990 1126 1012 con—

375 1034 559 1068 tradictione
582 1031 766 1066 canonicam
786 1029 997 1064 obedientiam
1030 1037 1058 1062 et
1078 1027 1126 1061 de-

375 1084 468 1117 bitam
504 1081 705 1116 reverentiam
733 1079 882 1115 exhibere
909 1078 1037 1112 curetis.
1069 1076 1128 1110 Di-

373 1144 470 1179 gnum
498 1143 635 1177 namque
658 1138 716 1170 est,
741 1138 774 1164 ut
795 1128 848 1175 qui
865 1127 972 1161 multis
995 1126 1128 1160 laetatur

374 1194 508 1229 praeesse
522 1180 669 1219 subditis,
689 1179 868 1214 nullatenus
883 1177 948 1211 suis
963 1175 1128 1211 erubescat

373 1232 504 1265 subesse
532 1229 688 1276 praelatis.

422 1280 536 1314 Datum
560 1278 681 1313 Romae
707 1276 790 1324 apud
813 1276 965 1310 Sanctum
987 1274 1128 1315 Petrum,

375 1330 480 1364 idibus
508 1328 667 1363 februarii.

573 1384 634 1414 Dat.
656 1384 703 1414 die
724 1383 760 1413 13
784 1382 937 1412 februarii.

687 1493 827 1528 XLvlll.

376 1558 580 1603 Prt'vileyi’um
602 1558 845 1603 confirmationis
878 1558 1039 1597 bonorum,
1071 1565 1133 1597 spe-

425 1610 570 1641 ccantz'um
586 1609 627 1641 acl
645 1608 814 1640 Ecclesiam
833 1607 1038 1646 Τανυίειίἰαιη,
1055 1615 1132 1647 qnae

426 1658 481 1690 sub
499 1658 684 1702 protectione
706 1657 795 1690 Sedis
823 1656 1015 1700 Apostolicae
1036 1653 1132 1686 susci-

424 1708 512 1751 pitur
539 1708 595 1750 (⁰2).

649 1761 864 1792 SUMMARIUM

380 1820 547 1850 Exordium.
563 1837 602 1842 —
616 1819 779 1849 Ecclesiam
797 1818 980 1848 Tarvisinam
995 1816 1049 1846 sub
1067 1825 1134 1854 pro-

422 1865 547 1894 tectione
576 1863 661 1893 Sedis
689 1863 876 1902 Apostolicac
908 1861 1032 1899 suscipit
1054 1860 1133 1889 l‘on-

421 1908 498 1938 tifex.
514 1925 554 1931 —
574 1907 653 1937 Bona
677 1907 773 1937 omnia
794 1906 888 1935 eidem
909 1905 1071 1935 confirmat.
1097 1921 1136 1925 —

420 1952 529 1982 llorum
553 1952 698 1982 bonorum
727 1951 869 1981 nonnulla
905 1953 1066 1978 enumerat.
1097 1965 1136 1970 —

421 1996 576 2026 Decretum
599 1996 703 2033 saucit,
726 2004 761 2024 ne
781 1995 847 2034 quis
873 1993 1024 2023 Ecclesiae
1047 1992 1134 2028 huic,

422 2041 466 2070 vel
489 2041 554 2070 eius
570 2040 656 2069 bouis
674 2039 837 2068 molestiam
857 2038 945 2067 ullam
967 2038 1081 2066 inserat.
1098 2053 1137 2057 —

423 2084 518 2114 Poena
537 2084 709 2123 privationis
724 2084 885 2121 dignitatis,
902 2082 994 2120 siqua
1012 2081 1136 2116 l'ruatnr,

423 2130 472 2168 qui
493 2130 561 2159 liuic
580 2128 782 2158 constitutioni
806 2136 863 2156 non
883 2124 1136 2164 obtemperaverit,

423 2179 509 2212 atque
539 2173 625 2202 etiam
658 2170 983 2202 excommunicatiouis.
1011 2186 1050 2191 —
1081 2168 1137 2197 Eu-

424 2219 502 2255 genii
525 2217 578 2246 Pr.
598 2222 626 2247 et
644 2216 672 2246 S.
689 2216 721 2246 P..
745 2216 823 2245 Eccl.
847 2214 1041 2245 cardinalium
1061 2212 1136 2242 sub-

424 2261 609 2300 scriptiones.

386 2315 503 2353 Engcnius
533 2315 652 2353 episcopus
682 2324 760 2344 sertus
787 2322 904 2343 serrorum
926 2312 977 2347 Dei.
1011 2310 1138 2341 renerabili

426 2359 488 2388 fratri
503 2358 621 2388 Bonis-„icio
643 2359 762 2388 Tarrisino
778 2359 894 2397 episcopo,
914 2357 1005 2395 suisque
1023 2364 1138 2385 successo-

426 2403 488 2433 ribus
505 2404 615 2433 canonice
637 2402 812 2440 substituendis,
836 2402 858 2431 iii
874 2405 1019 2440 perpetuum.

437 2456 529 2491 Iustis
546 2457 675 2491 fratrum
693 2465 872 2490 nostrorum
888 2454 1051 2489 desideriis
1067 2465 1141 2487 con-

389 2507 516 2547 sentire,
545 2518 579 2540 ac
604 2505 842 2540 rationabilibus
877 2516 986 2539 eorum
1018 2502 1141 2550 petitio-

426 2576 464 2610 (l)
481 2576 633 2603 Iohannem.
673 2577 712 2611 (2)
729 2576 817 2602 Edidit
833 2575 940 2603 Coletus
959 2575 984 2601 in
1005 2573 1060 2600 liat.
1080 2572 1139 2599 Sao.

392 2615 503 2650 Ugliell„
523 2620 586 2643 tom.
609 2624 635 2648 v,
653 2616 702 2643 col.
721 2617 780 2642 521.

221 2467 340 2489 Exordium.

956 233 1057 258 mmm
1063 232 1094 255 R!
1101 233 1145 255 ml
1174 229 1337 254 ROMANUM

1936 223 1986 251 An.
2005 223 2032 249 C.
2054 222 2119 251 ¹152

1169 285 1263 320 nibus
1298 296 1388 318 aures
1419 282 1625 318 accomodare
1659 294 1716 317 uos
1751 279 1918 321 convenii,

1167 335 1233 381 qui,
1257 334 1329 368 lieet
1352 333 1482 379 indigni,
1511 332 1648 366 iustitiae
1672 331 1808 366 cultores
1827 338 1919 376 atque

1168 395 1339 431 praecones
1367 383 1397 416 in
1416 381 1538 416 excelsa
1558 380 1772 428 apostolorum
1795 379 1920 427 princi-

1168 446 1241 479 pum
1268 432 1352 466 Petri
1376 440 1406 466 et
1428 431 1518 465 Pauli
1540 430 1666 478 specula
1690 430 1837 469 residere,
1860 429 1918 464 Do·

1168 483 1253 516 mino
1268 482 1470 529 disponente,
1493 480 1718 526 conspicimur.
1731 479 1917 525 Eapropter,

1167 532 1278 566 dilecte
1295 532 1323 565 in
1346 530 1474 564 Christo
1491 529 1582 563 frater
1598 528 1738 563 Bonifaci
1759 529 1917 575 episcope,
1942 541 2120 562 Ecclesiam'rmx-

1167 581 1256 615 iustis
1285 579 1551 627 postulationibus
1578 579 1639 612 tuis
1672 578 1842 612 clementer
1864 573 2119 623 ²¹¹¹*l0¹.¹1¹1¹0¹1'1¹'0⁵“¹3⁹i⁴‚'2

1168 631 1307 673 nuimns,
1335 637 1364 665 et
1387 629 1561 663 Ecclesiam
1586 628 1620 661 Β.
1639 627 1722 662 Petri
1744 626 1915 661 Tarvisicn⁴
1935 633 2118 673 §postoiscac'su-

1166 679 1216 713 cui
1239 679 1306 713 Deo
1329 687 1455 712 auctore
1491 690 1598 723 praeeS,
1627 677 1686 711 sub
1723 677 1821 722 ipsius
1843 689 1917 722 apo·
1934 666 1996 690 “¹¹⁸¹
2014 663 2117 685 “mmm''

1167 728 1318 762 stolorum
1356 727 1507 774 principis
1534 735 1564 760 et
1592 735 1695 761 nostra
1725 727 1919 773 protectione

1167 778 1371 824 suscipimuS,
1394 785 1422 811 et
1440 777 1613 823 praesentis
1631 776 1738 822 scripti
1756 775 1918 822 privilegio

1167 827 1418 867 communimus3
1441 833 1624 866 statuentes,
1650 833 1682 859 ut
1703 837 1919 872 quascumque
1948 830 2080 872 ¹³⁰¹¹³¹10¹¹¹¹Ji³=
2090 833 2120 871 &¹³-

1169 876 1398 922 possessiones,
1431 888 1650 922 quaecumque
1679 876 1771 918 bona,
1808 874 1917 908 eadem
1935 861 1980 880 ‘¹⁰¹¹'
2001 863 2116 882 “mmm“

1168 925 1308 960 Ecclesia
1337 925 1629 971 impraesentiarum
1659 926 1738 958 iuste
1769 933 1797 958 et
1824 938 1919 959 cano-

1170 975 1236 1008 nice
1260 974 1409 1021 possidet,
1432 975 1529 1008 autin
1554 974 1694 1008 futui-nm
1714 976 1919 1009 concessione

1168 1023 1375 1063 Pontificum,
1399 1023 1564 1069 largitione
1593 1036 1700 1069 regum
1733 1024 1776 1057 vel
1802 1024 1920 1070 princi-

1171 1086 1258 1120 pum,
1287 1072 1445 1106 oblatione
1475 1072 1626 1115 fidelium,
1653 1085 1707 1106 seu
1740 1072 1808 1107 aliis
1831 1074 1920 1108 iustis

1169 1123 1284 1163 modis,
1307 1122 1374 1156 Deo
1398 1122 1542 1168 propitio,
1569 1123 1679 1168 poterit
1701 1121 1842 1168 adipisci,
1867 1122 1921 1157 fir-

1169 1184 1219 1206 ma
1242 1172 1297 1206 tibi
1329 1172 1454 1217 tuisque
1486 1171 1722 1205 successoribus
1751 1180 1781 1205 et
1804 1171 1919 1206 illibata

1171 1228 1389 1268 permaneant,
1414 1221 1444 1254 in
1463 1220 1575 1267 quibus
1594 1220 1670 1254 baec
1688 1220 1836 1255 duximus
1852 1234 1921 1268 pro·
1947 1221 2023 1243 ΗΘΜ·
2050 1223 2119 1272 δοῇἒ·

1172 1271 1246 1316 priis
1270 1269 1472 1317 exprimenda
1496 1270 1673 1304 vocabulis:
1697 1270 1861 1305 ecclesiam
1884 1270 1918 1305 S.
1947 1260 2106 1305 meniiu'ii'ssfiif¹

1171 1320 1285 1354 Mariae
1308 1319 1346 1354 de
1365 1319 1453 1354 Asilo
1472 1331 1543 1353 cum
1567 1327 1679 1360 castro,
1702 1328 1789 1354 curte
1804 1329 1833 1355 et
1851 1333 1921 1355 om-

1172 1370 1265 1404 nibus
1288 1369 1484 1416 pertinentiis
1516 1370 1593 1408 suis,
1627 1370 1853 1404 monasterium
1887 1369 1921 1404 S.

1171 1418 1287 1453 Mariae
1309 1418 1348 1452 de
1378 1418 1532 1452 Mulianae
1555 1431 1626 1452 cnm
1654 1419 1802 1453 omnibus
1824 1419 1923 1466 perti-

1174 1476 1290 1502 uentus
1324 1480 1400 1507 suis,
1436 1476 1704 1502 consecrationem
1741 1469 1921 1502 monasterii

1173 1516 1278 1551 Sancti
1303 1517 1386 1551 Petri
1415 1517 1453 1550 de
1480 1516 1661 1563 Cumpreto,
1693 1516 1816 1562 plebem
1840 1517 1922 1552 San-

1173 1576 1239 1601 ctae
1262 1566 1377 1600 Mariae
1400 1566 1437 1599 de
1461 1574 1566 1600 monte.
1585 1565 1717 1600 Belluna
1733 1579 1803 1600 cum
1821 1575 1922 1603 castro

1173 1625 1202 1651 et
1225 1615 1424 1662 pertinentiis
1442 1617 1519 1659 suis7
1543 1615 1664 1662 plebem
1684 1615 1717 1649 S.
1740 1615 1864 1650 Martini
1884 1616 1923 1650 (16

1173 1665 1312 1700 Cornuta
1336 1677 1406 1699 enm
1430 1676 1500 1698 arce
1523 1673 1553 1698 et
1576 1673 1663 1698 curte
1679 1673 1707 1699 et
1723 1666 1922 1711 pertinentiis

1174 1715 1251 1757 suis,
1276 1714 1398 1761 plebem
1423 1714 1456 1748 S.
1482 1714 1618 1748 Zenonis
1640 1713 1679 1748 de
1701 1714 1822 1749 anico
1849 1727 1921 1749 cum

1176 1764 1373 1810 pertinentiis
1403 1764 1480 1802 suis,
1516 1763 1639 1810 plebem
1674 1762 1706 1797 S.
1741 1763 1856 1798 Mariae
1885 1764 1925 1799 de

1174 1813 1297 1847 Ciliano
1320 1825 1390 1846 cum
1416 1813 1612 1859 pertinentiis
1635 1814 1716 1853 suis,
1744 1813 1866 1860 plebem
1889 1813 1924 1848 S.

1175 1863 1289 1897 'Mariae
1311 1862 1350 1896 de
1374 1861 1514 1908 Bnlpago
1536 1874 1606 1896 cnm
1632 1862 1830 1908 pertiuentiis
1848 1863 1924 1903 suis,

1177 1912 1299 1958 plebem
1323 1911 1355 1944 S.
1379 1911 1494 1945 Mariae
1509 1910 1547 1945 de
1566 1910 1748 1957 Cusignana
1770 1924 1841 1946 cuin
1860 1925 1927 1957 per-

1177 1961 1317 1995 tinentiis
1338 1961 1414 2004 suis,
1439 1960 1562 2007 plebem
1586 1960 1619 1995 S.
1643 1960 1778 1995 Mauritii
1799 1961 1836 1995 dc
1858 1960 1926 1996 Sta-

1177 2010 1282 2044 blucio
1305 2022 1375 2044 cum
1401 2010 1599 2056 pertiuentiis
1633 2011 1709 2049 suis,
1746 2010 1868 2056 plebem
1890 2009 1924 2044 S.

1177 2060 1291 2094 Mariae
1314 2060 1353 2093 de
1375 2059 1526 2093 Pauliano
1545 2072 1616 2093 cuni
1639 2060 1834 2106 pertinentiis
1849 2060 1927 2100 suis,

1179 2110 1302 2156 plebem
1325 2108 1358 2143 S.
1376 2108 1507 2142 Romani
1523 2108 1561 2142 ‹le
1576 2108 1710 2154 Nigrisia
1727 2120 1798 2143 cum
1814 2117 1927 2150 castro,

1180 2167 1283 2204 portu,
1305 2166 1394 2192 curte
1416 2166 1446 2192 ct
1472 2158 1669 2205 pertiuentiis
1695 2159 1778 2202 suis,
1802 2158 1926 2205 plebem

1179 2207 1211 2241 S.
1234 2208 1333 2242 Mauri
1351 2208 1388 2241 de
1405 2207 1525 2241 Noenta
1548 2219 1620 2241 cum
1639 2207 1836 2254 pertiuentiis
1850 2209 1927 2248 suis,

1180 2258 1300 2304 plebem
1323 2256 1463 2304 S.·Petri
1481 2258 1519 2290 (le
1538 2256 1612 2290 Piro
1638 2269 1707 2290 cum
1733 2257 1929 2303 pertinentiis

1179 2307 1257 2350 suis7
1286 2306 1408 2353 plebem
1432 2305 1466 2340 S.
1498 2305 1592 2340 Blasii
1627 2306 1666 2340 de
1688 2306 1835 2341 Caurillis
1856 2319 1929 2340 cum

1181 2355 1378 2402 pertinentiis
1403 2355 1485 2398 suis,
1522 2355 1645 2402 plebem
1680 2355 1713 2389 S.
1741 2355 1858 2389 Nicolai
1890 2355 1930 2389 de

1181 2405 1268 2439 Valio
1295 2417 1367 2439 cum
1396 2405 1591 2451 pertinentiis
1625 2405 1701 2448 suis,
1737 2404 1860 2451 plebem
1895 2403 1928 2438 S.

1180 2454 1295 2488 Mariae
1310 2454 1348 2488 de
1365 2453 1543 2500 Lanzanigo
1559 2466 1628 2488 cnm
1645 2454 1840 2500 pertinentiis
1853 2454 1929 2494 suis,

1182 2503 1305 2550 plebem
1340 2503 1373 2538 S.
1398 2502 1513 2537 Mariae
1542 2503 1580 2537 de
1608 2502 1718 2537 Casale
1739 2514 1810 2537 cum
1834 2504 1931 2549 perti-

1183 2553 1298 2587 uentiis
1319 2553 1396 2591 suis,
1424 2561 1543 2586 curtem
1567 2552 1604 2586 de
1626 2552 1744 2593 Quarto
1767 2564 1838 2586 cum
1860 2564 1931 2599 per-

1183 2603 1322 2636 tinentiis
1359 2601 1444 2643 suis,
1479 2602 1601 2650 plebem
1637 2601 1671 2635 S.
1712 2600 1852 2635 Cassiani
1892 2603 1931 2636 de
