2180 3205
15 287 52 320 ΑΒ
81 289 110 318 G.
127 287 194 317 ¹128

37 463 118 487 Solita·
135 461 193 483 clau-

14 491 76 515 -Ιιο,

38 1297 125 1320 Ιῗοῑιιιῐίἰ
153 1297 192 1319 Pr.

15 1324 146 1351 minuc.

59 2539 89 2560 Ab
116 2540 193 2560 unione

41 2565 180 2587 membrorum

22 2594 67 2612 m
79 2592 151 2619 eapite
169 2597 203 2613 re·

23 2616 97 2644 wem
111 2619 188 2640 nnita.

858 272 996 295 ”omittit
1006 273 1020 293 S
1049 273 1070 293 ΙΙ
1101 274 1148 294 ΙΨ.

224 334 392 363 serventur
417 338 539 368 eorum,
568 339 623 374 pro
645 337 780 374 quorum
803 326 977 362 substenta-

225 382 308 416 tione
343 388 396 415 aut
429 380 658 427 gubernatione
697 393 846 416 concessa
885 388 975 418 sunt,

224 435 334 470 usibus
353 434 528 482 profutura.
551 434 586 469 Si
605 435 732 482 quando
753 444 857 470 antem
874 435 973 482 aliqua

224 488 452 536 praedictarum
490 501 694 535 personarum
731 501 784 523 ros
811 490 975 525 sonseritis

221 543 386 577 occasione
405 542 543 589 qualibet
561 543 767 589 praegravari,
791 551 864 577 tnnc
888 543 974 578 vobis

223 595 313 630 liceat
335 594 449 631 Sedeui
462 595 673 643 Apostolicam
691 596 787 630 libere
801 597 969 643 appellare.

221 648 255 684 Si
291 661 352 696 qua
391 649 486 695 igitur
519 649 731 683 ecclesiastica
765 649 973 683 saecularisve

222 715 366 749 persona,
403 703 483 737 lianc
508 711 631 736 nostrae
659 702 895 736 constitutionis
923 715 974 748 pa-

220 755 324 802 ginam
347 755 464 795 sciens,
491 764 597 790 contra
632 767 699 790 eam
729 763 845 789 temere
868 757 972 790 venire

220 809 395 848 tentaverit,
433 810 575 844 secundo
602 809 732 844 tertiove
769 810 971 853 commonita,

219 863 243 897 si
267 874 329 898 non
349 862 561 898 satisfactione
583 874 721 908 congrua
745 862 971 907 emendaverit,

219 914 310 950 oflicii
338 923 432 962 atque
458 915 579 950 ordinis
605 916 654 950 sui
678 915 830 962 dignitate
857 925 970 960 carcat,

219 981 366 1016 reamque
398 981 432 1004 se
467 970 574 1004 divino
609 969 726 1004 iudicio
761 970 894 1004 existere
933 970 971 1005 de

218 1030 394 1070 perpetrata
421 1023 585 1071 iniquitate
608 1032 792 1070 cognosca13
821 1024 873 1071 qni
898 1036 970 1059 vero

217 1085 326 1112 custos
351 1085 382 1112 et
410 1078 592 1113 observator
609 1078 757 1119 extiterit,
781 1078 970 1125 apostolicae

217 1130 450 1166 benedictionis
470 1132 568 1177 gratia
585 1131 753 1178 repleatur,
776 1139 806 1165 et
823 1140 970 1166 aeternae

218 1184 374 1220 felicitatis
396 1187 535 1232 praemio
546 1185 707 1231 glorietur.
733 1185 846 1225 Amen,
865 1197 969 1224 amen,

217 1245 321 1269 amen.

266 1282 337 1319 Eoo
379 1282 553 1319 Hoxonms
597 1283 768 1318 catholicae
810 1283 969 1318 Ecclesiae

218 1333 390 1380 episcopus
414 1332 599 1379 subscripsi.

266 1381 382 1416 Datum
404 1381 549 1417 Laterani
578 1394 632 1428 per
655 1393 782 1416 manum
812 1382 968 1429 Aymerici

217 1439 344 1466 sanctae
381 1430 544 1467 Romanae
577 1431 690 1474 Sedis,
729 1439 759 1465 et
787 1432 969 1466 universalis

217 1480 332 1515 Curiae
350 1480 538 1521 cancellarii,
562 1481 663 1527 pridie
685 1492 759 1515 non.
787 1481 905 1526 aprilis,
929 1481 968 1515 in-

217 1529 357 1564 dictione
395 1538 494 1574 sexta,
530 1530 755 1565 incarnationis
793 1530 969 1564 dominicae

217 1590 301 1614 anno
314 1589 473 1619 mcxxviii,
498 1580 696 1626 pontificatus
712 1579 821 1614 domni
837 1579 967 1614 Honorii

219 1627 324 1674 Papae
350 1640 394 1662 iv.

275 1684 337 1715 Dat.
355 1685 403 1715 die
424 1686 443 1715 4
461 1686 564 1724 aprilis
583 1695 659 1715 anno
678 1685 793 1715 Domini
816 1686 889 1714 1128
902 1708 908 1720 ,

465 1731 568 1770 pontif.
591 1739 668 1759 anno
686 1739 722 1759 lv.

557 1844 625 1879 xit.

219 1913 421 1959 Confirmatio
449 1913 576 1956 decreti,
602 1913 678 1946 edici
702 1913 735 1945 in
757 1912 883 1945 concilio
912 1911 971 1944 Ρα-

265 1967 399 2004 rt'st'ensi,
421 1978 484 2011 pro
510 1967 698 2000 restitutione
727 1966 970 2010 Aryencolt'ensts

267 2021 446 2054 monasterii
471 2023 527 2064 (1).

486 2084 701 2115 SUMMARIUM

220 2137 263 2169 Ab
279 2138 388 2168 unione
403 2137 604 2168 membrorum
620 2147 687 2168 cum
706 2137 801 2176 capite
816 2137 970 2175 religionis

259 2183 368 2212 unitas.
384 2199 426 2205 —
445 2182 647 2220 Argentolien.
667 2185 792 2211 monast.
816 2181 969 2211 fundatum

260 2235 314 2265 per
336 2225 516 2265 Stephanum
542 2226 685 2256 Parisien.
715 2226 906 2264 episcopum,
933 2241 973 2247 —-

261 2269 366 2300 Abbati
389 2269 418 2300 S.
437 2269 566 2309 Dionysii
594 2279 770 2300 concessum
796 2270 824 2299 in
852 2269 972 2308 synodo.

259 2330 297 2336 —
318 2313 421 2343 Eidem
440 2313 476 2343 ab
498 2313 626 2343 Honorio
649 2313 704 2342 1³1³.
722 2313 923 2343 confirmatur.

221 2375 352 2404 Honorius
369 2375 510 2410 episcopus
527 2381 622 2403 servus
638 2381 777 2403 servorum
800 2374 855 2407 Dei,
876 2374 974 2404 dilecto

266 2419 295 2448 in
313 2419 421 2448 Christo
444 2419 502 2448 silio
529 2419 669 2455 suggerio,
689 2419 782 2447 abbati
801 2419 891 2447 sancti
915 2419 974 2448 Dio·

266 2464 351 2500 nysii.
367 2465 484 2493 salutem
503 2466 532 2493 et
550 2464 729 2500 apostolicam
754 2464 974 2493 benedictionem.

271 2522 363 2557 Tunc
406 2522 566 2568 religionis
599 2533 708 2560 amor,
748 2530 778 2556 et
817 2522 977 2557 etia—sitatis

225 2571 329 2606 unitas
351 2573 381 2605 in
403 2571 451 2605 sui
474 2579 575 2606 status
589 2570 782 2618 perfectione
803 2573 978 2606 servabun-

259 2640 299 2675 (t)
318 2639 357 2666 Ex
376 2643 440 2667 tom.
457 2648 498 2667 xii
514 2639 626 2673 Concil.,
643 2639 693 2667 col.
714 2640 791 2666 t59ts.

1653 259 1722 291 565

1018 333 1083 359 tur:
1112 325 1136 359 si
1170 327 1254 372 qnod
1286 339 1302 361 a
1327 325 1477 360 membris
1501 323 1664 359 Ecclesiae
1691 336 1770 358 con-

1017 378 1172 422 stituitur,
1207 391 1221 413 a
1245 380 1346 425 capite
1374 380 1547 413 roboretur.
1583 378 1647 413 Nos
1675 379 1770 424 igitur

1018 432 1048 465 in
1076 432 1150 466 sede
1173 432 1254 467 beati
1278 432 1360 467 Petri
1380 432 1527 480 apostoli.
1556 433 1606 468 cui
1622 431 1769 467 Christus

1016 484 1229 519 Ecclesiarum
1268 486 1412 520 omnium
1440 487 1571 521 contulit
1610 486 1768 533 principa·

1016 545 1094 581 tum,
1118 538 1189 573 licet
1218 538 1356 585 indigni,
1384 552 1398 573 a
1427 539 1564 575 Domino
1586 539 1766 577 constituti.

1016 590 1166 625 unitatem
1190 591 1319 637 spiritns
1347 593 1375 626 in
1413 593 1538 628 vinculo
1567 594 1653 640 pacis
1688 605 1767 627 con-

1014 655 1138 679 servare
1162 646 1317 685 volumus,
1346 654 1387 687 et,
1410 658 1490 693 quae
1511 659 1526 681 a
1550 646 1698 681 fratribus
1715 658 1769 680 no-

1014 697 1086 731 stris
1118 699 1288 733 constituta
1314 708 1407 744 sunt,
1436 701 1631 747 propensiori
1660 700 1766 735 studio

1013 751 1198 786 auctoritate
1220 753 1389 799 apostolica
1415 754 1651 788 confirmamus.

1064 803 1260 840 Venerabilis
1282 807 1437 854 siquidem
1462 808 1555 842 frater
1577 817 1683 843 noster
1695 810 1766 844 Ste-

1014 856 1136 903 phanus
1174 858 1359 895 parisiensis
1392 861 1582 909 episeopus,
1614 863 1693 897 sieut
1728 875 1766 898 ex
1962 906 1966 908 v

1012 923 1140 945 suarum
1155 912 1313 948 literarum
1330 915 1524 962 inspectione
1547 916 1766 962 cognovimus,
1791 911 1917 959 icopumsffi'
1933 912 1976 931 ψ’

1013 965 1237 1000 monasterinm
1261 968 1488 1014 Argentolien.‚
1517 969 1546 1004 in
1570 982 1644 1016 quo,
1668 982 1767 1017 quae-

1012 1017 1083 1052 dam
1102 1019 1212 1061 malae,
1230 1029 1320 1067 prout
1335 1022 1509 1064 dicebatur,
1526 1024 1605 1058 vitae
1616 1024 1766 1059 mulieres

1013 1071 1177 1116 virebant‚
1214 1075 1317 1121 quod,
1352 1076 1443 1111 etiarn
1480 1078 1617 1124 antiquis
1653 1090 1764 1125 regum

1013 1134 1204 1173 praeceptis,
1244 1139 1434 1175 cognoverat
1471 1131 1537 1165 iure
1574 1133 1763 1166 monasterio

1012 1178 1119 1214 Sancti
1146 1180 1288 1228 Dionysii
1325 1184 1497 1229 pertinere;
1534 1185 1563 1219 in
1587 1187 1764 1232 praesentia

1013 1234 1237 1269 venerabilium
1258 1236 1385 1271 fratrum
1403 1247 1594 1278 nostrorum,
1614 1239 1766 1274 Matthaei

1012 1287 1200 1322 Albanensis
1221 1290 1359 1337 episcopi
1383 1291 1585 1337 Apostolicae
1600 1292 1693 1328 Sedis
1717 1294 1764 1328 le-

1011 1342 1091 1387 gati⁷
1127 1342 1270 1377 Rrainaltli
1312 1343 1478 1379 Rcmensis
1514 1346 1763 1394 archiepiscopi,

1010 1395 1161 1430 Ganfrerli
1189 1395 1413 1438 Carnutensis‚
1443 1398 1577 1434 Gosseni
1612 1400 1761 1435 Suessio-

1012 1451 1129 1494 nensis,
1155 1451 1397 1498 episcoporum3
1426 1453 1549 1489 hortatu
1583 1456 1675 1490 ctiam
1706 1456 1759 1490 filii

1012 1505 1107 1538 nostri
1130 1504 1280 1539 Ludovici
1307 1505 1438 1542 illustris
1459 1516 1488 1542 et
1510 1508 1638 1555 gloriosi
1678 1509 1760 1555 regis

1010 1557 1220 1601 Francorum,
1247 1558 1359 1594 dilecte
1395 1560 1423 1594 in
1452 1562 1581 1597 ‹loinino
1608 1563 1649 1597 fili
1673 1563 1759 1609 Sug-

1010 1613 1075 1658 geri
1098 1612 1206 1650 abbas,
1230 1613 1343 1648 intuitu
1375 1614 1547 1661 religionis.
1571 1616 1626 1651 tibi
1650 1625 1679 1650 et
1700 1629 1764 1650 mo-

1010 1665 1146 1700 nasterio
1167 1665 1275 1700 Sancti
1297 1666 1453 1715 Dionysii,
1474 1670 1558 1705 salvo
1582 1671 1649 1705 iure
1671 1670 1765 1704 Pari·
1808 1681 1884 1702 Abbati
1896 1681 1917 1715 s.
1930 1680 1980 1701 nio-

1010 1719 1123 1754 siensis
1147 1719 1323 1760 Ecclesiae,
1357 1723 1529 1757 concessit:
1559 1723 1599 1758 ita
1636 1732 1760 1762 tamen,
1795 1713 1979 1761 1¹ili1⁵1¹in⁰s¹3si1⁶0⁸cid2

1011 1784 1045 1808 ut
1067 1773 1250 1807 mulieribus
1266 1774 1295 1808 in
1321 1774 1484 1821 religionis
1507 1777 1594 1819 locis,
1618 1776 1668 1811 nbi
1697 1777 1764 1811 ani-

1011 1840 1077 1862 mas
1099 1827 1220 1874 possint
1234 1827 1364 1868 salvare,
1386 1829 1562 1874 provideas.
1582 1830 1674 1872 Quod
1691 1842 1767 1876 ergo

1012 1894 1068 1928 pro
1087 1881 1304 1917 reformandae
1320 1882 1481 1928 religionis
1498 1896 1605 1918 amore
1621 1884 1660 1918 de
1681 1896 1768 1931 prae-

1011 1936 1072 1970 l'ato
1110 1936 1302 1970 monasterio
1344 1948 1360 1970 a
1405 1937 1565 1983 praedicto
1605 1937 1768 1984 Stephano

1011 1989 1181 2024 Parisiensi
1203 1989 1352 2035 episcopo
1371 1998 1522 2025 statutum
1550 1999 1608 2031 est,
1636 1991 1770 2025 auctori-

1013 2052 1075 2079 tate
1096 2050 1201 2077 nostra
1225 2042 1401 2086 firmamus,
1424 2052 1454 2078 et
1472 2044 1597 2079 firmum
1622 2045 1768 2080 volumus

1011 2098 1126 2132 futuris
1139 2096 1337 2143 temporibus
1352 2109 1545 2143 permanere.
1568 2098 1654 2133 Tuae
1671 2099 1766 2144 igitur

1011 2151 1171 2186 dilectioni
1199 2150 1411 2189 mandamus,
1440 2159 1474 2184 ut
1501 2151 1537 2185 ad
1573 2152 1760 2198 religionem

1012 2209 1043 2235 et
1061 2200 1270 2234 monasticum
1298 2199 1440 2234 ordinem
1471 2200 1500 2234 in
1529 2201 1666 2247 praefato
1695 2201 1765 2235 loco

1013 2249 1214 2283 statuendum
1248 2247 1390 2294 diligenti
1425 2249 1582 2295 vigilantia
1616 2249 1767 2289 studea53

1013 2306 1043 2332 et
1065 2309 1104 2331 ne
1135 2296 1367 2344 praedictarum
1402 2300 1568 2332 mulierum
1603 2299 1707 2345 aliqua
1738 2299 1770 2332 in

1793 287 1841 310 An.
1854 283 1882 309 (Σ.
1907 284 1972 310 ΗΞῑ-(ῖ

1818 826 1974 847 Art-nimiunn*

1791 854 1879 872 monast.
1902 852 1975 872 sunda·

1792 880 1833 897 turn
1842 879 1975 904 per-<tepha-

1821 1850 1894 1870 Eidem
1903 1849 1978 1870 abHv-

1795 1882 1853 1896 nario
1871 1876 1910 1896 PP.
1931 1881 1979 1896 con-

1795 1903 1895 1924 firmatur,

991 2349 995 2370 ¹
1014 2354 1066 2381 tua
1092 2347 1184 2393 culpa
1205 2345 1369 2392 depereat,
1393 2347 1423 2380 in
1448 2347 1524 2382 locis
1546 2347 1702 2393 religiosis
1721 2350 1771 2382 so'-

991 2386 996 2435 l
1015 2396 1099 2430 licita
1122 2408 1198 2430 cura
1228 2395 1403 2441 provideas.

1066 2445 1180 2479 Datum
1205 2444 1362 2487 Laterani,
1389 2457 1421 2478 ix
1447 2444 1509 2478 kal.
1540 2445 1624 2479 maii.

1036 2501 1097 2531 Dat.
1121 2502 1167 2531 die
1190 2501 1228 2530 ⁶23
1246 2500 1348 2539 aprilis
1368 2510 1444 2530 anno
1462 2501 1578 2532 Domini
1598 2502 1674 2533 1129
1692 2503 1748 2542 (t),

1272 2544 1375 2583 pontif.
1395 2554 1470 2574 anno
1488 2554 1513 2574 ν,

1035 2641 1039 2645 ι
1054 2606 1092 2640 tl)
1113 2606 1169 2632 Hoc
1184 2605 1255 2632 enim
1271 2612 1340 2631 anno
1356 2604 1477 2631 habitum
1497 2608 1537 2631 est
1559 2606 1700 2632 concilium
1722 2605 1774 2632 Pa·-

1020 2649 1138 2667 ristettse.
