2180 3205
416 247 485 281 Tot

404 312 576 342 solvendum
592 315 719 343 renovat,
739 314 884 348 tamqnam
906 307 972 338 Sedi
991 308 1113 347 Aposto—

403 356 477 385 licae
501 360 611 384 tantum
641 353 818 383 subiectum.
843 370 883 375 -
903 352 1047 382 Beneficia
1070 353 1113 381 ei-

403 401 468 429 dem
488 409 609 436 annexa,
628 399 752 437 eiusque
775 398 908 427 redditus
931 397 1019 426 alicui
1042 406 1113 426 con-

403 454 497 480 cessa,
515 444 550 473 ad
575 449 690 482 teinpus
709 452 760 473 seu
781 443 817 473 ad
837 443 934 479 vitam,
951 442 1039 472 licere
1055 441 1111 480 ipsi

403 488 579 519 monasterio
596 489 711 527 propria
731 488 903 518 auctoritate
920 495 971 526 per
986 496 1112 522 cessum,

403 534 557 563 decessum
575 532 756 568 eorumdem,
769 540 955 570 recuperare3
970 531 1016 560 ius
1032 540 1110 559 com-

402 586 490 607 mune
509 582 536 607 et
556 577 639 607 Sedis
659 577 745 606 ctiam
764 575 948 615 Apostolicae
967 575 1111 605 constitu-

405 621 507 658 tiones,
530 631 582 651 sen
601 621 726 657 decreta,
751 620 785 650 de
809 621 979 650 huiusmodi
999 620 1111 650 indulto

167 259 216 285 An.
233 259 262 286 C.
285 258 350 285 twa

403 677 571 707 expressam
595 667 772 696 mentionem
793 674 850 695 non
869 665 1025 701 facientia,
1052 665 1111 694 mi-

401 713 481 742 nime
509 711 626 741 obstare
649 711 790 741 decernit.
827 727 867 733 —
895 709 1066 740 Oblationes
1096 720 1110 739 a

403 766 589 796 quocumque
608 756 698 786 factas
716 755 757 785 vel
779 755 928 785 faciendas
947 755 1111 784 confirmat.

401 818 441 823 —
463 800 584 830 Abbatis
609 800 784 829 electionem
813 808 864 838 per
885 799 1045 828 monachos
1071 798 1112 828 sa-

402 847 555 882 ciendam,
591 845 807 874 ordinationem
844 853 912 873 vero
945 853 958 872 a
990 842 1111 873 Summo

401 891 540 920 Pontitice
557 889 750 920 exhibendam
770 899 836 919 esse
853 889 990 918 declarat.
1006 906 1045 910 —
1058 888 1112 918 De-

402 941 513 966 cretum
537 934 740 965 immunitatis.
767 951 806 956 —
822 933 892 964 Cum
913 933 1007 963 solitis
1030 933 1112 963 clau-

403 981 487 1011 sulis.
509 997 548 1002 —-
565 979 720 1009 Alexandri
744 978 797 1009 Pr.
816 983 844 1008 et
867 978 895 1009 S.
915 978 947 1008 P..
964 977 1110 1008 Ecclesiae

401 1025 594 1056 cardinalium
615 1024 861 1063 subscriptiones.

360 1093 509 1122 Alexander
520 1092 659 1128 episcopus
675 1098 769 1119 servus
789 1097 926 1119 servornm
935 1089 992 1122 Dei,
1014 1089 1112 1118 dilecto

405 1143 460 1171 filio
476 1143 579 1171 Marino
598 1141 691 1170 abbati
709 1139 836 1168 cavensis
854 1139 1024 1172 monasterii,
1045 1139 1112 1175 quod

405 1200 482 1222 secus
501 1192 640 1220 Salernum
663 1191 746 1219 situm
769 1191 822 1223 est.
847 1189 957 1225 eiusque
978 1188 1112 1217 fratribus

404 1245 462 1272 tam
500 1241 689 1278 praesentibus
721 1246 800 1276 quam
826 1238 929 1268 futuris
959 1238 1112 1274 regularem

404 1293 490 1322 vitam
508 1291 650 1328 professis,
675 1290 702 1318 in
719 1291 888 1326 perpetuum.

409 1355 606 1391 Commissae
622 1353 712 1388 nohis
727 1364 783 1387 nos
799 1351 997 1398 Apostolicae
1019 1350 1111 1386 Sedis

361 1405 502 1441 hortatui·
535 1403 718 1447 auctoritas,
752 1410 785 1436 ut
807 1401 885 1436 locis
911 1409 942 1435 et
969 1401 1112 1448 personis

362 1455 461 1503 ipsius
487 1453 637 1489 auxilium
673 1452 839 1487 devotione
865 1451 970 1486 debita
999 1450 1113 1498 implo-

362 1505 517 1549 rantibus,
545 1503 686 1538 tuitionis
714 1501 906 1549 praesidium
930 1501 1112 1548 impendere

363 1555 551 1594 debeamus;
574 1553 648 1600 quia
671 1552 752 1586 sicut
774 1551 888 1586 iniusta
909 1551 1113 1598 poscentibus

363 1605 469 1640 nullus
503 1612 549 1638 est
577 1602 764 1637 tribuendus
795 1600 938 1644 effectus,
965 1600 1009 1635 sic
1036 1601 1113 1647 legi-

363 1655 437 1689 tima
480 1662 510 1689 et
536 1653 615 1687 iusta
647 1651 894 1686 desiderantium
942 1650 1026 1684 nulla
1067 1659 1113 1685 est

364 1704 533 1739 differenda
557 1702 681 1749 petitio;
709 1701 891 1749 praesertim
915 1712 1038 1740 eorum,
1060 1700 1111 1747 qui

364 1767 436 1789 cum
466 1755 628 1788 honestate
664 1752 742 1786 vitae
768 1759 798 1785 et
820 1749 965 1785 laudabili
990 1762 1111 1784 morum

365 1803 594 1851 compositione
628 1801 766 1848 gandent
803 1799 1011 1847 omnipotenti
1046 1799 1114 1834 Deo

175 1869 350 1892 eoenobiumnoe
365 1854 532 1889 deservire.
563 1851 748 1898 Eapropter,
783 1850 887 1885 dilecti
921 1849 950 1883 in
978 1849 1114 1884 Domino

168 1901 351 1955 ᾗῗ,ξζίἷ·ε“’ωξξζ
366 1903 445 1943 titii,
479 1903 590 1938 vestris
625 1901 717 1936 iustis
751 1899 1014 1948 postulationibus
1050 1899 1115 1933 cle-

169 1952 239 1986 rium
261 1941 352 1992 ,laede-
368 1961 488 1988 menter
532 1951 722 1991 annuimus,
768 1958 798 1985 et
836 1948 1113 1996 praedecessorum

170 2002 353 2056 μζῖξῇξὲῗξψξί,
368 2011 547 2038 nostrorum
569 2001 668 2036 felicis
703 1999 871 2035 memoriae
897 1998 1039 2045 Gregorii
1063 2011 1115 2033 se-

170 2064 215 2082 dem
275 2060 353 2081 conam
368 2053 469 2101 ptimi,
503 2051 634 2092 Urbani,
671 2049 841 2090 Paschalis,
867 2048 992 2087 calixti,
1018 2047 1116 2083 Inno-

169 2092 290 2112 ⁶⁰⁰⁶¹¹¹¹²¹²
367 2102 460 2137 centii
475 2110 506 2136 et
517 2101 666 2147 Eugenii,
680 2100 896 2134 Romanorum
913 2097 1115 2143 Pontificum⁷

368 2151 507 2198 vestigiis
530 2151 740 2194 inhaerentes,
755 2149 898 2184 Cavense
916 2147 1115 2188 coenobium,

369 2202 399 2236 in
422 2213 485 2249 quo
515 2203 588 2236 estis
616 2200 722 2235 divino
755 2198 908 2245 obsequio
931 2197 1115 2244 mancipati,

369 2251 428 2287 sub
447 2251 527 2286 beati
560 2250 645 2285 Petri
666 2258 697 2284 et
718 2257 822 2283 nostra
846 2247 1040 2295 protectione
1062 2260 1117 2282 su-

369 2301 532 2348 scipimus,
565 2308 595 2335 et
631 2299 803 2348 praesentis
825 2297 931 2344 scripti
954 2296 1117 2344 privilegio

370 2351 616 2394 communimus,
638 2358 731 2397 atque
756 2348 795 2383 ab
815 2348 902 2383 omni
930 2355 991 2381 tam
1014 2348 1118 2382 eccle-

369 2401 494 2435 siastico
528 2412 621 2448 quam
659 2398 829 2434 saecularis
856 2409 1008 2444 personae
1043 2396 1117 2442 iugo

371 2451 411 2485 ita
438 2450 569 2485 omnino
601 2449 731 2484 liberam
752 2459 880 2483 manere
905 2446 1116 2484 decernimus.

372 2509 405 2534 ut
437 2501 495 2535 soli
525 2508 651 2535 sanctae
684 2507 715 2533 et
746 2497 935 2545 apostolicae
956 2495 1118 2531 Romanae

372 2549 532 2585 Ecclesiae
551 2550 692 2584 videatur
712 2560 781 2583 esse
796 2546 991 2587 subiectum;
1013 2546 1119 2580 statui-

189 2617 256 2641 am,
277 2618 298 2636 οι
320 2619 357 2636 ec·
373 2611 444 2634 mus
465 2612 601 2647 quoque,
624 2607 656 2633 ut
678 2599 725 2633 illa
746 2597 946 2636 monasteria,
969 2595 1118 2630 ecclesiae

176 2647 438 2684 ⁶¹²⁵*³⁵²·¹¹⁵‘¹²⁰¹sive
471 2650 586 2690 cellae,
608 2661 688 2696 quae
723 2647 876 2684 coenobio
905 2654 1005 2681 vestro
1039 2657 1119 2680 con-

195 1419 312 1440 Exordium.

957 253 1141 276 ut'LLatttun
1171 253 1331 276 ttonaxml

1153 319 1258 342 cessae
1279 314 1364 347 sunt,
1393 306 1499 342 firmae
1522 307 1608 342 vobis
1628 308 1802 355 vestrisque
1823 322 1896 345 suc-

1153 356 1331 392 cessoribus
1352 364 1382 391 et
1410 356 1544 391 illibatae
1578 367 1795 404 permaneant;
1817 372 1897 407 quae

1153 407 1308 454 siquidem
1332 405 1381 440 his
1409 406 1810 442 nominibusannotantur:
1830 422 1898 444 mo-

1155 456 1321 491 nasterium
1350 455 1456 490 Sancti
1481 455 1641 490 Laurentii
1665 456 1694 490 in
1718 456 1897 505 Paliperna,

1153 505 1418 553 quemadmodum
1462 505 1565 552 ipsum
1597 506 1776 551 praedictus
1808 516 1899 543 ante-

1154 568 1260 591 cessor
1281 563 1386 590 noster
1406 555 1571 601 Eugenius
1593 555 1656 589 PP.
1670 555 1708 590 ad
1724 556 1899 592 reforman-

1153 605 1224 640 dam
1248 605 1442 651 religionem.
1469 617 1549 652 quac
1571 605 1611 639 ibi
1636 606 1778 652 perierat,
1796 615 1827 640 et
1845 619 1899 653 per

1154 667 1208 690 vos
1229 663 1259 690 et
1293 668 1347 701 per
1373 667 1572 689 successores
1599 664 1717 690 vestros
1739 657 1898 703 perpetuis

1153 704 1348 752 temporibus
1374 704 1624 750 gubernandum,
1646 705 1735 739 vobis
1766 718 1899 741 conces-

1152 756 1203 797 sit,
1225 763 1255 789 et
1277 753 1392 789 decreti
1420 755 1467 788 sni
1491 753 1744 789 corroboratione
1757 756 1897 796 sancivit,

1154 805 1241 840 vobis
1280 812 1309 838 et
1346 803 1448 839 eidem
1486 804 1676 839 monasterio
1717 806 1899 841 auctoritate

1152 853 1320 902 apostolica
1344 853 1583 894 confirmamus;
1617 854 1780 889 ecclesiam
1812 855 1900 890 San—

1153 913 1219 939 ctae
1240 903 1355 938 Mariae
1381 903 1459 937 infra
1485 903 1586 938 casale
1620 913 1774 942 vestrum,
1797 905 1900 940 eccle—

1152 955 1230 988 siam
1252 953 1386 988 Sanctae
1412 953 1532 993 Heliae,
1559 953 1723 988 ecclesiam
1759 954 1793 989 S.
1821 954 1899 990 For-

1152 1004 1263 1043 tunati,
1294 1002 1458 1038 ecclesiam
1485 1002 1618 1037 Sanctae
1640 1003 1754 1038 Mariae
1775 1004 1815 1039 de
1836 1004 1900 1039 Be·-

1152 1062 1278 1097 tranto,
1326 1052 1490 1087 ecclesiam
1532 1052 1640 1087 Sancti
1677 1053 1899 1097 pantaleonis,

1152 1103 1316 1138 ecclesiam
1350 1101 1457 1137 Sancti
1492 1101 1608 1137 Leonis
1645 1115 1740 1150 supra
1770 1103 1900 1140 fluvium

1152 1153 1286 1196 Veteris,
1308 1151 1456 1187 ecclesias
1476 1151 1611 1187 Sanctae
1632 1151 1748 1187 Mariae
1766 1152 1805 1188 de
1825 1153 1900 1189 Sta-

1153 1203 1205 1237 fito
1239 1210 1270 1236 et
1290 1201 1396 1236 Sancti
1433 1201 1569 1241 loannis,
1603 1201 1766 1237 ecclesiam
1794 1203 1901 1239 Sancti

1152 1253 1270 1287 Nicotai
1293 1251 1333 1285 de
1354 1251 1549 1295 Gallocanta,
1571 1252 1796 1287 monasterium
1819 1253 1902 1288 San-

1153 1303 1192 1337 cti
1219 1301 1412 1336 Liheratoris
1438 1313 1509 1335 cnm
1533 1301 1619 1336 cellis
1641 1302 1719 1344 suis,
1743 1311 1901 1337 monaste-

1153 1353 1234 1386 rium
1257 1350 1364 1386 Sancti
1386 1351 1512 1386 loannis
1533 1351 1572 1386 de
1598 1351 1714 1392 Veteri,
1736 1353 1901 1388 ecclesiam

1153 1401 1286 1436 Sanctae
1308 1401 1422 1435 Mariae
1458 1400 1496 1435 de
1529 1400 1641 1441 Fonte,
1677 1402 1842 1437 ecclesiam
1865 1402 1900 1437 S.

1155 1451 1267 1486 Mariae
1289 1451 1327 1484 de
1349 1450 1476 1490 Albulo,
1503 1451 1664 1486 ecclesiam
1687 1451 1821 1487 Sanctae
1835 1452 1903 1486 Ma-

1154 1501 1215 1535 riae
1230 1501 1268 1535 de
1283 1500 1498 1543 Transbonea,
1515 1501 1676 1535 ecclesiam
1692 1500 1799 1536 Sancti
1817 1501 1900 1536 Petri

1154 1550 1192 1586 tle
1214 1551 1364 1585 Trarersa
1379 1577 1388 1594 ,
1409 1549 1573 1585 castellum
1596 1550 1703 1585 Sancti
1726 1551 1902 1595 Atliutoris,

1153 1613 1224 1635 cnm
1253 1600 1452 1647 pertinentiis
1484 1600 1569 1639 suis,
1602 1600 1766 1636 ecclesiam
1794 1601 1902 1636 Sancti

1154 1649 1272 1685 Nicolai
1294 1650 1333 1684 de
1354 1649 1459 1690 Prato,
1475 1650 1637 1684 ecclesiam
1653 1649 1757 1685 Sancti
1778 1649 1904 1686 loannis

1154 1700 1192 1734 ‹le
1226 1700 1372 1747 Raparo,
1406 1699 1570 1734 ecclesiam
1601 1698 1734 1735 Sanctae
1767 1699 1903 1745 Luciae,

1154 1749 1317 1785 ecclesiam
1345 1748 1450 1783 Sancti
1477 1748 1647 1784 Salvatoris
1673 1749 1712 1784 de
1749 1749 1903 1790 Passano,

1155 1800 1320 1834 ecclesian]
1355 1798 1462 1833 Sancti
1498 1798 1704 1845 Archangeli,
1738 1800 1902 1835 ecclesiam

1155 1849 1187 1883 S.
1211 1848 1382 1896 Stephani:
1399 1849 1476 1883 intra
1491 1848 1656 1883 Salernum
1681 1850 1902 1884 monasterium

1155 1900 1188 1933 S.
1217 1899 1354 1944 Sophiae
1372 1910 1445 1933 cum
1466 1899 1554 1933 cellis
1579 1898 1655 1939 suis,
1679 1899 1902 1934 monasterium

1156 1948 1262 1983 Sancti
1284 1947 1403 1983 Nicolai
1423 1948 1462 1983 de
1478 1948 1594 1987 Palma,
1613 1948 1776 1983 ecclesiam
1796 1948 1904 1984 Sancti

1156 1998 1306 2042 Maximi,
1340 1997 1504 2032 ecclesiam
1540 1996 1673 2032 Sanctae
1710 1998 1826 2033 Mariae
1864 1999 1904 2033 de

1158 2047 1282 2082 Domno
1304 2060 1376 2082 cum
1398 2047 1485 2082 cellis
1505 2049 1581 2088 suis,
1611 2048 1774 2082 ecclesiam
1796 2048 1902 2083 Sancti

1156 2097 1307 2131 Antonini
1328 2098 1366 2131 de
1388 2096 1570 2144 Capazano:
1594 2097 1623 2132 in
1646 2097 1777 2132 Nuceria
1794 2110 1904 2132 mona-

1157 2147 1285 2182 sterium
1313 2146 1420 2182 Sancti
1455 2147 1565 2194 Angeli
1593 2147 1632 2181 de
1659 2146 1779 2195 Cripta,
1801 2148 1904 2184 ecete-

1157 2197 1234 2232 siam
1268 2196 1376 2231 Sancti
1411 2196 1543 2236 Nicolai,
1577 2196 1741 2232 ecclesiam
1769 2197 1904 2232 Sanctae

1157 2246 1273 2281 Martae
1299 2246 1338 2281 de
1364 2245 1447 2290 Pao,
1481 2247 1644 2282 ecclesiam
1677 2245 1784 2281 Sancti
1818 2247 1905 2282 Lau-

1159 2297 1248 2331 rentii
1292 2295 1332 2331 de
1372 2296 1536 2331 Rostineto
1551 2323 1560 2337 ,
1599 2296 1761 2331 ecclesiam
1795 2297 1903 2332 Sancti

1158 2346 1267 2380 Blasii:
1296 2346 1379 2380 iuxta
1401 2345 1538 2393 Roccam
1560 2345 1644 2393 apud
1667 2355 1789 2381 montes
1809 2346 1906 2382 eccle·

1158 2396 1234 2430 siam
1271 2394 1377 2431 Sancti
1414 2395 1556 2437 Ioannis,
1594 2396 1757 2431 ecclesiam
1795 2395 1903 2431 Sancti

1158 2445 1327 2489 Matthaei,
1365 2445 1529 2480 ecclesiam
1563 2444 1668 2480 Sancti
1703 2445 1826 2480 Martini
1865 2447 1904 2480 de

1158 2495 1284 2539 Forma,
1305 2495 1470 2530 ecclesiam
1497 2494 1531 2530 S.
1559 2495 1670 2541 Angeli
1693 2495 1732 2530 de
1753 2494 1902 2542 Crapulo,

1158 2544 1322 2579 ecclesiam
1358 2544 1491 2579 Sanctae
1527 2544 1643 2579 Mariae
1676 2544 1714 2579 de
1748 2544 1900 2579 Mallono:

1159 2595 1188 2628 in
1212 2593 1367 2629 Moniorio
1390 2593 1553 2637 ecclesiam
1589 2594 1693 2629 Sancti
1714 2594 1900 2629 salvatoris:

1159 2644 1189 2678 in
1216 2643 1336 2679 Maior-o
1361 2645 1524 2680 ecclesiam
1557 2643 1590 2678 S.
1626 2643 1707 2678 Petri
1739 2643 1778 2678 de
1804 2643 1903 2679 Ponte

1854 234 1857 235 ⁷
1909 253 1958 279 An.
1977 253 2005 280 c.
2026 252 2091 281 1159

1911 314 2008 335 coenobii
2029 319 2092 340 prae-

1911 347 1966 366 senti
1982 345 2092 372 privilegio

1911 378 2054 404 recognoscit;

1926 911 1996 940 anue
2004 913 2096 940 propriis

1913 943 2032 964 nominibus
2062 944 2097 964 di-

1913 976 2032 1000 §tinguens‚

1931 2097 1979 2118 Cum
2005 2099 2101 2120 omnibus

1917 2130 2005 2154 iuribus,
2031 2131 2100 2156 pcrti-

1917 2160 1996 2180 neniiis
2025 2166 2100 2181 mona-

1918 2191 1983 2211 sterio
2011 2191 2100 2217 asserit,
