2180 3205
41 265 92 293 Αιι.
108 263 136 292 C.
154 263 221 292 ¹¹37

63 896 144 918 solitae
162 899 219 920 etau—

37 923 102 946 mbo.

58 1780 170 1802 innocentii
179 1780 218 1803 ΡΡ.

39 1809 61 1828 02
73 1807 95 1829 S.
104 1807 128 1828 fl.
137 1807 161 1829 E.
174 1814 219 1829 car-

39 1833 136 1856 dinalium
172 1835 220 1856 sub·

39 1861 170 1887 scriptiones.

837 262 1051 290 INNOCENTIUS
1072 263 1095 289 11
1114 263 1164 288 1³9.

236 312 302 345 mili
324 313 421 346 inodo
448 312 638 353 statuimus,
662 324 702 347 ne
728 313 844 358 aliquis
869 313 979 347 deten-

235 365 337 399 tiones
357 365 528 406 Ecclesiae,
552 377 616 400 non
637 367 675 400 ad
702 378 734 400 sc
759 366 975 411 pertinentes,

233 419 298 453 suis
318 419 427 452 usibus
449 419 589 453 indebite
607 420 768 453 vindicare
783 425 975 464 praesumat.

233 473 316 506 Nulli
338 483 415 513 ergo
446 473 616 506 hominum
645 474 689 507 sas
720 474 776 511 sit,
802 474 976 517 praefatam

232 525 476 559 Arausircnsem
497 526 671 560 Ecclesiam
702 533 822 560 temere
851 533 978 571 pertur-

232 579 326 619 bare,
350 585 405 612 aut
431 580 499 613 eius
523 580 740 624 possessiones
761 580 887 614 auferre
902 608 909 620 ,
931 581 977 614 rel

232 631 353 665 ablatas
373 633 524 671 retinere,
553 633 709 673 minuere,
733 644 788 667 seu
809 633 978 667 cuiuslibet

231 686 387 719 molestiis
400 686 548 729 fatigare,
569 687 624 720 sed
638 687 747 720 omnia
762 687 887 728 integra
903 697 978 720 con-

230 745 411 780 serventur,
435 750 547 773 eorum
563 767 570 780 ‚
591 750 650 784 pro
670 751 807 784 quorum
829 740 977 774 substen-

232 846 344 880 usibus
367 846 563 880 omnimodis
584 847 762 891 profutura.
785 846 817 880 Si
838 847 909 891 quis
922 847 979 889 igi-

234 906 288 933 tur
305 899 336 932 in
354 900 507 941 futurum,
532 900 612 933 hanc
631 906 758 933 nostrae
779 900 979 933 constitutio-

234 952 284 986 nis
304 953 453 998 paginam
476 953 579 987 sciens
594 981 601 993 ,
626 959 737 987 contra
758 964 828 986 eam
860 960 979 987 temere

233 1006 342 1040 venire
363 1007 543 1047 tentaverit,
567 1007 709 1040 secundo
731 1006 864 1040 tertiove
885 1017 976 1040 com-

232 1059 354 1093 monita
369 1088 376 1100 ,
400 1060 460 1094 nisi
486 1070 628 1103 congrue
653 1060 860 1101 satisfecerit,
883 1067 976 1104 pote-

232 1113 322 1147 statis
352 1113 551 1157 honorisque
582 1114 630 1147 sui
663 1114 816 1156 dignitate
847 1120 976 1154 careat,

232 1177 390 1211 reumque
410 1178 443 1201 se
465 1167 572 1200 divino
599 1167 719 1200 iudicio
737 1168 776 1200 de
795 1173 979 1212 perpetrata

233 1221 401 1265 iniquitate
421 1226 594 1264 cognoscat
615 1221 761 1260 existere,
783 1226 813 1254 et
832 1232 849 1253 a
874 1231 980 1254 sacra-

233 1273 356 1307 tissimo
376 1274 517 1318 Corpore
548 1281 578 1307 et
605 1274 766 1316 Sanguine
786 1274 840 1307 Dei
862 1280 893 1307 et
912 1275 976 1308 Do-

233 1327 312 1360 mini
333 1327 432 1361 nostri
453 1328 524 1361 Iesu
543 1327 657 1361 Christi
678 1327 802 1361 alienus
822 1328 877 1361 siat
890 1356 897 1369 ‚
925 1334 976 1361 at-

233 1391 295 1425 que
309 1380 343 1413 in
355 1387 498 1414 extremo
516 1380 661 1414 examine
682 1381 844 1414 districtae
864 1381 978 1415 ultioni

232 1433 407 1468 subiaceat.
425 1434 552 1468 Cunctis
569 1440 676 1467 autem
691 1434 796 1467 eidem
812 1435 883 1467 loco
897 1446 979 1478 quae

232 1497 291 1520 sua
307 1493 392 1528 sunt,
409 1487 622 1524 servantibus,
637 1487 677 1520 sit
696 1497 756 1530 pax
776 1486 902 1520 Domini
922 1498 980 1520 no-

233 1540 288 1574 stri
309 1541 380 1574 Iesu
399 1540 526 1581 Christi,
539 1546 697 1584 quatenus
717 1546 747 1573 et
768 1540 819 1573 hic
840 1540 979 1574 fructum

234 1594 338 1628 bonae
368 1594 503 1628 actionis
531 1594 728 1639 percipiant,
752 1599 783 1627 et
810 1595 896 1638 apud
926 1594 977 1627 di-

233 1648 380 1682 strictum
394 1648 535 1682 Iudicem
557 1648 703 1692 praemia
723 1653 872 1681 aeternae
893 1648 980 1692 pacis

235 1701 408 1735 inveniant.

278 1772 345 1806 Eoo
371 1773 588 1807 Innocmrius
618 1771 796 1806 catholicae
819 1771 980 1805 Ecclesiae

235 1816 405 1861 episcopus
425 1828 465 1851 ss.

279 1861 345 1904 Ego
362 1862 513 1904 Angelus,
529 1862 697 1906 presbyter
709 1861 883 1895 cardinalis
896 1860 980 1894 tituli

234 1905 340 1939 Sancti
359 1906 533 1939 Laurentii.

278 1950 344 1993 Ego
365 1950 567 1991 Lictisredus,
587 1951 754 1995 ρτθ5ιηιει
773 1961 814 1983 55.

278 1994 344 2037 Ego
364 1995 476 2035 Lucas,
499 1995 666 2040 piesbyter
685 1994 768 2029 tituli
788 1994 979 2030 Sanctorum

234 2039 362 2072 Ioannis
381 2045 412 2073 et
431 2039 532 2072 Pauli.

278 2083 412 2124 Marton,
426 2084 593 2128 presbxter
611 2084 783 2117 cardinalis
804 2084 886 2117 tituli
902 2083 980 2117 San-

235 2127 276 2162 cti
296 2128 461 2172 Stephani

277 2171 344 2214 Ego
363 2172 468 2206 Guido
489 2172 640 2215 indignus
660 2173 836 2217 presbyter.

278 2216 345 2258 Ego
364 2216 549 2260 Giegorius,
572 2217 738 2261 presbyter
758 2216 930 2250 caidinalis
943 2216 980 2249 ti-

235 2260 292 2293 tuli
312 2261 446 2294 Sanctae
467 2261 602 2294 Priscae.

278 2305 344 2347 Ego
357 2305 549 2345 Rerum-,dus
563 2306 730 2349 piesb3te1
749 2305 922 2338 caidinalis
942 2304 978 2337 ti-

236 2349 293 2382 tuli
313 2349 420 2383 Sancti
445 2349 651 2393 Chrvsogoni

278 2393 344 2436 Ego
357 2382 593 2428 Theodeuinus
603 2394 633 2427 S.
647 2393 781 2427 Rufinae
795 2393 974 2436 episcopus.

277 2437 324 2480 Eg
304 2448 345 2471 οιο
364 2438 482 2480 Drogo,
505 2437 658 2471 Ostiensis
679 2437 858 2486 episcopus.

278 2482 345 2524 Ego
364 2482 524 2522 Albertus,
538 2482 727 2515 Albanensis
751 2491 931 2530 episcopus.

278 2525 345 2569 Ego
363 2526 548 2569 Gregorius,
570 2526 724 2559 diaconus
738 2525 908 2559 caidinalis
929 2524 975 2558 tit.

236 2551 428 2603 Sanctorum
454 2570 556 2612 Sergii
577 2576 607 2603 et
627 2570 753 2603 Bacchi.

237 2657 257 2690 d
279 2613 345 2656 Ego
364 2614 480 2655 Guido,
497 2615 652 2648 diaconus
671 2614 842 2647 cardinalis
861 2614 892 2647 S
915 2614 979 2647 Ha·

262 2657 352 2691 riani

1014 356 1024 389 Ι
1058 312 1123 390 Ego
1144 311 1316 352 Ulbordus,
1340 310 1512 345 cardinalis
1531 310 1562 344 S.
1586 309 1625 345 M.
1650 310 1681 343 in
1702 311 1758 343 Via

1025 366 1055 389 ,a
1071 366 1099 390 a.

1058 410 1122 449 Ego
1142 409 1377 454 Chrysogonus,
1405 409 1578 442 cardinalis
1603 409 1758 443 diaconus

1013 454 1042 487 S.
1068 454 1184 486 Mariae
1204 455 1234 486 in
1257 454 1395 487 Porticu.

1058 498 1123 539 Ego
1144 499 1196 531 lvo
1210 498 1376 537 diaconus,
1392 498 1563 531 cardinalis
1580 498 1611 531 S.
1626 497 1753 531 Mariae.

1058 551 1170 584 Datum
1192 550 1271 583 Pisis
1285 562 1342 594 per
1363 561 1494 584 manum
1513 551 1672 595 Aymerici
1686 561 1759 583 san-

1014 609 1081 636 ctae
1097 603 1259 637 Romanae
1272 604 1430 636 Ecclesiae
1448 603 1573 636 diaconi
1587 604 1758 637 cardinalis

1013 664 1043 690 et
1056 658 1250 696 cancellarii,
1263 668 1280 690 v
1295 658 1356 690 kal.
1374 658 1491 698 martii,
1509 658 1684 691 indictione
1705 668 1755 697 xv,

1013 712 1169 745 incarnat.
1192 712 1378 746 Dominicae
1399 722 1483 745 anno
1501 722 1663 751 mcxxxvn,
1678 722 1758 756 pon-

281 793 286 799 .
604 793 609 798 .
995 764 1151 804 ,titicatus
1185 776 1260 799 vero
1296 765 1407 799 domni
1442 765 1618 799 innocentii
1655 765 1758 809 Papae

232 799 352 827 tatione
382 799 411 827 et
441 793 675 836 gubernatione
708 804 859 827 concessa
887 799 997 833 sunt„

1014 828 1098 851 anno
1120 828 1188 852 vm.

1062 880 1119 908 Dat.
1141 881 1184 907 die
1204 880 1239 907 ⁶25
1257 881 1387 908 februarii
1407 889 1478 909 anno
1500 881 1604 908 Domini
1628 881 1706 914 1137,

1258 925 1352 962 pontif.
1375 934 1444 953 anno
1465 932 1523 952 vm.

1341 1070 1429 1103 XLV.

1014 1140 1212 1185 Approlmtio
1232 1142 1380 1174 instituti
1408 1142 1571 1185 'reqularis
1595 1142 1680 1175 vilae
1708 1152 1758 1175 ca-

1058 1194 1250 1227 nom'corum
1274 1194 1436 1227 Niciensis
1459 1194 1636 1235 Ecclesiae,
1666 1196 1758 1227 cuius

1060 1246 1141 1279 bona
1161 1247 1272 1280 omnia
1294 1247 1532 1290 confirmantur
1555 1246 1577 1280 ¹.

1280 1326 1482 1354 SUMMARIL‘M

1016 1388 1195 1416 Prooemium.
1217 1405 1245 1408 —
1260 1388 1290 1416 In
1311 1388 1360 1416 hac
1374 1389 1489 1416 ecclesia
1510 1390 1700 1417 canonicorum
1715 1398 1758 1417 re

1049 1424 1151 1457 gularis
1166 1424 1306 1465 disciplina
1326 1425 1502 1465 approbatur.
1513 1440 1545 1445 -·
1560 1426 1759 1453 Contirmantur

1050 1460 1121 1487 hona
1132 1460 1222 1487 omnia
1235 1460 1268 1487 ad
1280 1469 1338 1487 eam
1350 1460 1521 1495 pertinentia.
1537 1476 1566 1480 —
1582 1460 1700 1492 Quorum
1712 1461 1758 1488 bo-

1050 1504 1147 1523 norum
1172 1504 1234 1531 pars
1263 1495 1441 1527 describunt-2
1467 1511 1500 1516 —
1523 1495 1680 1523 validantur
1699 1506 1760 1524 cum

1050 1532 1160 1558 decreto
1173 1539 1215 1565 ea,
1228 1539 1297 1567 quae
1312 1532 1345 1558 ab
1361 1532 1488 1567 episcopo
1500 1535 1601 1558 statuta
1615 1537 1688 1567 sunt,
1705 1536 1758 1560 etc

1049 1583 1083 1587 —
1104 1567 1224 1594 Pontifex
1246 1566 1299 1594 PP
1315 1567 1486 1594 anathemate
1502 1567 1618 1602 percutit
1628 1555 1759 1603 privilegii

1050 1602 1130 1630 huius
1146 1603 1300 1635 violatores3
1317 1618 1351 1623 —
1367 1602 1594 1630 observatoribus
1610 1611 1673 1630 vero
1688 1603 1759 1631 bona

1049 1642 1185 1673 precatur.
1213 1654 1244 1658 —
1265 1624 1415 1665 1n⁷nocentii
1442 1637 1493 1665 PP.
1515 1642 1542 1665 et
1569 1638 1759 1666 nonnullorum

1049 1674 1075 1700 S.
1097 1674 1128 1700 R.
1149 1674 1180 1701 E.
1197 1673 1375 1701 cardinalium
1395 1673 1619 1709 subscriptiones.

1015 1738 1209 1765 Innocentius
1221 1737 1391 1772 episcopus,
1408 1745 1515 1765 servus
1531 1745 1685 1765 servorum
1697 1738 1758 1771 nei,

1050 1781 1218 1809 venerabili
1237 1782 1325 1809 {ratri
1345 1782 1432 1809 Petro
1453 1781 1588 1809 Niciensi
1609 1782 1758 1818 episcopo,

1050 1826 1176 1860 eiusque
1206 1826 1434 1854 successorihus
1469 1827 1614 1855 canonice
1644 1834 1760 1861 promo·

1049 1871 1166 1904 vendis,
1188 1871 1219 1898 in
1237 1873 1428 1905 perpetuum.

1057 1931 1160 1969 ,Officii
1182 1932 1282 1965 nostri
1309 1942 1367 1965 nos
1394 1932 1542 1965 hortatur
1562 1933 1734 1966 auctoritas
1748 1960 1755 1971 .

1015 1996 1073 2030 pro
1095 1984 1302 2019 ecclesiarum
1322 1990 1405 2018 statu
1422 1991 1577 2027 satagere,
1600 1991 1630 2018 et
1647 1996 1758 2018 earum

1015 2039 1115 2083 quieti
1131 2045 1162 2072 et
1178 2038 1370 2072 utilitatibus
1389 2038 1571 2078 salubriter,
1588 2039 1759 2072 auxiliante

1014 2092 1166 2133 Domino,
1191 2091 1370 2135 providere.
1394 2091 1532 2133 Dignum
1553 2102 1704 2135 namque,
1729 2098 1759 2125 et

1014 2144 1173 2178 honestati
1194 2154 1373 2187 congruum
1395 2155 1463 2177 esse
1481 2144 1697 2186 cognoscitur,
1725 2151 1758 2178 ιιι

1014 2198 1068 2242 qui
1102 2198 1142 2230 ad
1173 2197 1380 2230 ecclesiarum
1423 2197 1567 2239 regimen
1603 2198 1757 2241 assumpti

1013 2261 1135 2290 sumus,
1152 2261 1205 2283 eas
1225 2260 1243 2282 a
1262 2260 1435 2293 pravorum
1454 2249 1625 2282 hominum
1646 2249 1759 2293 nequi·

1014 2304 1057 2337 tia
1075 2310 1234 2343 tueamur,
1263 2309 1292 2336 et
1316 2304 1350 2336 B.
1371 2302 1455 2336 Petri
1476 2308 1571 2346 atque
1593 2303 1755 2347 Apostoli-

1014 2368 1068 2391 cae
1082 2357 1171 2391 Sedis
1185 2355 1366 2414 patrocinio
1380 2355 1578 2395 muniamus3
1602 2362 1633 2388 et
1645 2355 1754 2389 Nicen.

1013 2409 1202 2449 Ecclesiam,
1226 2409 1276 2442 cui
1301 2408 1438 2442 Domino
1458 2414 1590 2442 auctore
1609 2418 1758 2452 praeesse

1663 250 1729 286 423
1774 261 1822 288 An.
1841 261 1871 289 c.
1890 261 1957 289 ¹137

1801 1940 1940 1962 Prooemium.

1801 2356 1822 2377 ln
1840 2357 1881 2377 hac
1893 2358 1959 2378 eccle-

1773 2384 1805 2405 sia
1812 2383 1962 2404 canonicorum

1773 2411 1875 2435 regularia
1896 2410 1958 2430 disci-

1773 2438 1800 2463 pli
1796 2443 1830 2457 ina
1853 2441 1919 2462 appru
1909 2437 1958 2456 tsi-la

1014 2462 1233 2506 dignoscetis,
1257 2462 1287 2495 S
1312 2462 1347 2494 R.
1371 2462 1404 2494 E.
1435 2461 1813 2521 privilegiqr-obora-tur

1014 2527 1099 2556 mus;
1122 2521 1309 2556 statuenteS,
1333 2522 1367 2549 ut
1388 2516 1470 2549 ordo
1490 2515 1680 2556 canonicus,
1703 2516 1758 2559 qui

1013 2570 1191 2603 secundum
1211 2570 1244 2602 B.
1267 2569 1434 2611 Augustini
1449 2569 1595 2611 regulam
1616 2575 1671 2602 tuo
1691 2569 1759 2602 lau-

1060 2633 1071 2659 1
1094 2630 1132 2658 Ex
1160 2630 1315 2658 authentico
1335 2630 1421 2658 exseri
1442 2634 1500 2657 tum
1525 2630 1609 2657 edidit
1638 2630 1758 2670 Ughell„

1013 2665 1073 2695 nat.
1090 2666 1162 2700 Sac„
1177 2671 1242 2694 tom.
1255 2673 1292 2700 iv,
1312 2666 1358 2693 ubi
1373 2666 1406 2694 de
1449 2665 1597 2694 iciensibus
1610 2665 1759 2703 episcopis.
