<?xml version="1.0" encoding="UTF-8"?>
<!DOCTYPE html PUBLIC "-//W3C//DTD XHTML 1.0 Transitional//EN"
    "http://www.w3.org/TR/xhtml1/DTD/xhtml1-transitional.dtd">
<html xmlns="http://www.w3.org/1999/xhtml" xml:lang="en" lang="en">
 <head>
  <title>
</title>
<meta http-equiv="Content-Type" content="text/html;charset=utf-8" />
  <meta name='ocr-system' content='tesseract 3.04.00' />
  <meta name='ocr-capabilities' content='ocr_page ocr_carea ocr_par ocr_line ocrx_word'/>
</head>
<body>
  <div class='ocr_page' id='page_1' title='image "./bullarumdiplomat02cath_0680.png"; bbox 0 0 2180 3205; ppageno 0'>
   <div class='ocr_carea' id='block_1_1' title="bbox 182 299 365 326">
    <p class='ocr_par' dir='ltr' id='par_1_1' title="bbox 182 299 365 326">
     <span class='ocr_line' id='line_1_1' title="bbox 182 299 365 326; baseline -0.033 0"><span class='ocrx_word' id='word_1_1' title='bbox 182 299 203 326; x_wconf 77' lang='grc' dir='ltr'><strong>Λ</strong></span> <span class='ocrx_word' id='word_1_2' title='bbox 251 299 277 324; x_wconf 76' lang='lat'>(2.</span> <span class='ocrx_word' id='word_1_3' title='bbox 300 300 365 325; x_wconf 59' lang='grc' dir='ltr'>ΗΜ)</span> 
     </span>
    </p>
   </div>
   <div class='ocr_carea' id='block_1_2' title="bbox 184 2037 366 2089">
    <p class='ocr_par' dir='ltr' id='par_1_2' title="bbox 184 2037 366 2089">
     <span class='ocr_line' id='line_1_2' title="bbox 196 2037 365 2063; baseline 0 -7"><span class='ocrx_word' id='word_1_4' title='bbox 196 2038 259 2063; x_wconf 67' lang='lat' dir='ltr'>Quam</span> <span class='ocrx_word' id='word_1_5' title='bbox 272 2038 333 2057; x_wconf 71' lang='lat' dir='ltr'>ctiam</span> <span class='ocrx_word' id='word_1_6' title='bbox 345 2037 365 2056; x_wconf 88' lang='lat' dir='ltr'>in</span> 
     </span>
     <span class='ocr_line' id='line_1_3' title="bbox 184 2069 366 2089; baseline -0.005 -1"><span class='ocrx_word' id='word_1_7' title='bbox 184 2069 291 2089; x_wconf 57' lang='lat' dir='ltr'>§.inluniae</span> <span class='ocrx_word' id='word_1_8' title='bbox 333 2069 366 2088; x_wconf 85' lang='lat' dir='ltr'>in-</span> 
     </span>
    </p>
   </div>
   <div class='ocr_carea' id='block_1_3' title="bbox 430 288 500 320">
    <p class='ocr_par' dir='ltr' id='par_1_3' title="bbox 430 288 500 320">
     <span class='ocr_line' id='line_1_4' title="bbox 430 288 500 320; baseline -0.014 0"><span class='ocrx_word' id='word_1_9' title='bbox 430 288 500 320; x_wconf 66' lang='lat'>662</span> 
     </span>
    </p>
   </div>
   <div class='ocr_carea' id='block_1_4' title="bbox 376 349 1135 2729">
    <p class='ocr_par' dir='ltr' id='par_1_4' title="bbox 376 349 1135 2729">
     <span class='ocr_line' id='line_1_5' title="bbox 379 349 1123 392; baseline -0.004 -6"><span class='ocrx_word' id='word_1_10' title='bbox 379 352 495 392; x_wconf 80' lang='lat' dir='ltr'>lnsnla,</span> <span class='ocrx_word' id='word_1_11' title='bbox 522 351 555 385; x_wconf 91' lang='lat' dir='ltr'>S.</span> <span class='ocrx_word' id='word_1_12' title='bbox 576 350 689 385; x_wconf 83' lang='lat' dir='ltr'>Mariae</span> <span class='ocrx_word' id='word_1_13' title='bbox 711 350 741 384; x_wconf 88' lang='lat' dir='ltr'>in</span> <span class='ocrx_word' id='word_1_14' title='bbox 764 350 909 392; x_wconf 76' lang='lat' dir='ltr'>Baruco,</span> <span class='ocrx_word' id='word_1_15' title='bbox 945 351 977 383; x_wconf 89' lang='lat' dir='ltr'>S.</span> <span class='ocrx_word' id='word_1_16' title='bbox 1006 349 1123 384; x_wconf 77' lang='lat' dir='ltr'>Nicolai</span> 
     </span>
     <span class='ocr_line' id='line_1_6' title="bbox 380 399 1122 443; baseline -0.005 -7"><span class='ocrx_word' id='word_1_17' title='bbox 380 403 409 435; x_wconf 95' lang='lat' dir='ltr'>in</span> <span class='ocrx_word' id='word_1_18' title='bbox 435 401 576 443; x_wconf 76' lang='lat' dir='ltr'>Tin-rice,</span> <span class='ocrx_word' id='word_1_19' title='bbox 604 400 637 433; x_wconf 83' lang='lat' dir='ltr'>S.</span> <span class='ocrx_word' id='word_1_20' title='bbox 665 399 776 433; x_wconf 85' lang='lat' dir='ltr'>Iuliani</span> <span class='ocrx_word' id='word_1_21' title='bbox 814 400 843 433; x_wconf 92' lang='lat' dir='ltr'>in</span> <span class='ocrx_word' id='word_1_22' title='bbox 878 399 1056 438; x_wconf 77' lang='lat' dir='ltr'>Frusilone,</span> <span class='ocrx_word' id='word_1_23' title='bbox 1089 399 1122 433; x_wconf 88' lang='lat' dir='ltr'>S.</span> 
     </span>
     <span class='ocr_line' id='line_1_7' title="bbox 377 448 1124 494; baseline -0.004 -9"><span class='ocrx_word' id='word_1_24' title='bbox 377 450 513 485; x_wconf 82' lang='lat' dir='ltr'>Caesarii</span> <span class='ocrx_word' id='word_1_25' title='bbox 538 451 566 483; x_wconf 91' lang='lat' dir='ltr'>in</span> <span class='ocrx_word' id='word_1_26' title='bbox 591 449 744 494; x_wconf 61' lang='lat' dir='ltr'>Anagnia,</span> <span class='ocrx_word' id='word_1_27' title='bbox 761 449 793 482; x_wconf 86' lang='lat' dir='ltr'>S.</span> <span class='ocrx_word' id='word_1_28' title='bbox 817 448 966 483; x_wconf 76' lang='lat' dir='ltr'>Germani</span> <span class='ocrx_word' id='word_1_29' title='bbox 989 450 1018 483; x_wconf 90' lang='lat' dir='ltr'>in</span> <span class='ocrx_word' id='word_1_30' title='bbox 1035 449 1124 491; x_wconf 90' lang='lat' dir='ltr'>Sora,</span> 
     </span>
     <span class='ocr_line' id='line_1_8' title="bbox 377 498 1122 539; baseline -0.003 -6"><span class='ocrx_word' id='word_1_31' title='bbox 377 500 410 533; x_wconf 89' lang='lat' dir='ltr'>S.</span> <span class='ocrx_word' id='word_1_32' title='bbox 435 499 595 533; x_wconf 73' lang='lat' dir='ltr'>Benedicti</span> <span class='ocrx_word' id='word_1_33' title='bbox 628 500 657 532; x_wconf 91' lang='lat' dir='ltr'>in</span> <span class='ocrx_word' id='word_1_34' title='bbox 686 499 894 539; x_wconf 75' lang='lat' dir='ltr'>l‘aschesano,</span> <span class='ocrx_word' id='word_1_35' title='bbox 921 498 954 533; x_wconf 90' lang='lat' dir='ltr'>S.</span> <span class='ocrx_word' id='word_1_36' title='bbox 983 498 1065 532; x_wconf 82' lang='lat' dir='ltr'>Petri</span> <span class='ocrx_word' id='word_1_37' title='bbox 1095 498 1122 531; x_wconf 92' lang='lat' dir='ltr'>in</span> 
     </span>
     <span class='ocr_line' id='line_1_9' title="bbox 377 547 1122 593; baseline -0.005 -10"><span class='ocrx_word' id='word_1_38' title='bbox 377 549 519 588; x_wconf 76' lang='lat' dir='ltr'>Morinis,</span> <span class='ocrx_word' id='word_1_39' title='bbox 546 549 579 582; x_wconf 89' lang='lat' dir='ltr'>S.</span> <span class='ocrx_word' id='word_1_40' title='bbox 604 547 713 593; x_wconf 74' lang='lat' dir='ltr'>Angeli</span> <span class='ocrx_word' id='word_1_41' title='bbox 743 548 772 581; x_wconf 96' lang='lat' dir='ltr'>in</span> <span class='ocrx_word' id='word_1_42' title='bbox 802 547 901 582; x_wconf 76' lang='lat' dir='ltr'>Pesco</span> <span class='ocrx_word' id='word_1_43' title='bbox 936 547 1062 588; x_wconf 84' lang='lat' dir='ltr'>Canali,</span> <span class='ocrx_word' id='word_1_44' title='bbox 1090 547 1122 580; x_wconf 85' lang='lat' dir='ltr'>S.</span> 
     </span>
     <span class='ocr_line' id='line_1_10' title="bbox 378 597 1123 643; baseline -0.001 -11"><span class='ocrx_word' id='word_1_45' title='bbox 378 599 478 633; x_wconf 83' lang='lat' dir='ltr'>Patris</span> <span class='ocrx_word' id='word_1_46' title='bbox 501 599 531 632; x_wconf 89' lang='lat' dir='ltr'>iu</span> <span class='ocrx_word' id='word_1_47' title='bbox 556 597 690 637; x_wconf 83' lang='lat' dir='ltr'>Formis,</span> <span class='ocrx_word' id='word_1_48' title='bbox 723 598 755 632; x_wconf 88' lang='lat' dir='ltr'>S.</span> <span class='ocrx_word' id='word_1_49' title='bbox 785 598 896 643; x_wconf 76' lang='lat' dir='ltr'>Angeli</span> <span class='ocrx_word' id='word_1_50' title='bbox 921 597 950 631; x_wconf 90' lang='lat' dir='ltr'>in</span> <span class='ocrx_word' id='word_1_51' title='bbox 977 598 1067 638; x_wconf 75' lang='lat' dir='ltr'>Albe,</span> <span class='ocrx_word' id='word_1_52' title='bbox 1091 598 1123 631; x_wconf 89' lang='lat' dir='ltr'>S.</span> 
     </span>
     <span class='ocr_line' id='line_1_11' title="bbox 377 646 1124 693; baseline -0.001 -11"><span class='ocrx_word' id='word_1_53' title='bbox 377 647 498 682; x_wconf 84' lang='lat' dir='ltr'>Erasini</span> <span class='ocrx_word' id='word_1_54' title='bbox 519 648 548 681; x_wconf 91' lang='lat' dir='ltr'>in</span> <span class='ocrx_word' id='word_1_55' title='bbox 570 647 779 693; x_wconf 83' lang='lat' dir='ltr'>Pomperano,</span> <span class='ocrx_word' id='word_1_56' title='bbox 794 647 826 681; x_wconf 91' lang='lat' dir='ltr'>S.</span> <span class='ocrx_word' id='word_1_57' title='bbox 844 647 958 681; x_wconf 81' lang='lat' dir='ltr'>Mariae</span> <span class='ocrx_word' id='word_1_58' title='bbox 971 647 999 681; x_wconf 91' lang='lat' dir='ltr'>in</span> <span class='ocrx_word' id='word_1_59' title='bbox 1016 646 1124 686; x_wconf 79' lang='lat' dir='ltr'>Cellis,</span> 
     </span>
     <span class='ocr_line' id='line_1_12' title="bbox 378 696 1127 745; baseline -0.003 -13"><span class='ocrx_word' id='word_1_60' title='bbox 378 698 410 732; x_wconf 95' lang='lat' dir='ltr'>S.</span> <span class='ocrx_word' id='word_1_61' title='bbox 434 697 571 732; x_wconf 79' lang='lat' dir='ltr'>Pastoris</span> <span class='ocrx_word' id='word_1_62' title='bbox 594 696 623 730; x_wconf 94' lang='lat' dir='ltr'>in</span> <span class='ocrx_word' id='word_1_63' title='bbox 652 697 777 730; x_wconf 83' lang='lat' dir='ltr'>civitate</span> <span class='ocrx_word' id='word_1_64' title='bbox 798 696 983 745; x_wconf 64' lang='lat' dir='ltr'>Tyburtina:</span> <span class='ocrx_word' id='word_1_65' title='bbox 1015 698 1044 730; x_wconf 96' lang='lat' dir='ltr'>in</span> <span class='ocrx_word' id='word_1_66' title='bbox 1068 696 1127 731; x_wconf 79' lang='lat' dir='ltr'>Ve-</span> 
     </span>
     <span class='ocr_line' id='line_1_13' title="bbox 378 746 1124 790; baseline -0.003 -8"><span class='ocrx_word' id='word_1_67' title='bbox 378 748 465 782; x_wconf 82' lang='lat' dir='ltr'>nafro</span> <span class='ocrx_word' id='word_1_68' title='bbox 488 746 521 780; x_wconf 89' lang='lat' dir='ltr'>S.</span> <span class='ocrx_word' id='word_1_69' title='bbox 539 746 714 790; x_wconf 77' lang='lat' dir='ltr'>Benedicti,</span> <span class='ocrx_word' id='word_1_70' title='bbox 736 746 770 780; x_wconf 90' lang='lat' dir='ltr'>S.</span> <span class='ocrx_word' id='word_1_71' title='bbox 794 746 928 788; x_wconf 85' lang='lat' dir='ltr'>Nazarii,</span> <span class='ocrx_word' id='word_1_72' title='bbox 950 746 984 780; x_wconf 91' lang='lat' dir='ltr'>S.</span> <span class='ocrx_word' id='word_1_73' title='bbox 1002 746 1124 780; x_wconf 84' lang='lat' dir='ltr'>Martini</span> 
     </span>
     <span class='ocr_line' id='line_1_14' title="bbox 378 795 1124 843; baseline -0.001 -12"><span class='ocrx_word' id='word_1_74' title='bbox 378 798 407 831; x_wconf 88' lang='lat' dir='ltr'>in</span> <span class='ocrx_word' id='word_1_75' title='bbox 426 798 492 843; x_wconf 84' lang='lat' dir='ltr'>ipsa</span> <span class='ocrx_word' id='word_1_76' title='bbox 515 795 627 833; x_wconf 85' lang='lat' dir='ltr'>Furca.</span> <span class='ocrx_word' id='word_1_77' title='bbox 654 804 773 830; x_wconf 85' lang='lat' dir='ltr'>curtem</span> <span class='ocrx_word' id='word_1_78' title='bbox 797 796 831 830; x_wconf 87' lang='lat' dir='ltr'>S.</span> <span class='ocrx_word' id='word_1_79' title='bbox 854 796 969 830; x_wconf 84' lang='lat' dir='ltr'>Mariae</span> <span class='ocrx_word' id='word_1_80' title='bbox 992 796 1022 829; x_wconf 92' lang='lat' dir='ltr'>in</span> <span class='ocrx_word' id='word_1_81' title='bbox 1043 795 1124 835; x_wconf 68' lang='lat' dir='ltr'>sna,</span> 
     </span>
     <span class='ocr_line' id='line_1_15' title="bbox 378 844 1125 887; baseline -0.003 -6"><span class='ocrx_word' id='word_1_82' title='bbox 378 847 411 882; x_wconf 88' lang='lat' dir='ltr'>S.</span> <span class='ocrx_word' id='word_1_83' title='bbox 434 845 595 881; x_wconf 72' lang='lat' dir='ltr'>Benedicti</span> <span class='ocrx_word' id='word_1_84' title='bbox 616 845 727 885; x_wconf 79' lang='lat' dir='ltr'>Pizoli,</span> <span class='ocrx_word' id='word_1_85' title='bbox 755 845 884 887; x_wconf 87' lang='lat' dir='ltr'>ibidem,</span> <span class='ocrx_word' id='word_1_86' title='bbox 907 845 940 879; x_wconf 87' lang='lat' dir='ltr'>S.</span> <span class='ocrx_word' id='word_1_87' title='bbox 964 844 1125 879; x_wconf 75' lang='lat' dir='ltr'>Benedicti</span> 
     </span>
     <span class='ocr_line' id='line_1_16' title="bbox 378 895 1125 936; baseline -0.001 -6"><span class='ocrx_word' id='word_1_88' title='bbox 378 898 407 931; x_wconf 91' lang='lat' dir='ltr'>in</span> <span class='ocrx_word' id='word_1_89' title='bbox 436 896 572 936; x_wconf 79' lang='lat' dir='ltr'>Cesima,</span> <span class='ocrx_word' id='word_1_90' title='bbox 599 895 633 929; x_wconf 92' lang='lat' dir='ltr'>S.</span> <span class='ocrx_word' id='word_1_91' title='bbox 660 895 823 930; x_wconf 79' lang='lat' dir='ltr'>Benedicti</span> <span class='ocrx_word' id='word_1_92' title='bbox 846 896 875 929; x_wconf 90' lang='lat' dir='ltr'>in</span> <span class='ocrx_word' id='word_1_93' title='bbox 903 895 1008 935; x_wconf 86' lang='lat' dir='ltr'>Sessa,</span> <span class='ocrx_word' id='word_1_94' title='bbox 1036 903 1066 929; x_wconf 85' lang='lat' dir='ltr'>et</span> <span class='ocrx_word' id='word_1_95' title='bbox 1092 895 1125 929; x_wconf 89' lang='lat' dir='ltr'>S.</span> 
     </span>
     <span class='ocr_line' id='line_1_17' title="bbox 376 944 1124 991; baseline -0.003 -11"><span class='ocrx_word' id='word_1_96' title='bbox 376 946 505 986; x_wconf 83' lang='lat' dir='ltr'>Leonis,</span> <span class='ocrx_word' id='word_1_97' title='bbox 527 952 648 979; x_wconf 84' lang='lat' dir='ltr'>curtem</span> <span class='ocrx_word' id='word_1_98' title='bbox 671 957 750 991; x_wconf 90' lang='lat' dir='ltr'>quae</span> <span class='ocrx_word' id='word_1_99' title='bbox 769 945 882 979; x_wconf 86' lang='lat' dir='ltr'>dicitnr</span> <span class='ocrx_word' id='word_1_100' title='bbox 904 944 1072 984; x_wconf 79' lang='lat' dir='ltr'>Lauriana,</span> <span class='ocrx_word' id='word_1_101' title='bbox 1091 944 1124 979; x_wconf 89' lang='lat' dir='ltr'>S.</span> 
     </span>
     <span class='ocr_line' id='line_1_18' title="bbox 377 994 1126 1041; baseline -0.004 -11"><span class='ocrx_word' id='word_1_102' title='bbox 377 995 540 1030; x_wconf 87' lang='lat' dir='ltr'>Benedicti</span> <span class='ocrx_word' id='word_1_103' title='bbox 564 995 592 1028; x_wconf 90' lang='lat' dir='ltr'>in</span> <span class='ocrx_word' id='word_1_104' title='bbox 615 995 722 1028; x_wconf 82' lang='lat' dir='ltr'>Teano</span> <span class='ocrx_word' id='word_1_105' title='bbox 741 1007 811 1029; x_wconf 88' lang='lat' dir='ltr'>cnm</span> <span class='ocrx_word' id='word_1_106' title='bbox 830 994 1026 1041; x_wconf 88' lang='lat' dir='ltr'>pertinentiis</span> <span class='ocrx_word' id='word_1_107' title='bbox 1050 995 1126 1035; x_wconf 79' lang='lat' dir='ltr'>suis,</span> 
     </span>
     <span class='ocr_line' id='line_1_19' title="bbox 377 1043 1127 1089; baseline -0.004 -9"><span class='ocrx_word' id='word_1_108' title='bbox 377 1046 411 1080; x_wconf 91' lang='lat' dir='ltr'>S.</span> <span class='ocrx_word' id='word_1_109' title='bbox 434 1045 551 1079; x_wconf 85' lang='lat' dir='ltr'>Mariae</span> <span class='ocrx_word' id='word_1_110' title='bbox 574 1044 602 1077; x_wconf 91' lang='lat' dir='ltr'>in</span> <span class='ocrx_word' id='word_1_111' title='bbox 626 1044 734 1084; x_wconf 62' lang='lat' dir='ltr'>Calin,</span> <span class='ocrx_word' id='word_1_112' title='bbox 757 1044 790 1078; x_wconf 90' lang='lat' dir='ltr'>S.</span> <span class='ocrx_word' id='word_1_113' title='bbox 819 1043 939 1078; x_wconf 75' lang='lat' dir='ltr'>Nazarii</span> <span class='ocrx_word' id='word_1_114' title='bbox 964 1043 993 1077; x_wconf 89' lang='lat' dir='ltr'>in</span> <span class='ocrx_word' id='word_1_115' title='bbox 1011 1043 1127 1089; x_wconf 61' lang='lat' dir='ltr'>Augle-</span> 
     </span>
     <span class='ocr_line' id='line_1_20' title="bbox 378 1093 1126 1135; baseline -0.003 -6"><span class='ocrx_word' id='word_1_116' title='bbox 378 1108 415 1134; x_wconf 88' lang='lat' dir='ltr'>na</span> <span class='ocrx_word' id='word_1_117' title='bbox 429 1123 436 1135; x_wconf 94' lang='lat'>,</span> <span class='ocrx_word' id='word_1_118' title='bbox 460 1096 492 1129; x_wconf 90' lang='lat' dir='ltr'>S.</span> <span class='ocrx_word' id='word_1_119' title='bbox 510 1094 683 1133; x_wconf 78' lang='lat' dir='ltr'>Adiutoris,</span> <span class='ocrx_word' id='word_1_120' title='bbox 706 1101 736 1127; x_wconf 89' lang='lat' dir='ltr'>et</span> <span class='ocrx_word' id='word_1_121' title='bbox 759 1094 791 1128; x_wconf 91' lang='lat' dir='ltr'>S.</span> <span class='ocrx_word' id='word_1_122' title='bbox 809 1093 970 1128; x_wconf 70' lang='lat' dir='ltr'>Benedicti</span> <span class='ocrx_word' id='word_1_123' title='bbox 989 1093 1017 1127; x_wconf 88' lang='lat' dir='ltr'>in</span> <span class='ocrx_word' id='word_1_124' title='bbox 1034 1093 1126 1133; x_wconf 72' lang='lat' dir='ltr'>Alil&#39;a,</span> 
     </span>
     <span class='ocr_line' id='line_1_21' title="bbox 377 1142 1126 1187; baseline -0.003 -8"><span class='ocrx_word' id='word_1_125' title='bbox 377 1145 411 1180; x_wconf 89' lang='lat' dir='ltr'>S.</span> <span class='ocrx_word' id='word_1_126' title='bbox 440 1143 589 1179; x_wconf 88' lang='lat' dir='ltr'>Domnini</span> <span class='ocrx_word' id='word_1_127' title='bbox 626 1143 655 1177; x_wconf 89' lang='lat' dir='ltr'>in</span> <span class='ocrx_word' id='word_1_128' title='bbox 683 1142 824 1187; x_wconf 78' lang='lat' dir='ltr'>Telesia,</span> <span class='ocrx_word' id='word_1_129' title='bbox 862 1144 896 1178; x_wconf 90' lang='lat' dir='ltr'>S.</span> <span class='ocrx_word' id='word_1_130' title='bbox 935 1142 1059 1177; x_wconf 86' lang='lat' dir='ltr'>Martini</span> <span class='ocrx_word' id='word_1_131' title='bbox 1097 1144 1126 1177; x_wconf 89' lang='lat' dir='ltr'>in</span> 
     </span>
     <span class='ocr_line' id='line_1_22' title="bbox 378 1192 1126 1229; baseline -0.004 0"><span class='ocrx_word' id='word_1_132' title='bbox 378 1195 549 1229; x_wconf 78' lang='lat' dir='ltr'>Vulturno:</span> <span class='ocrx_word' id='word_1_133' title='bbox 582 1193 611 1227; x_wconf 91' lang='lat' dir='ltr'>in</span> <span class='ocrx_word' id='word_1_134' title='bbox 642 1192 754 1228; x_wconf 78' lang='lat' dir='ltr'>Amalli</span> <span class='ocrx_word' id='word_1_135' title='bbox 778 1194 811 1227; x_wconf 88' lang='lat' dir='ltr'>S.</span> <span class='ocrx_word' id='word_1_136' title='bbox 835 1192 948 1227; x_wconf 86' lang='lat' dir='ltr'>Crucis</span> <span class='ocrx_word' id='word_1_137' title='bbox 970 1201 996 1226; x_wconf 85' lang='lat' dir='ltr'>ct</span> <span class='ocrx_word' id='word_1_138' title='bbox 1021 1193 1126 1227; x_wconf 86' lang='lat' dir='ltr'>Sancti</span> 
     </span>
     <span class='ocr_line' id='line_1_23' title="bbox 377 1242 1126 1288; baseline -0.004 -9"><span class='ocrx_word' id='word_1_139' title='bbox 377 1244 508 1288; x_wconf 78' lang='lat' dir='ltr'>Nicolai,</span> <span class='ocrx_word' id='word_1_140' title='bbox 530 1243 563 1278; x_wconf 92' lang='lat' dir='ltr'>S.</span> <span class='ocrx_word' id='word_1_141' title='bbox 586 1242 698 1277; x_wconf 78' lang='lat' dir='ltr'>Crucis</span> <span class='ocrx_word' id='word_1_142' title='bbox 721 1242 750 1277; x_wconf 89' lang='lat' dir='ltr'>in</span> <span class='ocrx_word' id='word_1_143' title='bbox 774 1243 898 1286; x_wconf 80' lang='lat' dir='ltr'>Sernia,</span> <span class='ocrx_word' id='word_1_144' title='bbox 920 1242 954 1277; x_wconf 92' lang='lat' dir='ltr'>S.</span> <span class='ocrx_word' id='word_1_145' title='bbox 983 1242 1078 1276; x_wconf 80' lang='lat' dir='ltr'>Marci</span> <span class='ocrx_word' id='word_1_146' title='bbox 1097 1243 1126 1276; x_wconf 92' lang='lat' dir='ltr'>in</span> 
     </span>
     <span class='ocr_line' id='line_1_24' title="bbox 377 1291 1127 1341; baseline -0.004 -12"><span class='ocrx_word' id='word_1_147' title='bbox 377 1294 577 1341; x_wconf 87' lang='lat' dir='ltr'>Carpenone,</span> <span class='ocrx_word' id='word_1_148' title='bbox 602 1292 645 1326; x_wconf 86' lang='lat' dir='ltr'>S.</span> <span class='ocrx_word' id='word_1_149' title='bbox 683 1291 838 1327; x_wconf 88' lang='lat' dir='ltr'>Valentini</span> <span class='ocrx_word' id='word_1_150' title='bbox 875 1293 906 1326; x_wconf 88' lang='lat' dir='ltr'>in</span> <span class='ocrx_word' id='word_1_151' title='bbox 940 1291 1127 1332; x_wconf 75' lang='lat' dir='ltr'>Ferentino,</span> 
     </span>
     <span class='ocr_line' id='line_1_25' title="bbox 378 1340 1128 1390; baseline -0.001 -13"><span class='ocrx_word' id='word_1_152' title='bbox 378 1344 416 1378; x_wconf 64' lang='lat' dir='ltr'>S.</span> <span class='ocrx_word' id='word_1_153' title='bbox 437 1343 546 1390; x_wconf 80' lang='lat' dir='ltr'>Angeli</span> <span class='ocrx_word' id='word_1_154' title='bbox 569 1344 599 1377; x_wconf 93' lang='lat' dir='ltr'>in</span> <span class='ocrx_word' id='word_1_155' title='bbox 615 1341 739 1387; x_wconf 72' lang='lat' dir='ltr'>Algido,</span> <span class='ocrx_word' id='word_1_156' title='bbox 761 1342 795 1377; x_wconf 90' lang='lat' dir='ltr'>S.</span> <span class='ocrx_word' id='word_1_157' title='bbox 811 1342 907 1376; x_wconf 85' lang='lat' dir='ltr'>Marci</span> <span class='ocrx_word' id='word_1_158' title='bbox 923 1341 953 1375; x_wconf 88' lang='lat' dir='ltr'>in</span> <span class='ocrx_word' id='word_1_159' title='bbox 970 1340 1128 1385; x_wconf 86' lang='lat' dir='ltr'>Ccccano,</span> 
     </span>
     <span class='ocr_line' id='line_1_26' title="bbox 378 1391 1128 1440; baseline -0.004 -12"><span class='ocrx_word' id='word_1_160' title='bbox 378 1393 412 1428; x_wconf 89' lang='lat' dir='ltr'>S.</span> <span class='ocrx_word' id='word_1_161' title='bbox 441 1393 581 1440; x_wconf 80' lang='lat' dir='ltr'>Agathae</span> <span class='ocrx_word' id='word_1_162' title='bbox 603 1394 632 1427; x_wconf 88' lang='lat' dir='ltr'>in</span> <span class='ocrx_word' id='word_1_163' title='bbox 660 1391 853 1435; x_wconf 84' lang='lat' dir='ltr'>Tusculano,</span> <span class='ocrx_word' id='word_1_164' title='bbox 881 1392 915 1426; x_wconf 91' lang='lat' dir='ltr'>S.</span> <span class='ocrx_word' id='word_1_165' title='bbox 947 1391 1128 1435; x_wconf 73' lang='lat' dir='ltr'>Ierusalem,</span> 
     </span>
     <span class='ocr_line' id='line_1_27' title="bbox 378 1440 1130 1478; baseline -0.004 -1"><span class='ocrx_word' id='word_1_166' title='bbox 378 1443 413 1478; x_wconf 90' lang='lat' dir='ltr'>S.</span> <span class='ocrx_word' id='word_1_167' title='bbox 436 1442 597 1478; x_wconf 83' lang='lat' dir='ltr'>Benedicti</span> <span class='ocrx_word' id='word_1_168' title='bbox 622 1441 652 1475; x_wconf 90' lang='lat' dir='ltr'>in</span> <span class='ocrx_word' id='word_1_169' title='bbox 675 1440 812 1477; x_wconf 80' lang='lat' dir='ltr'>Albano:</span> <span class='ocrx_word' id='word_1_170' title='bbox 842 1441 872 1475; x_wconf 95' lang='lat' dir='ltr'>in</span> <span class='ocrx_word' id='word_1_171' title='bbox 895 1440 995 1475; x_wconf 78' lang='lat' dir='ltr'>Roma</span> <span class='ocrx_word' id='word_1_172' title='bbox 1019 1453 1130 1475; x_wconf 90' lang='lat' dir='ltr'>mona-</span> 
     </span>
     <span class='ocr_line' id='line_1_28' title="bbox 379 1490 1128 1527; baseline -0.004 0"><span class='ocrx_word' id='word_1_173' title='bbox 379 1493 509 1527; x_wconf 89' lang='lat' dir='ltr'>sterium</span> <span class='ocrx_word' id='word_1_174' title='bbox 534 1492 567 1526; x_wconf 87' lang='lat' dir='ltr'>S.</span> <span class='ocrx_word' id='word_1_175' title='bbox 583 1490 759 1527; x_wconf 75' lang='lat' dir='ltr'>sebastiani</span> <span class='ocrx_word' id='word_1_176' title='bbox 776 1492 806 1526; x_wconf 90' lang='lat' dir='ltr'>in</span> <span class='ocrx_word' id='word_1_177' title='bbox 821 1490 978 1526; x_wconf 89' lang='lat' dir='ltr'>Palladio:</span> <span class='ocrx_word' id='word_1_178' title='bbox 1000 1491 1028 1524; x_wconf 89' lang='lat' dir='ltr'>in</span> <span class='ocrx_word' id='word_1_179' title='bbox 1044 1490 1128 1525; x_wconf 87' lang='lat' dir='ltr'>Luca</span> 
     </span>
     <span class='ocr_line' id='line_1_29' title="bbox 379 1540 1130 1586; baseline -0.003 -10"><span class='ocrx_word' id='word_1_180' title='bbox 379 1542 490 1577; x_wconf 85' lang='lat' dir='ltr'>cellam</span> <span class='ocrx_word' id='word_1_181' title='bbox 516 1542 550 1577; x_wconf 92' lang='lat' dir='ltr'>S.</span> <span class='ocrx_word' id='word_1_182' title='bbox 581 1540 725 1586; x_wconf 81' lang='lat' dir='ltr'>Georgii:</span> <span class='ocrx_word' id='word_1_183' title='bbox 755 1542 785 1576; x_wconf 93' lang='lat' dir='ltr'>in</span> <span class='ocrx_word' id='word_1_184' title='bbox 813 1540 970 1576; x_wconf 84' lang='lat' dir='ltr'>territorio</span> <span class='ocrx_word' id='word_1_185' title='bbox 999 1540 1130 1574; x_wconf 76' lang='lat' dir='ltr'>l‘isanae</span> 
     </span>
     <span class='ocr_line' id='line_1_30' title="bbox 380 1590 1128 1632; baseline -0.003 -7"><span class='ocrx_word' id='word_1_186' title='bbox 380 1592 513 1627; x_wconf 82' lang='lat' dir='ltr'>civitatis</span> <span class='ocrx_word' id='word_1_187' title='bbox 538 1591 573 1627; x_wconf 89' lang='lat' dir='ltr'>S.</span> <span class='ocrx_word' id='word_1_188' title='bbox 601 1591 761 1632; x_wconf 75' lang='lat' dir='ltr'>Silvestri,</span> <span class='ocrx_word' id='word_1_189' title='bbox 789 1599 820 1625; x_wconf 94' lang='lat' dir='ltr'>et</span> <span class='ocrx_word' id='word_1_190' title='bbox 843 1590 877 1625; x_wconf 91' lang='lat' dir='ltr'>S.</span> <span class='ocrx_word' id='word_1_191' title='bbox 901 1590 1071 1625; x_wconf 69' lang='lat' dir='ltr'>Salvatoris</span> <span class='ocrx_word' id='word_1_192' title='bbox 1099 1590 1128 1623; x_wconf 92' lang='lat' dir='ltr'>in</span> 
     </span>
     <span class='ocr_line' id='line_1_31' title="bbox 380 1640 1131 1687; baseline -0.003 -11"><span class='ocrx_word' id='word_1_193' title='bbox 380 1641 542 1676; x_wconf 86' lang='lat' dir='ltr'>Civitella:</span> <span class='ocrx_word' id='word_1_194' title='bbox 575 1641 605 1675; x_wconf 93' lang='lat' dir='ltr'>in</span> <span class='ocrx_word' id='word_1_195' title='bbox 635 1641 748 1676; x_wconf 88' lang='lat' dir='ltr'>ducato</span> <span class='ocrx_word' id='word_1_196' title='bbox 782 1640 966 1687; x_wconf 74' lang='lat' dir='ltr'>Spoletina,</span> <span class='ocrx_word' id='word_1_197' title='bbox 997 1640 1131 1674; x_wconf 88' lang='lat' dir='ltr'>Sanctae</span> 
     </span>
     <span class='ocr_line' id='line_1_32' title="bbox 379 1689 1129 1735; baseline -0.004 -10"><span class='ocrx_word' id='word_1_198' title='bbox 379 1691 495 1726; x_wconf 89' lang='lat' dir='ltr'>Mariae</span> <span class='ocrx_word' id='word_1_199' title='bbox 530 1692 560 1725; x_wconf 87' lang='lat' dir='ltr'>in</span> <span class='ocrx_word' id='word_1_200' title='bbox 594 1691 724 1735; x_wconf 79' lang='lat' dir='ltr'>Calena,</span> <span class='ocrx_word' id='word_1_201' title='bbox 761 1690 869 1725; x_wconf 90' lang='lat' dir='ltr'>Sancti</span> <span class='ocrx_word' id='word_1_202' title='bbox 904 1689 1070 1724; x_wconf 86' lang='lat' dir='ltr'>Benedicti</span> <span class='ocrx_word' id='word_1_203' title='bbox 1100 1689 1129 1723; x_wconf 91' lang='lat' dir='ltr'>in</span> 
     </span>
     <span class='ocr_line' id='line_1_33' title="bbox 380 1739 1129 1782; baseline -0.004 -7"><span class='ocrx_word' id='word_1_204' title='bbox 380 1740 487 1782; x_wconf 90' lang='lat' dir='ltr'>Trani,</span> <span class='ocrx_word' id='word_1_205' title='bbox 514 1740 621 1775; x_wconf 81' lang='lat' dir='ltr'>Sancti</span> <span class='ocrx_word' id='word_1_206' title='bbox 650 1739 813 1775; x_wconf 74' lang='lat' dir='ltr'>Benedicti</span> <span class='ocrx_word' id='word_1_207' title='bbox 846 1739 877 1774; x_wconf 90' lang='lat' dir='ltr'>in</span> <span class='ocrx_word' id='word_1_208' title='bbox 904 1739 997 1781; x_wconf 73' lang='lat' dir='ltr'>Caro.</span> <span class='ocrx_word' id='word_1_209' title='bbox 1025 1739 1129 1776; x_wconf 80' lang='lat' dir='ltr'>Sancti</span> 
     </span>
     <span class='ocr_line' id='line_1_34' title="bbox 380 1787 1131 1838; baseline -0.003 -14"><span class='ocrx_word' id='word_1_210' title='bbox 380 1789 464 1824; x_wconf 81' lang='lat' dir='ltr'>Petri</span> <span class='ocrx_word' id='word_1_211' title='bbox 492 1790 666 1838; x_wconf 84' lang='lat' dir='ltr'>Imperialis</span> <span class='ocrx_word' id='word_1_212' title='bbox 689 1791 717 1824; x_wconf 92' lang='lat' dir='ltr'>in</span> <span class='ocrx_word' id='word_1_213' title='bbox 741 1789 893 1824; x_wconf 85' lang='lat' dir='ltr'>Tarento:</span> <span class='ocrx_word' id='word_1_214' title='bbox 927 1789 958 1823; x_wconf 91' lang='lat' dir='ltr'>in</span> <span class='ocrx_word' id='word_1_215' title='bbox 986 1787 1131 1822; x_wconf 85' lang='lat' dir='ltr'>Calabria</span> 
     </span>
     <span class='ocr_line' id='line_1_35' title="bbox 384 1838 1130 1879; baseline -0.005 -4"><span class='ocrx_word' id='word_1_216' title='bbox 384 1840 493 1875; x_wconf 88' lang='lat' dir='ltr'>cellam</span> <span class='ocrx_word' id='word_1_217' title='bbox 515 1840 649 1875; x_wconf 83' lang='lat' dir='ltr'>Sanctae</span> <span class='ocrx_word' id='word_1_218' title='bbox 671 1839 867 1879; x_wconf 84' lang='lat' dir='ltr'>Anastasiae,</span> <span class='ocrx_word' id='word_1_219' title='bbox 901 1838 935 1873; x_wconf 87' lang='lat' dir='ltr'>S.-</span> <span class='ocrx_word' id='word_1_220' title='bbox 959 1838 1073 1872; x_wconf 85' lang='lat' dir='ltr'>Mariae</span> <span class='ocrx_word' id='word_1_221' title='bbox 1101 1838 1130 1872; x_wconf 92' lang='lat' dir='ltr'>in</span> 
     </span>
     <span class='ocr_line' id='line_1_36' title="bbox 383 1887 1129 1936; baseline -0.001 -14"><span class='ocrx_word' id='word_1_222' title='bbox 383 1889 522 1936; x_wconf 78' lang='lat' dir='ltr'>Tropea,</span> <span class='ocrx_word' id='word_1_223' title='bbox 557 1890 664 1925; x_wconf 87' lang='lat' dir='ltr'>Sancti</span> <span class='ocrx_word' id='word_1_224' title='bbox 687 1889 807 1924; x_wconf 89' lang='lat' dir='ltr'>Nicolai</span> <span class='ocrx_word' id='word_1_225' title='bbox 830 1889 860 1923; x_wconf 90' lang='lat' dir='ltr'>in</span> <span class='ocrx_word' id='word_1_226' title='bbox 886 1887 1074 1927; x_wconf 80' lang='lat' dir='ltr'>SallectanO,</span> <span class='ocrx_word' id='word_1_227' title='bbox 1097 1887 1129 1922; x_wconf 87' lang='lat' dir='ltr'>S.</span> 
     </span>
     <span class='ocr_line' id='line_1_37' title="bbox 383 1937 1132 1974; baseline -0.003 -1"><span class='ocrx_word' id='word_1_228' title='bbox 383 1939 543 1974; x_wconf 85' lang='lat' dir='ltr'>Eufemiae</span> <span class='ocrx_word' id='word_1_229' title='bbox 566 1940 595 1973; x_wconf 91' lang='lat' dir='ltr'>in</span> <span class='ocrx_word' id='word_1_230' title='bbox 624 1939 780 1974; x_wconf 78' lang='lat' dir='ltr'>Marcliia:</span> <span class='ocrx_word' id='word_1_231' title='bbox 814 1938 845 1972; x_wconf 93' lang='lat' dir='ltr'>in</span> <span class='ocrx_word' id='word_1_232' title='bbox 873 1938 1022 1973; x_wconf 87' lang='lat' dir='ltr'>comitatu</span> <span class='ocrx_word' id='word_1_233' title='bbox 1050 1937 1132 1972; x_wconf 82' lang='lat' dir='ltr'>Are-</span> 
     </span>
     <span class='ocr_line' id='line_1_38' title="bbox 383 1987 1131 2028; baseline -0.001 -6"><span class='ocrx_word' id='word_1_234' title='bbox 383 1990 449 2023; x_wconf 90' lang='lat' dir='ltr'>tiuo</span> <span class='ocrx_word' id='word_1_235' title='bbox 471 1990 695 2024; x_wconf 86' lang='lat' dir='ltr'>monasterium</span> <span class='ocrx_word' id='word_1_236' title='bbox 719 1988 751 2023; x_wconf 88' lang='lat' dir='ltr'>S.</span> <span class='ocrx_word' id='word_1_237' title='bbox 780 1987 955 2028; x_wconf 77' lang='lat' dir='ltr'>Benedicti,</span> <span class='ocrx_word' id='word_1_238' title='bbox 977 1995 1008 2022; x_wconf 87' lang='lat' dir='ltr'>et</span> <span class='ocrx_word' id='word_1_239' title='bbox 1024 1987 1131 2022; x_wconf 82' lang='lat' dir='ltr'>Sancti</span> 
     </span>
     <span class='ocr_line' id='line_1_39' title="bbox 384 2036 1132 2073; baseline -0.004 0"><span class='ocrx_word' id='word_1_240' title='bbox 384 2038 547 2073; x_wconf 82' lang='lat' dir='ltr'>Benedicti</span> <span class='ocrx_word' id='word_1_241' title='bbox 573 2039 602 2072; x_wconf 92' lang='lat' dir='ltr'>in</span> <span class='ocrx_word' id='word_1_242' title='bbox 630 2039 763 2073; x_wconf 88' lang='lat' dir='ltr'>Crema:</span> <span class='ocrx_word' id='word_1_243' title='bbox 790 2037 820 2071; x_wconf 91' lang='lat' dir='ltr'>in</span> <span class='ocrx_word' id='word_1_244' title='bbox 844 2037 1007 2072; x_wconf 84' lang='lat' dir='ltr'>Sardiniae</span> <span class='ocrx_word' id='word_1_245' title='bbox 1031 2036 1132 2071; x_wconf 89' lang='lat' dir='ltr'>insula</span> 
     </span>
     <span class='ocr_line' id='line_1_40' title="bbox 384 2086 1133 2133; baseline -0.001 -12"><span class='ocrx_word' id='word_1_246' title='bbox 384 2088 546 2123; x_wconf 72' lang='lat' dir='ltr'>ecclesiam</span> <span class='ocrx_word' id='word_1_247' title='bbox 570 2088 604 2123; x_wconf 90' lang='lat' dir='ltr'>S.</span> <span class='ocrx_word' id='word_1_248' title='bbox 620 2088 735 2123; x_wconf 87' lang='lat' dir='ltr'>Mariae</span> <span class='ocrx_word' id='word_1_249' title='bbox 755 2087 786 2121; x_wconf 92' lang='lat' dir='ltr'>in</span> <span class='ocrx_word' id='word_1_250' title='bbox 808 2086 922 2133; x_wconf 78' lang='lat' dir='ltr'>Tergo,</span> <span class='ocrx_word' id='word_1_251' title='bbox 946 2086 1052 2121; x_wconf 87' lang='lat' dir='ltr'>Sancti</span> <span class='ocrx_word' id='word_1_252' title='bbox 1068 2086 1133 2121; x_wconf 87' lang='lat' dir='ltr'>He-</span> 
     </span>
     <span class='ocr_line' id='line_1_41' title="bbox 383 2136 1132 2181; baseline -0.003 -9"><span class='ocrx_word' id='word_1_253' title='bbox 383 2138 441 2172; x_wconf 86' lang='lat' dir='ltr'>liae</span> <span class='ocrx_word' id='word_1_254' title='bbox 464 2138 494 2172; x_wconf 93' lang='lat' dir='ltr'>in</span> <span class='ocrx_word' id='word_1_255' title='bbox 522 2138 629 2173; x_wconf 88' lang='lat' dir='ltr'>Monte</span> <span class='ocrx_word' id='word_1_256' title='bbox 650 2138 778 2181; x_wconf 87' lang='lat' dir='ltr'>Sancto,</span> <span class='ocrx_word' id='word_1_257' title='bbox 805 2144 836 2170; x_wconf 86' lang='lat' dir='ltr'>et</span> <span class='ocrx_word' id='word_1_258' title='bbox 857 2136 964 2172; x_wconf 86' lang='lat' dir='ltr'>Sancti</span> <span class='ocrx_word' id='word_1_259' title='bbox 984 2136 1132 2181; x_wconf 81' lang='lat' dir='ltr'>Helisaei,</span> 
     </span>
     <span class='ocr_line' id='line_1_42' title="bbox 383 2185 1134 2233; baseline 0 -12"><span class='ocrx_word' id='word_1_260' title='bbox 383 2200 455 2222; x_wconf 77' lang='lat' dir='ltr'>cuni</span> <span class='ocrx_word' id='word_1_261' title='bbox 478 2187 626 2222; x_wconf 83' lang='lat' dir='ltr'>omnibns</span> <span class='ocrx_word' id='word_1_262' title='bbox 641 2199 747 2222; x_wconf 88' lang='lat' dir='ltr'>earum</span> <span class='ocrx_word' id='word_1_263' title='bbox 772 2186 977 2233; x_wconf 79' lang='lat' dir='ltr'>pertinentiiS,</span> <span class='ocrx_word' id='word_1_264' title='bbox 1000 2185 1134 2221; x_wconf 86' lang='lat' dir='ltr'>Sanctae</span> 
     </span>
     <span class='ocr_line' id='line_1_43' title="bbox 383 2235 1133 2279; baseline -0.001 -9"><span class='ocrx_word' id='word_1_265' title='bbox 383 2237 500 2272; x_wconf 87' lang='lat' dir='ltr'>Mariae</span> <span class='ocrx_word' id='word_1_266' title='bbox 534 2237 573 2272; x_wconf 91' lang='lat' dir='ltr'>de</span> <span class='ocrx_word' id='word_1_267' title='bbox 600 2237 755 2279; x_wconf 73' lang='lat' dir='ltr'>sabucco,</span> <span class='ocrx_word' id='word_1_268' title='bbox 790 2235 924 2271; x_wconf 87' lang='lat' dir='ltr'>Sanctae</span> <span class='ocrx_word' id='word_1_269' title='bbox 958 2235 1073 2270; x_wconf 88' lang='lat' dir='ltr'>Mariae</span> <span class='ocrx_word' id='word_1_270' title='bbox 1095 2236 1133 2270; x_wconf 91' lang='lat' dir='ltr'>de</span> 
     </span>
     <span class='ocr_line' id='line_1_44' title="bbox 384 2285 1132 2331; baseline -0.001 -11"><span class='ocrx_word' id='word_1_271' title='bbox 384 2286 533 2331; x_wconf 86' lang='lat' dir='ltr'>Toralbo,</span> <span class='ocrx_word' id='word_1_272' title='bbox 558 2287 693 2321; x_wconf 82' lang='lat' dir='ltr'>Sanctae</span> <span class='ocrx_word' id='word_1_273' title='bbox 718 2285 835 2320; x_wconf 85' lang='lat' dir='ltr'>Mariae</span> <span class='ocrx_word' id='word_1_274' title='bbox 862 2286 902 2321; x_wconf 89' lang='lat' dir='ltr'>de</span> <span class='ocrx_word' id='word_1_275' title='bbox 927 2285 1076 2329; x_wconf 85' lang='lat' dir='ltr'>Tanecle,</span> <span class='ocrx_word' id='word_1_276' title='bbox 1099 2285 1132 2319; x_wconf 92' lang='lat' dir='ltr'>S.</span> 
     </span>
     <span class='ocr_line' id='line_1_45' title="bbox 384 2334 1133 2382; baseline 0.001 -13"><span class='ocrx_word' id='word_1_277' title='bbox 384 2336 468 2370; x_wconf 85' lang='lat' dir='ltr'>Petri</span> <span class='ocrx_word' id='word_1_278' title='bbox 493 2336 531 2371; x_wconf 89' lang='lat' dir='ltr'>de</span> <span class='ocrx_word' id='word_1_279' title='bbox 552 2336 728 2382; x_wconf 81' lang='lat' dir='ltr'>Trecingle,</span> <span class='ocrx_word' id='word_1_280' title='bbox 755 2334 789 2370; x_wconf 91' lang='lat' dir='ltr'>S.</span> <span class='ocrx_word' id='word_1_281' title='bbox 817 2335 935 2370; x_wconf 89' lang='lat' dir='ltr'>Nicolai</span> <span class='ocrx_word' id='word_1_282' title='bbox 957 2342 987 2369; x_wconf 86' lang='lat' dir='ltr'>et</span> <span class='ocrx_word' id='word_1_283' title='bbox 1000 2334 1133 2370; x_wconf 87' lang='lat' dir='ltr'>Sanctae</span> 
     </span>
     <span class='ocr_line' id='line_1_46' title="bbox 386 2385 1133 2432; baseline -0.001 -13"><span class='ocrx_word' id='word_1_284' title='bbox 386 2385 501 2420; x_wconf 85' lang='lat' dir='ltr'>Mariae</span> <span class='ocrx_word' id='word_1_285' title='bbox 524 2386 554 2420; x_wconf 89' lang='lat' dir='ltr'>in</span> <span class='ocrx_word' id='word_1_286' title='bbox 577 2385 665 2420; x_wconf 87' lang='lat' dir='ltr'>Solio</span> <span class='ocrx_word' id='word_1_287' title='bbox 688 2397 759 2420; x_wconf 88' lang='lat' dir='ltr'>cnm</span> <span class='ocrx_word' id='word_1_288' title='bbox 793 2385 989 2432; x_wconf 85' lang='lat' dir='ltr'>pertinentiis</span> <span class='ocrx_word' id='word_1_289' title='bbox 1015 2396 1133 2424; x_wconf 87' lang='lat' dir='ltr'>earum,</span> 
     </span>
     <span class='ocr_line' id='line_1_47' title="bbox 387 2434 1135 2475; baseline 0 -7"><span class='ocrx_word' id='word_1_290' title='bbox 387 2434 494 2469; x_wconf 87' lang='lat' dir='ltr'>Sancti</span> <span class='ocrx_word' id='word_1_291' title='bbox 516 2435 635 2470; x_wconf 73' lang='lat' dir='ltr'>Nicolai</span> <span class='ocrx_word' id='word_1_292' title='bbox 656 2435 695 2470; x_wconf 86' lang='lat' dir='ltr'>dc</span> <span class='ocrx_word' id='word_1_293' title='bbox 709 2434 831 2475; x_wconf 85' lang='lat' dir='ltr'>Talasa,</span> <span class='ocrx_word' id='word_1_294' title='bbox 849 2434 956 2470; x_wconf 85' lang='lat' dir='ltr'>Sancti</span> <span class='ocrx_word' id='word_1_295' title='bbox 974 2434 1135 2468; x_wconf 81' lang='lat' dir='ltr'>Michaelis</span> 
     </span>
     <span class='ocr_line' id='line_1_48' title="bbox 389 2483 1134 2530; baseline 0.001 -13"><span class='ocrx_word' id='word_1_296' title='bbox 389 2484 420 2517; x_wconf 92' lang='lat' dir='ltr'>in</span> <span class='ocrx_word' id='word_1_297' title='bbox 447 2484 617 2525; x_wconf 77' lang='lat' dir='ltr'>Ferrucisi,</span> <span class='ocrx_word' id='word_1_298' title='bbox 654 2484 759 2519; x_wconf 89' lang='lat' dir='ltr'>Sancti</span> <span class='ocrx_word' id='word_1_299' title='bbox 795 2483 922 2530; x_wconf 81' lang='lat' dir='ltr'>Georgii</span> <span class='ocrx_word' id='word_1_300' title='bbox 953 2484 982 2517; x_wconf 89' lang='lat' dir='ltr'>in</span> <span class='ocrx_word' id='word_1_301' title='bbox 1011 2483 1134 2527; x_wconf 78' lang='lat' dir='ltr'>Ticillo,</span> 
     </span>
     <span class='ocr_line' id='line_1_49' title="bbox 390 2532 1133 2578; baseline 0 -11"><span class='ocrx_word' id='word_1_302' title='bbox 390 2532 494 2568; x_wconf 84' lang='lat' dir='ltr'>Sancti</span> <span class='ocrx_word' id='word_1_303' title='bbox 528 2533 609 2568; x_wconf 88' lang='lat' dir='ltr'>Petri</span> <span class='ocrx_word' id='word_1_304' title='bbox 639 2534 669 2568; x_wconf 91' lang='lat' dir='ltr'>in</span> <span class='ocrx_word' id='word_1_305' title='bbox 703 2533 882 2578; x_wconf 66' lang='lat' dir='ltr'>simbrano,</span> <span class='ocrx_word' id='word_1_306' title='bbox 909 2532 1016 2568; x_wconf 88' lang='lat' dir='ltr'>Sancti</span> <span class='ocrx_word' id='word_1_307' title='bbox 1050 2533 1133 2567; x_wconf 87' lang='lat' dir='ltr'>Petri</span> 
     </span>
     <span class='ocr_line' id='line_1_50' title="bbox 391 2582 1135 2628; baseline 0 -12"><span class='ocrx_word' id='word_1_308' title='bbox 391 2582 422 2616; x_wconf 91' lang='lat' dir='ltr'>in</span> <span class='ocrx_word' id='word_1_309' title='bbox 445 2582 574 2624; x_wconf 79' lang='lat' dir='ltr'>Nurclii,</span> <span class='ocrx_word' id='word_1_310' title='bbox 597 2583 700 2618; x_wconf 90' lang='lat' dir='ltr'>Sancti</span> <span class='ocrx_word' id='word_1_311' title='bbox 729 2582 846 2618; x_wconf 84' lang='lat' dir='ltr'>Nicolai</span> <span class='ocrx_word' id='word_1_312' title='bbox 870 2583 908 2618; x_wconf 90' lang='lat' dir='ltr'>de</span> <span class='ocrx_word' id='word_1_313' title='bbox 930 2582 1084 2628; x_wconf 72' lang='lat' dir='ltr'>Nugulln,</span> <span class='ocrx_word' id='word_1_314' title='bbox 1105 2590 1135 2617; x_wconf 90' lang='lat' dir='ltr'>et</span> 
     </span>
     <span class='ocr_line' id='line_1_51' title="bbox 391 2631 1133 2676; baseline 0 -10"><span class='ocrx_word' id='word_1_315' title='bbox 391 2631 496 2666; x_wconf 85' lang='lat' dir='ltr'>Sancti</span> <span class='ocrx_word' id='word_1_316' title='bbox 521 2632 654 2671; x_wconf 84' lang='lat' dir='ltr'>loannis,</span> <span class='ocrx_word' id='word_1_317' title='bbox 681 2633 785 2667; x_wconf 80' lang='lat' dir='ltr'>Sancti</span> <span class='ocrx_word' id='word_1_318' title='bbox 815 2633 923 2667; x_wconf 89' lang='lat' dir='ltr'>lleliae</span> <span class='ocrx_word' id='word_1_319' title='bbox 951 2632 990 2666; x_wconf 82' lang='lat' dir='ltr'>de</span> <span class='ocrx_word' id='word_1_320' title='bbox 1016 2632 1133 2676; x_wconf 90' lang='lat' dir='ltr'>Sitini,</span> 
     </span>
     <span class='ocr_line' id='line_1_52' title="bbox 391 2681 1132 2729; baseline 0 -13"><span class='ocrx_word' id='word_1_321' title='bbox 391 2689 421 2716; x_wconf 91' lang='lat' dir='ltr'>et</span> <span class='ocrx_word' id='word_1_322' title='bbox 459 2681 591 2716; x_wconf 81' lang='lat' dir='ltr'>Sanctae</span> <span class='ocrx_word' id='word_1_323' title='bbox 627 2681 742 2716; x_wconf 86' lang='lat' dir='ltr'>Mariae</span> <span class='ocrx_word' id='word_1_324' title='bbox 769 2682 808 2716; x_wconf 84' lang='lat' dir='ltr'>de</span> <span class='ocrx_word' id='word_1_325' title='bbox 843 2682 971 2716; x_wconf 85' lang='lat' dir='ltr'>lluminc</span> <span class='ocrx_word' id='word_1_326' title='bbox 997 2681 1132 2729; x_wconf 86' lang='lat' dir='ltr'>Tepido:</span> 
     </span>
    </p>
   </div>
   <div class='ocr_carea' id='block_1_5' title="bbox 1142 373 1150 1300">
    <p class='ocr_par' dir='ltr' id='par_1_5' title="bbox 1142 373 1150 1300">
     <span class='ocr_line' id='line_1_53' title="bbox 1142 373 1150 1300; baseline 0 0"><span class='ocrx_word' id='word_1_327' title='bbox 1142 373 1150 1300; x_wconf 95' lang='lat' dir='ltr'> </span> 
     </span>
    </p>
   </div>
   <div class='ocr_carea' id='block_1_6' title="bbox 975 294 1343 317">
    <p class='ocr_par' dir='ltr' id='par_1_6' title="bbox 975 294 1343 317">
     <span class='ocr_line' id='line_1_54' title="bbox 975 294 1343 317; baseline -0.003 0"><span class='ocrx_word' id='word_1_328' title='bbox 975 295 1073 317; x_wconf 58' lang='lat' dir='ltr'>urim</span> <span class='ocrx_word' id='word_1_329' title='bbox 1081 296 1097 317; x_wconf 74' lang='lat' dir='ltr'>tt</span> <span class='ocrx_word' id='word_1_330' title='bbox 1104 296 1110 317; x_wconf 91' lang='grc' dir='ltr'>Ι</span> <span class='ocrx_word' id='word_1_331' title='bbox 1118 296 1159 317; x_wconf 70' lang='grc' dir='ltr'>[Μ</span> <span class='ocrx_word' id='word_1_332' title='bbox 1185 294 1250 316; x_wconf 72' lang='lat' dir='ltr'>lton</span> <span class='ocrx_word' id='word_1_333' title='bbox 1257 295 1272 316; x_wconf 68' lang='lat' dir='ltr'>A</span> <span class='ocrx_word' id='word_1_334' title='bbox 1279 295 1343 317; x_wconf 65' lang='lat' dir='ltr'>Ntrtu</span> 
     </span>
    </p>
   </div>
   <div class='ocr_carea' id='block_1_7' title="bbox 1163 347 1916 1189">
    <p class='ocr_par' dir='ltr' id='par_1_7' title="bbox 1163 347 1916 1189">
     <span class='ocr_line' id='line_1_55' title="bbox 1165 347 1912 389; baseline 0.003 -7"><span class='ocrx_word' id='word_1_335' title='bbox 1165 349 1193 382; x_wconf 91' lang='lat' dir='ltr'>in</span> <span class='ocrx_word' id='word_1_336' title='bbox 1217 348 1340 383; x_wconf 80' lang='lat' dir='ltr'>civitate</span> <span class='ocrx_word' id='word_1_337' title='bbox 1362 347 1511 382; x_wconf 88' lang='lat' dir='ltr'>Cosentia</span> <span class='ocrx_word' id='word_1_338' title='bbox 1533 347 1641 383; x_wconf 82' lang='lat' dir='ltr'>Sancti</span> <span class='ocrx_word' id='word_1_339' title='bbox 1659 349 1741 383; x_wconf 84' lang='lat' dir='ltr'>Petri</span> <span class='ocrx_word' id='word_1_340' title='bbox 1766 349 1794 383; x_wconf 93' lang='lat' dir='ltr'>in</span> <span class='ocrx_word' id='word_1_341' title='bbox 1811 349 1912 389; x_wconf 66' lang='lat' dir='ltr'>Butla,</span> 
     </span>
     <span class='ocr_line' id='line_1_56' title="bbox 1164 397 1909 437; baseline 0.003 -5"><span class='ocrx_word' id='word_1_342' title='bbox 1164 398 1270 432; x_wconf 87' lang='lat' dir='ltr'>Sancti</span> <span class='ocrx_word' id='word_1_343' title='bbox 1300 398 1422 432; x_wconf 87' lang='lat' dir='ltr'>Martini</span> <span class='ocrx_word' id='word_1_344' title='bbox 1450 397 1533 432; x_wconf 88' lang='lat' dir='ltr'>iuxta</span> <span class='ocrx_word' id='word_1_345' title='bbox 1560 398 1689 432; x_wconf 84' lang='lat' dir='ltr'>fluvium</span> <span class='ocrx_word' id='word_1_346' title='bbox 1712 398 1846 437; x_wconf 76' lang='lat' dir='ltr'>Armini.</span> <span class='ocrx_word' id='word_1_347' title='bbox 1875 400 1909 434; x_wconf 91' lang='lat' dir='ltr'>S.</span> 
     </span>
     <span class='ocr_line' id='line_1_57' title="bbox 1163 446 1913 491; baseline 0.001 -9"><span class='ocrx_word' id='word_1_348' title='bbox 1163 447 1365 491; x_wconf 84' lang='lat' dir='ltr'>Columbani,</span> <span class='ocrx_word' id='word_1_349' title='bbox 1387 447 1493 482; x_wconf 88' lang='lat' dir='ltr'>Sancti</span> <span class='ocrx_word' id='word_1_350' title='bbox 1521 446 1639 482; x_wconf 89' lang='lat' dir='ltr'>Nicolai</span> <span class='ocrx_word' id='word_1_351' title='bbox 1669 447 1697 482; x_wconf 92' lang='lat' dir='ltr'>in</span> <span class='ocrx_word' id='word_1_352' title='bbox 1722 448 1913 489; x_wconf 76' lang='lat' dir='ltr'>Gnatanelli,</span> 
     </span>
     <span class='ocr_line' id='line_1_58' title="bbox 1164 496 1911 532; baseline 0.001 -1"><span class='ocrx_word' id='word_1_353' title='bbox 1164 497 1296 532; x_wconf 86' lang='lat' dir='ltr'>Sanctae</span> <span class='ocrx_word' id='word_1_354' title='bbox 1323 497 1440 531; x_wconf 90' lang='lat' dir='ltr'>Luciae</span> <span class='ocrx_word' id='word_1_355' title='bbox 1467 509 1538 531; x_wconf 89' lang='lat' dir='ltr'>cum</span> <span class='ocrx_word' id='word_1_356' title='bbox 1568 497 1667 531; x_wconf 87' lang='lat' dir='ltr'>insula</span> <span class='ocrx_word' id='word_1_357' title='bbox 1694 496 1801 532; x_wconf 88' lang='lat' dir='ltr'>Sancti</span> <span class='ocrx_word' id='word_1_358' title='bbox 1828 498 1911 532; x_wconf 85' lang='lat' dir='ltr'>Viti:</span> 
     </span>
     <span class='ocr_line' id='line_1_59' title="bbox 1165 546 1912 589; baseline 0.004 -9"><span class='ocrx_word' id='word_1_359' title='bbox 1165 547 1194 580; x_wconf 88' lang='lat' dir='ltr'>in</span> <span class='ocrx_word' id='word_1_360' title='bbox 1220 546 1395 587; x_wconf 82' lang='lat' dir='ltr'>Palentino,</span> <span class='ocrx_word' id='word_1_361' title='bbox 1422 546 1557 581; x_wconf 90' lang='lat' dir='ltr'>Sanctae</span> <span class='ocrx_word' id='word_1_362' title='bbox 1592 546 1707 581; x_wconf 90' lang='lat' dir='ltr'>Mariae</span> <span class='ocrx_word' id='word_1_363' title='bbox 1743 547 1772 581; x_wconf 92' lang='lat' dir='ltr'>in</span> <span class='ocrx_word' id='word_1_364' title='bbox 1808 547 1912 589; x_wconf 79' lang='lat' dir='ltr'>Cesis,</span> 
     </span>
     <span class='ocr_line' id='line_1_60' title="bbox 1164 595 1914 640; baseline 0.003 -10"><span class='ocrx_word' id='word_1_365' title='bbox 1164 596 1269 631; x_wconf 80' lang='lat' dir='ltr'>Sancti</span> <span class='ocrx_word' id='word_1_366' title='bbox 1292 596 1418 631; x_wconf 85' lang='lat' dir='ltr'>Ioannis</span> <span class='ocrx_word' id='word_1_367' title='bbox 1441 597 1470 630; x_wconf 93' lang='lat' dir='ltr'>in</span> <span class='ocrx_word' id='word_1_368' title='bbox 1498 596 1635 640; x_wconf 77' lang='lat' dir='ltr'>Vonaze,</span> <span class='ocrx_word' id='word_1_369' title='bbox 1663 595 1769 630; x_wconf 89' lang='lat' dir='ltr'>Sancti</span> <span class='ocrx_word' id='word_1_370' title='bbox 1787 596 1914 632; x_wconf 82' lang='lat' dir='ltr'>Ioannis</span> 
     </span>
     <span class='ocr_line' id='line_1_61' title="bbox 1166 645 1914 686; baseline 0.003 -6"><span class='ocrx_word' id='word_1_371' title='bbox 1166 646 1195 680; x_wconf 93' lang='lat' dir='ltr'>in</span> <span class='ocrx_word' id='word_1_372' title='bbox 1216 645 1270 680; x_wconf 78' lang='lat' dir='ltr'>Via</span> <span class='ocrx_word' id='word_1_373' title='bbox 1294 646 1447 686; x_wconf 88' lang='lat' dir='ltr'>Romana,</span> <span class='ocrx_word' id='word_1_374' title='bbox 1470 646 1574 680; x_wconf 90' lang='lat' dir='ltr'>Sancti</span> <span class='ocrx_word' id='word_1_375' title='bbox 1593 646 1716 680; x_wconf 87' lang='lat' dir='ltr'>loannis</span> <span class='ocrx_word' id='word_1_376' title='bbox 1735 645 1774 680; x_wconf 90' lang='lat' dir='ltr'>de</span> <span class='ocrx_word' id='word_1_377' title='bbox 1796 646 1914 682; x_wconf 76' lang='lat' dir='ltr'>Actan-</span> 
     </span>
     <span class='ocr_line' id='line_1_62' title="bbox 1164 695 1914 743; baseline 0.003 -14"><span class='ocrx_word' id='word_1_378' title='bbox 1164 707 1257 742; x_wconf 74' lang='lat' dir='ltr'>gone,</span> <span class='ocrx_word' id='word_1_379' title='bbox 1278 695 1383 730; x_wconf 88' lang='lat' dir='ltr'>Sancti</span> <span class='ocrx_word' id='word_1_380' title='bbox 1411 695 1494 730; x_wconf 89' lang='lat' dir='ltr'>Petri</span> <span class='ocrx_word' id='word_1_381' title='bbox 1518 696 1549 729; x_wconf 91' lang='lat' dir='ltr'>in</span> <span class='ocrx_word' id='word_1_382' title='bbox 1577 695 1702 730; x_wconf 87' lang='lat' dir='ltr'>Pereto:</span> <span class='ocrx_word' id='word_1_383' title='bbox 1729 696 1759 730; x_wconf 95' lang='lat' dir='ltr'>in</span> <span class='ocrx_word' id='word_1_384' title='bbox 1779 695 1914 743; x_wconf 83' lang='lat' dir='ltr'>Capita-</span> 
     </span>
     <span class='ocr_line' id='line_1_63' title="bbox 1167 745 1914 788; baseline 0.004 -10"><span class='ocrx_word' id='word_1_385' title='bbox 1167 754 1234 779; x_wconf 89' lang='lat' dir='ltr'>nata</span> <span class='ocrx_word' id='word_1_386' title='bbox 1250 745 1446 780; x_wconf 88' lang='lat' dir='ltr'>medictatem</span> <span class='ocrx_word' id='word_1_387' title='bbox 1469 745 1561 780; x_wconf 84' lang='lat' dir='ltr'>castri</span> <span class='ocrx_word' id='word_1_388' title='bbox 1584 745 1707 788; x_wconf 76' lang='lat' dir='ltr'>Sei-rae,</span> <span class='ocrx_word' id='word_1_389' title='bbox 1729 745 1835 779; x_wconf 82' lang='lat' dir='ltr'>Sancti</span> <span class='ocrx_word' id='word_1_390' title='bbox 1852 746 1914 781; x_wconf 87' lang='lat' dir='ltr'>Lu-</span> 
     </span>
     <span class='ocr_line' id='line_1_64' title="bbox 1166 794 1913 841; baseline 0.004 -13"><span class='ocrx_word' id='word_1_391' title='bbox 1166 795 1263 829; x_wconf 85' lang='lat' dir='ltr'>caein</span> <span class='ocrx_word' id='word_1_392' title='bbox 1289 803 1392 829; x_wconf 90' lang='lat' dir='ltr'>monte</span> <span class='ocrx_word' id='word_1_393' title='bbox 1414 794 1564 841; x_wconf 79' lang='lat' dir='ltr'>Gargani,</span> <span class='ocrx_word' id='word_1_394' title='bbox 1590 806 1703 841; x_wconf 87' lang='lat' dir='ltr'>pascua</span> <span class='ocrx_word' id='word_1_395' title='bbox 1725 795 1763 829; x_wconf 88' lang='lat' dir='ltr'>de</span> <span class='ocrx_word' id='word_1_396' title='bbox 1776 795 1913 830; x_wconf 75' lang='lat' dir='ltr'>Matcse:</span> 
     </span>
     <span class='ocr_line' id='line_1_65' title="bbox 1167 844 1914 892; baseline 0.003 -14"><span class='ocrx_word' id='word_1_397' title='bbox 1167 845 1196 878; x_wconf 94' lang='lat' dir='ltr'>in</span> <span class='ocrx_word' id='word_1_398' title='bbox 1224 844 1332 879; x_wconf 86' lang='lat' dir='ltr'>Firmo</span> <span class='ocrx_word' id='word_1_399' title='bbox 1358 845 1464 879; x_wconf 88' lang='lat' dir='ltr'>Sancti</span> <span class='ocrx_word' id='word_1_400' title='bbox 1494 844 1723 878; x_wconf 83' lang='lat' dir='ltr'>Bartliolomaei</span> <span class='ocrx_word' id='word_1_401' title='bbox 1749 845 1778 878; x_wconf 86' lang='lat' dir='ltr'>in</span> <span class='ocrx_word' id='word_1_402' title='bbox 1803 857 1914 892; x_wconf 84' lang='lat' dir='ltr'>campo</span> 
     </span>
     <span class='ocr_line' id='line_1_66' title="bbox 1166 893 1915 939; baseline 0.001 -11"><span class='ocrx_word' id='word_1_403' title='bbox 1166 893 1330 928; x_wconf 87' lang='lat' dir='ltr'>Fullonis:</span> <span class='ocrx_word' id='word_1_404' title='bbox 1360 895 1390 928; x_wconf 91' lang='lat' dir='ltr'>in</span> <span class='ocrx_word' id='word_1_405' title='bbox 1412 894 1501 928; x_wconf 83' lang='lat' dir='ltr'>Tude</span> <span class='ocrx_word' id='word_1_406' title='bbox 1523 894 1627 929; x_wconf 79' lang='lat' dir='ltr'>Sancti</span> <span class='ocrx_word' id='word_1_407' title='bbox 1651 893 1754 939; x_wconf 73' lang='lat' dir='ltr'>Magni</span> <span class='ocrx_word' id='word_1_408' title='bbox 1778 894 1808 928; x_wconf 90' lang='lat' dir='ltr'>in</span> <span class='ocrx_word' id='word_1_409' title='bbox 1826 894 1915 935; x_wconf 83' lang='lat' dir='ltr'>Qua-</span> 
     </span>
     <span class='ocr_line' id='line_1_67' title="bbox 1167 943 1914 990; baseline 0.003 -13"><span class='ocrx_word' id='word_1_410' title='bbox 1167 943 1260 986; x_wconf 86' lang='lat' dir='ltr'>trelli,</span> <span class='ocrx_word' id='word_1_411' title='bbox 1281 944 1387 978; x_wconf 87' lang='lat' dir='ltr'>Sancti</span> <span class='ocrx_word' id='word_1_412' title='bbox 1411 944 1520 990; x_wconf 70' lang='lat' dir='ltr'>Angeli</span> <span class='ocrx_word' id='word_1_413' title='bbox 1539 944 1568 978; x_wconf 92' lang='lat' dir='ltr'>in</span> <span class='ocrx_word' id='word_1_414' title='bbox 1582 943 1688 978; x_wconf 87' lang='lat' dir='ltr'>Galla:</span> <span class='ocrx_word' id='word_1_415' title='bbox 1715 944 1743 976; x_wconf 90' lang='lat' dir='ltr'>in</span> <span class='ocrx_word' id='word_1_416' title='bbox 1761 944 1914 979; x_wconf 87' lang='lat' dir='ltr'>territorio</span> 
     </span>
     <span class='ocr_line' id='line_1_68' title="bbox 1167 992 1915 1039; baseline 0.001 -12"><span class='ocrx_word' id='word_1_417' title='bbox 1167 993 1384 1039; x_wconf 73' lang='lat' dir='ltr'>Andegavensi</span> <span class='ocrx_word' id='word_1_418' title='bbox 1413 993 1520 1027; x_wconf 90' lang='lat' dir='ltr'>Sancti</span> <span class='ocrx_word' id='word_1_419' title='bbox 1542 993 1641 1028; x_wconf 80' lang='lat' dir='ltr'>Mauri</span> <span class='ocrx_word' id='word_1_420' title='bbox 1664 993 1694 1026; x_wconf 88' lang='lat' dir='ltr'>in</span> <span class='ocrx_word' id='word_1_421' title='bbox 1716 992 1915 1028; x_wconf 83' lang='lat' dir='ltr'>Glannasolio</span> 
     </span>
     <span class='ocr_line' id='line_1_69' title="bbox 1167 1043 1916 1089; baseline 0 -12"><span class='ocrx_word' id='word_1_422' title='bbox 1167 1054 1236 1077; x_wconf 80' lang='lat' dir='ltr'>cun]</span> <span class='ocrx_word' id='word_1_423' title='bbox 1265 1043 1363 1083; x_wconf 88' lang='lat' dir='ltr'>cellis,</span> <span class='ocrx_word' id='word_1_424' title='bbox 1386 1043 1466 1077; x_wconf 88' lang='lat' dir='ltr'>villis</span> <span class='ocrx_word' id='word_1_425' title='bbox 1487 1051 1517 1077; x_wconf 91' lang='lat' dir='ltr'>et</span> <span class='ocrx_word' id='word_1_426' title='bbox 1543 1043 1691 1078; x_wconf 86' lang='lat' dir='ltr'>omnibns</span> <span class='ocrx_word' id='word_1_427' title='bbox 1720 1043 1916 1089; x_wconf 86' lang='lat' dir='ltr'>pertinentiis</span> 
     </span>
     <span class='ocr_line' id='line_1_70' title="bbox 1167 1092 1916 1127; baseline 0.003 -2"><span class='ocrx_word' id='word_1_428' title='bbox 1167 1094 1247 1126; x_wconf 80' lang='lat' dir='ltr'>suis:</span> <span class='ocrx_word' id='word_1_429' title='bbox 1284 1093 1313 1126; x_wconf 91' lang='lat' dir='ltr'>in</span> <span class='ocrx_word' id='word_1_430' title='bbox 1337 1093 1490 1127; x_wconf 85' lang='lat' dir='ltr'>Dalmatia</span> <span class='ocrx_word' id='word_1_431' title='bbox 1523 1092 1557 1127; x_wconf 89' lang='lat' dir='ltr'>S.</span> <span class='ocrx_word' id='word_1_432' title='bbox 1585 1093 1700 1127; x_wconf 84' lang='lat' dir='ltr'>Mariae</span> <span class='ocrx_word' id='word_1_433' title='bbox 1729 1093 1811 1126; x_wconf 81' lang='lat' dir='ltr'>iuxta</span> <span class='ocrx_word' id='word_1_434' title='bbox 1839 1093 1916 1127; x_wconf 88' lang='lat' dir='ltr'>civi-</span> 
     </span>
     <span class='ocr_line' id='line_1_71' title="bbox 1169 1141 1913 1189; baseline 0.003 -14"><span class='ocrx_word' id='word_1_435' title='bbox 1169 1150 1259 1175; x_wconf 78' lang='lat' dir='ltr'>tatem</span> <span class='ocrx_word' id='word_1_436' title='bbox 1286 1142 1443 1188; x_wconf 75' lang='lat' dir='ltr'>Ragusam</span> <span class='ocrx_word' id='word_1_437' title='bbox 1466 1154 1537 1176; x_wconf 86' lang='lat' dir='ltr'>cuin</span> <span class='ocrx_word' id='word_1_438' title='bbox 1570 1152 1658 1189; x_wconf 87' lang='lat' dir='ltr'>portu</span> <span class='ocrx_word' id='word_1_439' title='bbox 1694 1154 1771 1182; x_wconf 84' lang='lat' dir='ltr'>suo,</span> <span class='ocrx_word' id='word_1_440' title='bbox 1807 1141 1913 1177; x_wconf 90' lang='lat' dir='ltr'>Sancti</span> 
     </span>
    </p>
   </div>
   <div class='ocr_carea' id='block_1_8' title="bbox 1169 1191 2113 1299">
    <p class='ocr_par' dir='ltr' id='par_1_8' title="bbox 1169 1191 2113 1299">
     <span class='ocr_line' id='line_1_72' title="bbox 1169 1191 2113 1239; baseline 0.002 -15"><span class='ocrx_word' id='word_1_441' title='bbox 1169 1191 1285 1226; x_wconf 81' lang='lat' dir='ltr'>Nicolai</span> <span class='ocrx_word' id='word_1_442' title='bbox 1315 1193 1343 1225; x_wconf 89' lang='lat' dir='ltr'>in</span> <span class='ocrx_word' id='word_1_443' title='bbox 1372 1191 1511 1226; x_wconf 87' lang='lat' dir='ltr'>Sansacn</span> <span class='ocrx_word' id='word_1_444' title='bbox 1537 1204 1632 1239; x_wconf 80' lang='lat' dir='ltr'>prope</span> <span class='ocrx_word' id='word_1_445' title='bbox 1659 1191 1854 1237; x_wconf 88' lang='lat' dir='ltr'>Spalatrnm:</span> <span class='ocrx_word' id='word_1_446' title='bbox 1885 1193 1914 1226; x_wconf 94' lang='lat' dir='ltr'>in</span> <span class='ocrx_word' id='word_1_447' title='bbox 1942 1210 1985 1231; x_wconf 73' lang='lat' dir='ltr'>Nee</span> <span class='ocrx_word' id='word_1_448' title='bbox 2000 1216 2041 1230; x_wconf 59' lang='lat'>110„</span> <span class='ocrx_word' id='word_1_449' title='bbox 2057 1214 2077 1230; x_wconf 50' lang='grc' dir='ltr'>ει</span> <span class='ocrx_word' id='word_1_450' title='bbox 2091 1211 2113 1231; x_wconf 67' lang='grc' dir='ltr'>ῃ.</span> 
     </span>
     <span class='ocr_line' id='line_1_73' title="bbox 1930 1240 2113 1263; baseline -0.011 -1"><span class='ocrx_word' id='word_1_451' title='bbox 1930 1242 1983 1263; x_wconf 74' lang='lat' dir='ltr'>locis</span> <span class='ocrx_word' id='word_1_452' title='bbox 1999 1244 2057 1262; x_wconf 69' lang='lat' dir='ltr'>cxii-a</span> <span class='ocrx_word' id='word_1_453' title='bbox 2072 1240 2113 1261; x_wconf 70' lang='lat' dir='ltr'>lt:-</span> 
     </span>
     <span class='ocr_line' id='line_1_74' title="bbox 1930 1272 2081 1299; baseline -0.013 -6"><span class='ocrx_word' id='word_1_454' title='bbox 1930 1273 1978 1293; x_wconf 76' lang='lat' dir='ltr'>liant</span> <span class='ocrx_word' id='word_1_455' title='bbox 1993 1272 2081 1299; x_wconf 71' lang='lat' dir='ltr'>positas.</span> 
     </span>
    </p>
   </div>
   <div class='ocr_carea' id='block_1_9' title="bbox 1167 1241 1922 2730">
    <p class='ocr_par' dir='ltr' id='par_1_9' title="bbox 1167 1241 1922 2730">
     <span class='ocr_line' id='line_1_75' title="bbox 1168 1241 1915 1288; baseline 0.004 -14"><span class='ocrx_word' id='word_1_456' title='bbox 1168 1241 1316 1288; x_wconf 83' lang='lat' dir='ltr'>Hispania</span> <span class='ocrx_word' id='word_1_457' title='bbox 1346 1241 1452 1276; x_wconf 89' lang='lat' dir='ltr'>Sancti</span> <span class='ocrx_word' id='word_1_458' title='bbox 1482 1241 1646 1276; x_wconf 88' lang='lat' dir='ltr'>Benedicti</span> <span class='ocrx_word' id='word_1_459' title='bbox 1671 1242 1700 1275; x_wconf 90' lang='lat' dir='ltr'>in</span> <span class='ocrx_word' id='word_1_460' title='bbox 1728 1241 1915 1283; x_wconf 73' lang='lat' dir='ltr'>Ten-acone.</span> 
     </span>
     <span class='ocr_line' id='line_1_76' title="bbox 1167 1290 1917 1337; baseline 0.001 -13"><span class='ocrx_word' id='word_1_461' title='bbox 1167 1290 1274 1325; x_wconf 90' lang='lat' dir='ltr'>Sancti</span> <span class='ocrx_word' id='word_1_462' title='bbox 1306 1290 1466 1326; x_wconf 85' lang='lat' dir='ltr'>Benedicti</span> <span class='ocrx_word' id='word_1_463' title='bbox 1500 1291 1530 1325; x_wconf 91' lang='lat' dir='ltr'>in</span> <span class='ocrx_word' id='word_1_464' title='bbox 1553 1291 1737 1337; x_wconf 71' lang='lat' dir='ltr'>Coatlgrane</span> <span class='ocrx_word' id='word_1_465' title='bbox 1761 1291 1842 1325; x_wconf 80' lang='lat' dir='ltr'>iuxta</span> <span class='ocrx_word' id='word_1_466' title='bbox 1865 1291 1917 1325; x_wconf 90' lang='lat' dir='ltr'>ci—</span> 
     </span>
     <span class='ocr_line' id='line_1_77' title="bbox 1170 1340 1918 1388; baseline 0 -14"><span class='ocrx_word' id='word_1_467' title='bbox 1170 1340 1292 1375; x_wconf 87' lang='lat' dir='ltr'>vitatem</span> <span class='ocrx_word' id='word_1_468' title='bbox 1318 1340 1528 1387; x_wconf 82' lang='lat' dir='ltr'>Logronium,</span> <span class='ocrx_word' id='word_1_469' title='bbox 1552 1341 1624 1375; x_wconf 85' lang='lat' dir='ltr'>item</span> <span class='ocrx_word' id='word_1_470' title='bbox 1651 1340 1819 1384; x_wconf 85' lang='lat' dir='ltr'>civitatem,</span> <span class='ocrx_word' id='word_1_471' title='bbox 1837 1353 1918 1388; x_wconf 87' lang='lat' dir='ltr'>quae</span> 
     </span>
     <span class='ocr_line' id='line_1_78' title="bbox 1168 1389 1919 1438; baseline 0.001 -14"><span class='ocrx_word' id='word_1_472' title='bbox 1168 1389 1282 1424; x_wconf 88' lang='lat' dir='ltr'>dicitnr</span> <span class='ocrx_word' id='word_1_473' title='bbox 1307 1390 1413 1425; x_wconf 86' lang='lat' dir='ltr'>Sancti</span> <span class='ocrx_word' id='word_1_474' title='bbox 1440 1389 1602 1435; x_wconf 78' lang='lat' dir='ltr'>Germani,</span> <span class='ocrx_word' id='word_1_475' title='bbox 1630 1391 1762 1438; x_wconf 76' lang='lat' dir='ltr'>positam</span> <span class='ocrx_word' id='word_1_476' title='bbox 1796 1389 1835 1424; x_wconf 86' lang='lat' dir='ltr'>ad</span> <span class='ocrx_word' id='word_1_477' title='bbox 1863 1403 1919 1437; x_wconf 89' lang='lat' dir='ltr'>pc-</span> 
     </span>
     <span class='ocr_line' id='line_1_79' title="bbox 1169 1439 1918 1484; baseline 0.001 -11"><span class='ocrx_word' id='word_1_478' title='bbox 1169 1439 1238 1474; x_wconf 87' lang='lat' dir='ltr'>dem</span> <span class='ocrx_word' id='word_1_479' title='bbox 1267 1439 1373 1474; x_wconf 85' lang='lat' dir='ltr'>Casini</span> <span class='ocrx_word' id='word_1_480' title='bbox 1402 1439 1534 1484; x_wconf 87' lang='lat' dir='ltr'>Montis,</span> <span class='ocrx_word' id='word_1_481' title='bbox 1562 1440 1724 1475; x_wconf 86' lang='lat' dir='ltr'>castellum</span> <span class='ocrx_word' id='word_1_482' title='bbox 1753 1439 1785 1474; x_wconf 93' lang='lat' dir='ltr'>S.</span> <span class='ocrx_word' id='word_1_483' title='bbox 1814 1439 1918 1481; x_wconf 88' lang='lat' dir='ltr'>Petri,</span> 
     </span>
     <span class='ocr_line' id='line_1_80' title="bbox 1169 1487 1920 1536; baseline 0 -13"><span class='ocrx_word' id='word_1_484' title='bbox 1169 1489 1253 1536; x_wconf 86' lang='lat' dir='ltr'>quod</span> <span class='ocrx_word' id='word_1_485' title='bbox 1270 1489 1308 1523; x_wconf 88' lang='lat' dir='ltr'>ab</span> <span class='ocrx_word' id='word_1_486' title='bbox 1336 1490 1473 1536; x_wconf 85' lang='lat' dir='ltr'>antiquis</span> <span class='ocrx_word' id='word_1_487' title='bbox 1496 1490 1613 1525; x_wconf 88' lang='lat' dir='ltr'>dictum</span> <span class='ocrx_word' id='word_1_488' title='bbox 1637 1498 1683 1524; x_wconf 86' lang='lat' dir='ltr'>est</span> <span class='ocrx_word' id='word_1_489' title='bbox 1705 1497 1840 1524; x_wconf 84' lang='lat' dir='ltr'>castrum</span> <span class='ocrx_word' id='word_1_490' title='bbox 1857 1487 1920 1524; x_wconf 89' lang='lat' dir='ltr'>Ca-</span> 
     </span>
     <span class='ocr_line' id='line_1_81' title="bbox 1169 1538 1919 1586; baseline 0.004 -14"><span class='ocrx_word' id='word_1_491' title='bbox 1169 1539 1240 1583; x_wconf 87' lang='lat' dir='ltr'>sini,</span> <span class='ocrx_word' id='word_1_492' title='bbox 1267 1539 1429 1573; x_wconf 86' lang='lat' dir='ltr'>castellum</span> <span class='ocrx_word' id='word_1_493' title='bbox 1465 1539 1571 1575; x_wconf 87' lang='lat' dir='ltr'>Sancti</span> <span class='ocrx_word' id='word_1_494' title='bbox 1594 1540 1729 1586; x_wconf 71' lang='lat' dir='ltr'>Angeli,</span> <span class='ocrx_word' id='word_1_495' title='bbox 1764 1538 1919 1575; x_wconf 86' lang='lat' dir='ltr'>Plumba-</span> 
     </span>
     <span class='ocr_line' id='line_1_82' title="bbox 1169 1588 1920 1635; baseline 0.003 -13"><span class='ocrx_word' id='word_1_496' title='bbox 1169 1589 1279 1629; x_wconf 90' lang='lat' dir='ltr'>rolam,</span> <span class='ocrx_word' id='word_1_497' title='bbox 1305 1588 1515 1635; x_wconf 78' lang='lat' dir='ltr'>pignatariam</span> <span class='ocrx_word' id='word_1_498' title='bbox 1543 1590 1758 1632; x_wconf 82' lang='lat' dir='ltr'>Pedemoutis,</span> <span class='ocrx_word' id='word_1_499' title='bbox 1791 1588 1920 1624; x_wconf 91' lang='lat' dir='ltr'>lunctu-</span> 
     </span>
     <span class='ocr_line' id='line_1_83' title="bbox 1170 1638 1920 1682; baseline 0.003 -10"><span class='ocrx_word' id='word_1_500' title='bbox 1170 1650 1246 1677; x_wconf 83' lang='lat' dir='ltr'>rain,</span> <span class='ocrx_word' id='word_1_501' title='bbox 1287 1647 1423 1673; x_wconf 88' lang='lat' dir='ltr'>castrum</span> <span class='ocrx_word' id='word_1_502' title='bbox 1458 1639 1564 1673; x_wconf 83' lang='lat' dir='ltr'>Sancti</span> <span class='ocrx_word' id='word_1_503' title='bbox 1601 1639 1777 1682; x_wconf 69' lang='lat' dir='ltr'>Ambrosii,</span> <span class='ocrx_word' id='word_1_504' title='bbox 1811 1638 1920 1674; x_wconf 87' lang='lat' dir='ltr'>Sancti</span> 
     </span>
     <span class='ocr_line' id='line_1_84' title="bbox 1172 1687 1921 1735; baseline 0.004 -14"><span class='ocrx_word' id='word_1_505' title='bbox 1172 1687 1374 1734; x_wconf 63' lang='lat' dir='ltr'>Apollinaris,</span> <span class='ocrx_word' id='word_1_506' title='bbox 1402 1687 1508 1722; x_wconf 86' lang='lat' dir='ltr'>Sancti</span> <span class='ocrx_word' id='word_1_507' title='bbox 1534 1688 1675 1735; x_wconf 74' lang='lat' dir='ltr'>Georgii,</span> <span class='ocrx_word' id='word_1_508' title='bbox 1702 1688 1820 1723; x_wconf 87' lang='lat' dir='ltr'>Vallem</span> <span class='ocrx_word' id='word_1_509' title='bbox 1849 1688 1921 1724; x_wconf 84' lang='lat' dir='ltr'>Fri-</span> 
     </span>
     <span class='ocr_line' id='line_1_85' title="bbox 1170 1737 1920 1783; baseline 0.004 -13"><span class='ocrx_word' id='word_1_510' title='bbox 1170 1737 1286 1783; x_wconf 69' lang='lat' dir='ltr'>gidam,</span> <span class='ocrx_word' id='word_1_511' title='bbox 1313 1737 1421 1772; x_wconf 90' lang='lat' dir='ltr'>Sancti</span> <span class='ocrx_word' id='word_1_512' title='bbox 1456 1737 1600 1782; x_wconf 68' lang='lat' dir='ltr'>Andreae,</span> <span class='ocrx_word' id='word_1_513' title='bbox 1636 1738 1781 1773; x_wconf 78' lang='lat' dir='ltr'>Vantratn</span> <span class='ocrx_word' id='word_1_514' title='bbox 1809 1738 1920 1774; x_wconf 85' lang='lat' dir='ltr'>Mona-</span> 
     </span>
     <span class='ocr_line' id='line_1_86' title="bbox 1171 1787 1921 1830; baseline 0.004 -10"><span class='ocrx_word' id='word_1_515' title='bbox 1171 1787 1291 1830; x_wconf 76' lang='lat' dir='ltr'>sticam,</span> <span class='ocrx_word' id='word_1_516' title='bbox 1314 1787 1460 1822; x_wconf 87' lang='lat' dir='ltr'>Vantram</span> <span class='ocrx_word' id='word_1_517' title='bbox 1489 1788 1687 1829; x_wconf 81' lang='lat' dir='ltr'>Comitaletn,</span> <span class='ocrx_word' id='word_1_518' title='bbox 1716 1788 1823 1823; x_wconf 90' lang='lat' dir='ltr'>Sancti</span> <span class='ocrx_word' id='word_1_519' title='bbox 1845 1789 1921 1824; x_wconf 82' lang='lat' dir='ltr'>Ste-</span> 
     </span>
     <span class='ocr_line' id='line_1_87' title="bbox 1173 1836 1919 1882; baseline 0.005 -13"><span class='ocrx_word' id='word_1_520' title='bbox 1173 1837 1279 1882; x_wconf 82' lang='lat' dir='ltr'>pliani,</span> <span class='ocrx_word' id='word_1_521' title='bbox 1295 1836 1476 1880; x_wconf 84' lang='lat' dir='ltr'>Teramuni,</span> <span class='ocrx_word' id='word_1_522' title='bbox 1492 1837 1613 1881; x_wconf 84' lang='lat' dir='ltr'>Fracte,</span> <span class='ocrx_word' id='word_1_523' title='bbox 1626 1838 1919 1880; x_wconf 80' lang='lat' dir='ltr'>Castrum-Novum,</span> 
     </span>
     <span class='ocr_line' id='line_1_88' title="bbox 1171 1886 1920 1934; baseline 0.005 -15"><span class='ocrx_word' id='word_1_524' title='bbox 1171 1886 1337 1921; x_wconf 78' lang='lat' dir='ltr'>Mortulan]</span> <span class='ocrx_word' id='word_1_525' title='bbox 1370 1899 1441 1920; x_wconf 84' lang='lat' dir='ltr'>cuin</span> <span class='ocrx_word' id='word_1_526' title='bbox 1470 1896 1570 1932; x_wconf 86' lang='lat' dir='ltr'>curte,</span> <span class='ocrx_word' id='word_1_527' title='bbox 1592 1900 1672 1934; x_wconf 80' lang='lat' dir='ltr'>quae</span> <span class='ocrx_word' id='word_1_528' title='bbox 1698 1888 1813 1922; x_wconf 89' lang='lat' dir='ltr'>dicitur</span> <span class='ocrx_word' id='word_1_529' title='bbox 1840 1887 1920 1924; x_wconf 87' lang='lat' dir='ltr'>Casa</span> 
     </span>
     <span class='ocr_line' id='line_1_89' title="bbox 1172 1935 1920 1980; baseline 0.005 -11"><span class='ocrx_word' id='word_1_530' title='bbox 1172 1935 1304 1976; x_wconf 83' lang='lat' dir='ltr'>Fortini,</span> <span class='ocrx_word' id='word_1_531' title='bbox 1324 1936 1505 1976; x_wconf 86' lang='lat' dir='ltr'>Cucurnzn,</span> <span class='ocrx_word' id='word_1_532' title='bbox 1522 1937 1702 1980; x_wconf 89' lang='lat' dir='ltr'>Caminum,</span> <span class='ocrx_word' id='word_1_533' title='bbox 1719 1938 1831 1972; x_wconf 88' lang='lat' dir='ltr'>Suium</span> <span class='ocrx_word' id='word_1_534' title='bbox 1846 1951 1920 1973; x_wconf 89' lang='lat' dir='ltr'>cum</span> 
     </span>
     <span class='ocr_line' id='line_1_90' title="bbox 1172 1985 1921 2035; baseline 0.004 -16"><span class='ocrx_word' id='word_1_535' title='bbox 1172 1985 1320 2020; x_wconf 87' lang='lat' dir='ltr'>omnibus</span> <span class='ocrx_word' id='word_1_536' title='bbox 1343 1987 1540 2033; x_wconf 82' lang='lat' dir='ltr'>pertinentiis</span> <span class='ocrx_word' id='word_1_537' title='bbox 1554 1988 1620 2021; x_wconf 85' lang='lat' dir='ltr'>suis</span> <span class='ocrx_word' id='word_1_538' title='bbox 1634 2000 1670 2021; x_wconf 80' lang='lat' dir='ltr'>cx</span> <span class='ocrx_word' id='word_1_539' title='bbox 1689 1995 1819 2034; x_wconf 83' lang='lat' dir='ltr'>utraque</span> <span class='ocrx_word' id='word_1_540' title='bbox 1834 1997 1921 2035; x_wconf 85' lang='lat' dir='ltr'>parte</span> 
     </span>
     <span class='ocr_line' id='line_1_91' title="bbox 1173 2034 1920 2076; baseline 0.007 -8"><span class='ocrx_word' id='word_1_541' title='bbox 1173 2034 1322 2076; x_wconf 82' lang='lat' dir='ltr'>fluminis,</span> <span class='ocrx_word' id='word_1_542' title='bbox 1349 2035 1480 2070; x_wconf 83' lang='lat' dir='ltr'>Turrem</span> <span class='ocrx_word' id='word_1_543' title='bbox 1508 2037 1544 2071; x_wconf 88' lang='lat' dir='ltr'>ad</span> <span class='ocrx_word' id='word_1_544' title='bbox 1568 2037 1653 2071; x_wconf 83' lang='lat' dir='ltr'>Mare</span> <span class='ocrx_word' id='word_1_545' title='bbox 1681 2037 1762 2071; x_wconf 81' lang='lat' dir='ltr'>iuxta</span> <span class='ocrx_word' id='word_1_546' title='bbox 1790 2037 1920 2073; x_wconf 87' lang='lat' dir='ltr'>lluvium</span> 
     </span>
     <span class='ocr_line' id='line_1_92' title="bbox 1172 2084 1920 2130; baseline 0.004 -11"><span class='ocrx_word' id='word_1_547' title='bbox 1172 2084 1389 2125; x_wconf 77' lang='lat' dir='ltr'>Garilianum,</span> <span class='ocrx_word' id='word_1_548' title='bbox 1412 2095 1545 2120; x_wconf 80' lang='lat' dir='ltr'>castrum</span> <span class='ocrx_word' id='word_1_549' title='bbox 1570 2086 1781 2130; x_wconf 78' lang='lat' dir='ltr'>Pontiscurvi,</span> <span class='ocrx_word' id='word_1_550' title='bbox 1814 2087 1920 2122; x_wconf 90' lang='lat' dir='ltr'>Sancti</span> 
     </span>
     <span class='ocr_line' id='line_1_93' title="bbox 1172 2134 1919 2179; baseline 0.005 -11"><span class='ocrx_word' id='word_1_551' title='bbox 1172 2134 1257 2168; x_wconf 81' lang='lat' dir='ltr'>Petri</span> <span class='ocrx_word' id='word_1_552' title='bbox 1282 2135 1311 2168; x_wconf 90' lang='lat' dir='ltr'>in</span> <span class='ocrx_word' id='word_1_553' title='bbox 1335 2134 1411 2179; x_wconf 87' lang='lat' dir='ltr'>Flia,</span> <span class='ocrx_word' id='word_1_554' title='bbox 1439 2135 1639 2177; x_wconf 82' lang='lat' dir='ltr'>Torocclnm,</span> <span class='ocrx_word' id='word_1_555' title='bbox 1667 2136 1863 2178; x_wconf 81' lang='lat' dir='ltr'>Cervarium,</span> <span class='ocrx_word' id='word_1_556' title='bbox 1885 2137 1919 2173; x_wconf 89' lang='lat' dir='ltr'>S.</span> 
     </span>
     <span class='ocr_line' id='line_1_94' title="bbox 1173 2183 1921 2228; baseline 0.007 -11"><span class='ocrx_word' id='word_1_557' title='bbox 1173 2183 1320 2228; x_wconf 83' lang='lat' dir='ltr'>Victoris,</span> <span class='ocrx_word' id='word_1_558' title='bbox 1348 2184 1480 2219; x_wconf 84' lang='lat' dir='ltr'>Sanctae</span> <span class='ocrx_word' id='word_1_559' title='bbox 1503 2185 1620 2227; x_wconf 83' lang='lat' dir='ltr'>Heliae,</span> <span class='ocrx_word' id='word_1_560' title='bbox 1647 2185 1767 2220; x_wconf 83' lang='lat' dir='ltr'>Vallem</span> <span class='ocrx_word' id='word_1_561' title='bbox 1790 2186 1921 2222; x_wconf 86' lang='lat' dir='ltr'>Rotun-</span> 
     </span>
     <span class='ocr_line' id='line_1_95' title="bbox 1174 2233 1919 2284; baseline 0.005 -16"><span class='ocrx_word' id='word_1_562' title='bbox 1174 2233 1262 2277; x_wconf 83' lang='lat' dir='ltr'>dani,</span> <span class='ocrx_word' id='word_1_563' title='bbox 1289 2234 1538 2278; x_wconf 84' lang='lat' dir='ltr'>Saraciniscum,</span> <span class='ocrx_word' id='word_1_564' title='bbox 1565 2234 1756 2277; x_wconf 88' lang='lat' dir='ltr'>Cardetum,</span> <span class='ocrx_word' id='word_1_565' title='bbox 1797 2236 1919 2284; x_wconf 83' lang='lat' dir='ltr'>Aquam</span> 
     </span>
     <span class='ocr_line' id='line_1_96' title="bbox 1174 2284 1920 2324; baseline 0.005 -7"><span class='ocrx_word' id='word_1_566' title='bbox 1174 2284 1345 2324; x_wconf 75' lang='lat' dir='ltr'>fundatam,</span> <span class='ocrx_word' id='word_1_567' title='bbox 1363 2284 1562 2319; x_wconf 85' lang='lat' dir='ltr'>Vitecosmn:</span> <span class='ocrx_word' id='word_1_568' title='bbox 1586 2286 1616 2319; x_wconf 93' lang='lat' dir='ltr'>in</span> <span class='ocrx_word' id='word_1_569' title='bbox 1630 2285 1771 2320; x_wconf 87' lang='lat' dir='ltr'>Calabria</span> <span class='ocrx_word' id='word_1_570' title='bbox 1783 2295 1920 2322; x_wconf 89' lang='lat' dir='ltr'>castrum</span> 
     </span>
     <span class='ocr_line' id='line_1_97' title="bbox 1173 2332 1922 2383; baseline 0.005 -16"><span class='ocrx_word' id='word_1_571' title='bbox 1173 2332 1304 2367; x_wconf 88' lang='lat' dir='ltr'>Cetrarii</span> <span class='ocrx_word' id='word_1_572' title='bbox 1331 2345 1402 2368; x_wconf 87' lang='lat' dir='ltr'>cnm</span> <span class='ocrx_word' id='word_1_573' title='bbox 1433 2334 1575 2368; x_wconf 82' lang='lat' dir='ltr'>ecclesiis</span> <span class='ocrx_word' id='word_1_574' title='bbox 1596 2343 1625 2369; x_wconf 87' lang='lat' dir='ltr'>et</span> <span class='ocrx_word' id='word_1_575' title='bbox 1647 2335 1795 2370; x_wconf 86' lang='lat' dir='ltr'>omnibus</span> <span class='ocrx_word' id='word_1_576' title='bbox 1823 2337 1922 2383; x_wconf 89' lang='lat' dir='ltr'>perti-</span> 
     </span>
     <span class='ocr_line' id='line_1_98' title="bbox 1173 2382 1922 2421; baseline 0.005 -5"><span class='ocrx_word' id='word_1_577' title='bbox 1173 2382 1288 2417; x_wconf 83' lang='lat' dir='ltr'>nentiis</span> <span class='ocrx_word' id='word_1_578' title='bbox 1310 2384 1407 2417; x_wconf 65' lang='lat' dir='ltr'>suis:⁴</span> <span class='ocrx_word' id='word_1_579' title='bbox 1427 2384 1457 2417; x_wconf 89' lang='lat' dir='ltr'>in</span> <span class='ocrx_word' id='word_1_580' title='bbox 1491 2384 1629 2419; x_wconf 77' lang='lat' dir='ltr'>Marcliia</span> <span class='ocrx_word' id='word_1_581' title='bbox 1655 2385 1785 2419; x_wconf 88' lang='lat' dir='ltr'>Teatina</span> <span class='ocrx_word' id='word_1_582' title='bbox 1805 2387 1922 2421; x_wconf 86' lang='lat' dir='ltr'>castel-</span> 
     </span>
     <span class='ocr_line' id='line_1_99' title="bbox 1174 2432 1922 2479; baseline 0.007 -13"><span class='ocrx_word' id='word_1_583' title='bbox 1174 2432 1238 2466; x_wconf 89' lang='lat' dir='ltr'>lum</span> <span class='ocrx_word' id='word_1_584' title='bbox 1261 2432 1491 2478; x_wconf 85' lang='lat' dir='ltr'>Lastiniannm,</span> <span class='ocrx_word' id='word_1_585' title='bbox 1514 2442 1652 2469; x_wconf 90' lang='lat' dir='ltr'>montem</span> <span class='ocrx_word' id='word_1_586' title='bbox 1680 2434 1810 2479; x_wconf 83' lang='lat' dir='ltr'>Albrici,</span> <span class='ocrx_word' id='word_1_587' title='bbox 1836 2435 1922 2471; x_wconf 81' lang='lat' dir='ltr'>Muc-</span> 
     </span>
     <span class='ocr_line' id='line_1_100' title="bbox 1173 2481 1920 2531; baseline 0.005 -15"><span class='ocrx_word' id='word_1_588' title='bbox 1173 2482 1252 2516; x_wconf 87' lang='lat' dir='ltr'>clam</span> <span class='ocrx_word' id='word_1_589' title='bbox 1284 2481 1318 2517; x_wconf 91' lang='lat' dir='ltr'>S.</span> <span class='ocrx_word' id='word_1_590' title='bbox 1352 2482 1473 2524; x_wconf 83' lang='lat' dir='ltr'>Quirici</span> <span class='ocrx_word' id='word_1_591' title='bbox 1500 2495 1572 2518; x_wconf 89' lang='lat' dir='ltr'>cum</span> <span class='ocrx_word' id='word_1_592' title='bbox 1601 2492 1704 2531; x_wconf 88' lang='lat' dir='ltr'>portu,</span> <span class='ocrx_word' id='word_1_593' title='bbox 1726 2484 1859 2529; x_wconf 82' lang='lat' dir='ltr'>Frisam,</span> <span class='ocrx_word' id='word_1_594' title='bbox 1885 2485 1920 2520; x_wconf 94' lang='lat' dir='ltr'>S.</span> 
     </span>
     <span class='ocr_line' id='line_1_101' title="bbox 1174 2530 1920 2577; baseline 0.007 -12"><span class='ocrx_word' id='word_1_595' title='bbox 1174 2530 1305 2566; x_wconf 86' lang='lat' dir='ltr'>Iustam:</span> <span class='ocrx_word' id='word_1_596' title='bbox 1335 2532 1363 2566; x_wconf 87' lang='lat' dir='ltr'>in</span> <span class='ocrx_word' id='word_1_597' title='bbox 1390 2533 1537 2568; x_wconf 87' lang='lat' dir='ltr'>comitatu</span> <span class='ocrx_word' id='word_1_598' title='bbox 1560 2533 1719 2569; x_wconf 86' lang='lat' dir='ltr'>Asculano</span> <span class='ocrx_word' id='word_1_599' title='bbox 1745 2535 1920 2577; x_wconf 84' lang='lat' dir='ltr'>castellum,</span> 
     </span>
     <span class='ocr_line' id='line_1_102' title="bbox 1174 2581 1920 2630; baseline 0.005 -15"><span class='ocrx_word' id='word_1_600' title='bbox 1174 2581 1257 2628; x_wconf 90' lang='lat' dir='ltr'>quod</span> <span class='ocrx_word' id='word_1_601' title='bbox 1286 2581 1400 2616; x_wconf 88' lang='lat' dir='ltr'>dicitur</span> <span class='ocrx_word' id='word_1_602' title='bbox 1433 2582 1601 2627; x_wconf 79' lang='lat' dir='ltr'>Octavum,</span> <span class='ocrx_word' id='word_1_603' title='bbox 1628 2591 1659 2618; x_wconf 87' lang='lat' dir='ltr'>et</span> <span class='ocrx_word' id='word_1_604' title='bbox 1685 2593 1755 2630; x_wconf 88' lang='lat' dir='ltr'>post</span> <span class='ocrx_word' id='word_1_605' title='bbox 1782 2592 1920 2620; x_wconf 87' lang='lat' dir='ltr'>montem</span> 
     </span>
     <span class='ocr_line' id='line_1_103' title="bbox 1174 2631 1919 2674; baseline 0.005 -10"><span class='ocrx_word' id='word_1_606' title='bbox 1174 2631 1342 2665; x_wconf 84' lang='lat' dir='ltr'>Ciniannm</span> <span class='ocrx_word' id='word_1_607' title='bbox 1375 2631 1593 2674; x_wconf 77' lang='lat' dir='ltr'>Trivilianum,</span> <span class='ocrx_word' id='word_1_608' title='bbox 1625 2641 1656 2668; x_wconf 88' lang='lat' dir='ltr'>et</span> <span class='ocrx_word' id='word_1_609' title='bbox 1688 2633 1859 2668; x_wconf 88' lang='lat' dir='ltr'>Cavinnm:</span> <span class='ocrx_word' id='word_1_610' title='bbox 1887 2634 1919 2668; x_wconf 91' lang='lat' dir='ltr'>in</span> 
     </span>
     <span class='ocr_line' id='line_1_104' title="bbox 1175 2680 1921 2730; baseline 0.007 -17"><span class='ocrx_word' id='word_1_611' title='bbox 1175 2680 1351 2728; x_wconf 89' lang='lat' dir='ltr'>principatu</span> <span class='ocrx_word' id='word_1_612' title='bbox 1377 2682 1538 2717; x_wconf 83' lang='lat' dir='ltr'>castellum</span> <span class='ocrx_word' id='word_1_613' title='bbox 1566 2681 1797 2730; x_wconf 82' lang='lat' dir='ltr'>Ripae-Ursae,</span> <span class='ocrx_word' id='word_1_614' title='bbox 1829 2683 1921 2718; x_wconf 86' lang='lat' dir='ltr'>Mon-</span> 
     </span>
    </p>
   </div>
   <div class='ocr_carea' id='block_1_10' title="bbox 1929 294 2107 322">
    <p class='ocr_par' dir='ltr' id='par_1_10' title="bbox 1929 294 2107 322">
     <span class='ocr_line' id='line_1_105' title="bbox 1929 294 2107 322; baseline 0.006 -1"><span class='ocrx_word' id='word_1_615' title='bbox 1929 294 1977 321; x_wconf 81' lang='lat' dir='ltr'>An.</span> <span class='ocrx_word' id='word_1_616' title='bbox 1997 295 2024 321; x_wconf 91' lang='lat' dir='ltr'>C.</span> <span class='ocrx_word' id='word_1_617' title='bbox 2042 295 2107 322; x_wconf 73' lang='lat'>¹¹59</span> 
     </span>
    </p>
   </div>
  </div>
 </body>
</html>
