2180 3205
155 275 205 303 An.
222 275 250 303 C.
273 275 341 304 1090

177 1684 207 1705 Ab
236 1685 281 1710 epis
283 1690 336 1712 copo

177 1711 313 1741 praebendae

151 1743 203 1758 suae
227 1738 265 1758 Ec
265 1738 300 1758 ·sle
292 1739 335 1759 iae

151 1764 217 1789 eratis
231 1764 320 1785 dandae

191 2122 323 2144 Subdiaconi

151 2150 251 2170 uxoribus
261 2155 336 2171 vacan-

151 2177 183 2196 tes
199 2182 212 2196 a
227 2182 288 2196 sacro
305 2183 335 2197 or-

151 2201 200 2222 dine
222 2205 242 2222 et
256 2202 336 2223 benefi-

151 2228 184 2248 cio
206 2229 334 2250 removenti.

165 2501 338 2527 Presbyterornm

152 2528 189 2549 nni
213 2529 239 2549 ab
265 2529 338 2548 aitaris

423 252 491 287 198

712 314 778 350 Ln.

370 398 588 442 [responsiones
609 397 651 430 ad
674 397 813 430 consulta
827 395 946 429 Pisonis
964 397 1115 429 Tullensis

415 452 546 496 episcopi
579 462 669 494 super
703 450 899 489 simoniacis,
934 461 970 484 ac
1000 451 1115 484 illicitis

414 505 662 538 ordinationibus
692 507 704 547 (
710 506 752 546 Ι).

631 581 848 613 SUMMARIUM

364 646 406 678 Ab
420 647 556 687 episcopo
574 647 760 687 praebendae
776 657 847 678 suae
860 647 1010 678 Ecclesiae
1023 647 1113 686 gratis

402 691 525 721 dandae.
546 708 587 715 —
607 691 786 722 subdiaconi
815 691 956 722 uxoribus
978 696 1114 721 vacantes

402 746 417 765 a
438 744 521 765 sacro
540 736 643 766 ordine
666 741 694 766 et
722 736 867 766 beneficio
884 736 1063 766 removendi.
1080 752 1117 758 —

403 779 644 820 Presbyteroruni
675 781 728 811 t'ilii
757 781 792 810 ab
815 781 916 810 altaris
949 780 1114 810 ministerio

402 825 586 862 reinovendi3
614 825 672 854 nisi
702 826 783 864 prius
807 826 835 855 in
869 824 1020 854 coenobiis
1051 834 1115 854 sese

403 868 598 907 probaverint.
610 869 730 899 -Cum
744 869 885 898 ordinatis
900 869 936 898 ab
959 869 1114 898 haereticis

401 914 562 952 episcopis,
592 923 649 943 non
670 919 766 943 tamen
789 913 962 943 simoniacis
988 913 1114 951 benigne

402 957 554 987 utendum.
574 974 614 980 -
640 957 777 997 Episcopi
797 962 825 987 et
842 957 942 987 clerici
961 957 1115 987 simoniaci

403 1011 417 1031 a
447 1001 540 1031 sacris
559 1001 665 1032 officiis
687 1002 866 1031 removendi.
888 1018 928 1024 —
951 1000 1063 1038 Bigami
1087 1006 1114 1031 et

400 1045 555 1075 viduarum
579 1047 676 1077 mariti
696 1056 711 1076 a
727 1047 820 1076 sacris
839 1045 994 1076 ordinibus
1013 1054 1115 1083 segre-

403 1090 503 1128 gandi.

362 1158 467 1190 Urbanus
488 1160 609 1199 episcopus
631 1168 709 1190 servus
729 1168 846 1190 servorum
867 1159 919 1198 bei,
942 1160 1029 1190 dilecto
1050 1159 1114 1190 fratri

405 1205 512 1234 Tiil'ensi
534 1205 656 1244 episcopo,
679 1205 777 1235 salutem
799 1209 822 1235 et
842 1205 994 1244 apostolicam
1019 1204 1114 1235 henedi-

402 1249 514 1279 ctionem.

410 1319 514 1366 Super
527 1319 776 1366 quaestionibus,
798 1331 876 1366 quas
893 1319 930 1354 ad
946 1331 1004 1354 nos
1016 1318 1114 1354 Adal-

362 1368 471 1403 bertus
510 1377 630 1403 vestrae
662 1369 824 1404 Ecclesiae
865 1369 947 1402 iilius
983 1368 1095 1403 detulit

363 1417 441 1451 haec
464 1429 480 1452 a
503 1419 594 1452 nobis
615 1425 688 1452 sunt
723 1418 753 1452 in
788 1417 949 1464 synodalis
982 1430 1111 1452 assensu

361 1466 487 1501 concilii
515 1467 651 1514 capitula
679 1479 734 1514 per
762 1467 817 1501 Dei
844 1467 974 1513 gratiam
997 1466 1114 1501 consu·-

362 1524 456 1550 mata.

676 1598 748 1622 CAP.
777 1599 800 1622 1.

410 1658 589 1705 Episcopus
609 1658 714 1693 omnia
731 1658 779 1694 sui
799 1658 999 1706 episcopatus
1017 1670 1115 1694 mem-

362 1706 434 1748 bra,
458 1707 602 1742 videlicet
623 1707 906 1748 archidiaconatus,
928 1708 1113 1755 archipres-

362 1755 532 1803 byteratus,
554 1756 713 1800 decanias,
736 1757 783 1791 vel
806 1757 927 1803 aliquas
948 1757 1113 1811 praeposi-

363 1813 447 1839 toras
462 1832 470 1845 ,
510 1805 671 1840 Ecclesiae
709 1817 785 1840 suae
822 1806 983 1840 canonicis
1016 1806 1113 1850 gratis

361 1853 482 1908 absque
505 1854 591 1888 omni
614 1854 778 1888 venalitate
800 1854 977 1889 distribuat
1008 1854 1113 1896 Quis-

362 1903 435 1948 quis
457 1911 561 1937 autem
585 1915 620 1938 ea
644 1903 743 1950 pretio
762 1902 896 1948 dederit,
922 1903 1112 1950 depositioni

362 1950 534 1986 subiaceat

671 2033 744 2057 CAP.
776 2034 813 2057 Π.

411 2093 492 2134 Eos,
518 2093 571 2141 qui
593 2105 609 2128 a
636 2093 866 2128 subdiaconatu
888 2093 1040 2129 uxoribus
1065 2106 1114 2129 va-

363 2143 510 2182 caverint,
537 2142 577 2177 ab
599 2143 684 2177 omni
712 2154 802 2177 sacro
827 2142 939 2178 ordine
970 2155 1114 2178 iemove—

364 2203 445 2231 mus
468 2191 634 2238 officioque
659 2198 764 2246 atque.
776 2191 929 2226 beneficio
950 2192 1115 2227 Ecclesiae

363 2251 468 2274 carere
495 2240 712 2280 decernimus;
739 2240 765 2274 si
789 2252 862 2274 vero
884 2241 1024 2287 episcopi
1043 2253 1113 2275 con·

363 2288 522 2323 senserint
553 2301 662 2323 eorum
686 2289 910 2336 pravitatibus,
937 2302 954 2324 a
980 2289 1047 2324 suis
1080 2302 1114 2324 se

364 2338 509 2372 noverint
533 2337 647 2372 officiis
673 2337 868 2372 interdictos.

663 2420 735 2443 ΕΑΡ.
765 2421 814 2443 111.

413 2477 673 2526 Presbyterorum
696 2479 776 2514 filios
796 2492 813 2514 a
835 2479 915 2515 sacri
937 2479 1043 2514 altaris
1061 2478 1115 2513 mi-

365 2526 502 2561 nisteriis
545 2528 754 2564 removendos
793 2528 994 2563 decernimus
1008 2555 1016 2568 ,
1052 2528 1114 2562 nisi

401 2591 440 2626 (t)
456 2592 495 2618 Ex
512 2592 575 2618 Cod.
597 2600 646 2619 ms.
673 2593 795 2620 Biblioth.
822 2593 962 2621 Patavinae
977 2592 1003 2619 in
1013 2592 1112 2620 Concil.

365 2630 429 2658 edit.
451 2635 515 2658 tom.
534 2639 583 2664 xii,
601 2632 649 2658 col.
671 2633 733 2659 7117.

1134 1023 1179 1120 ¹·
1260 1066 1337 1121 „qu

1179 1149 1185 1155 .
1283 1130 1371 1156 ..ὖ

1192 1199 1196 1204 .
1317 1200 1322 1205 .
1373 1179 1391 1196 ὃ

1104 1396 1112 1412 ,
1173 1396 1233 1401 ..

1203 1882 1226 1936 Ι.
1345 1910 1363 1928 ἰ)

947 259 1136 284 BULLARiUM
1163 258 1326 283 ROMANUM

1159 322 1211 348 aut
1232 314 1262 348 in
1280 313 1453 359 coenobiis,
1475 321 1528 348 aut
1550 313 1581 349 in
1597 313 1741 349 canoniis
1761 313 1906 360 religiose

1160 363 1292 410 probati,
1320 363 1435 398 fuerint
1456 365 1642 398 conversati.
1669 364 1799 410 Absque
1815 376 1908 410 prae-

1159 413 1273 447 iudicio
1300 420 1403 447 tamen
1438 412 1646 458 capitulorum
1683 414 1832 452 istorum,
1876 413 1904 447 ei

1157 462 1210 508 qui
1234 462 1446 508 praebendas,
1465 469 1519 496 aut
1541 462 1599 508 ipsi
1621 469 1693 496 ante
1712 462 1792 496 lianc
1813 461 1906 496 Sedis

1157 511 1358 558 Apostolicae
1381 510 1632 546 interdictionem
1666 519 1821 556 emerunt,
1852 519 1906 546 aut

1157 568 1257 594 emtas
1283 572 1316 595 se
1339 559 1553 595 nescientibus
1588 559 1809 607 possiderunt,
1845 559 1905 595 lia-

1156 609 1274 643 hcndas
1292 622 1344 644 eas
1379 610 1601 655 permittimus,
1635 610 1660 644 si
1692 621 1800 643 eorum
1829 621 1905 656 per-

1157 671 1251 693 sonae
1273 666 1327 693 tuo
1349 659 1498 693 arbitratu
1522 659 1603 693 visae
1632 658 1747 693 fuerint
1775 670 1905 705 prome-

1158 709 1233 749 reri;
1261 709 1306 743 eis
1333 717 1456 748 autem,
1484 708 1539 754 qui
1575 707 1667 742 tidem
1697 707 1905 753 possessionis

1157 770 1231 792 suae
1253 758 1371 792 irritam
1396 758 1554 801 facientes,
1575 765 1643 803 post
1660 756 1904 792 subdiaconatus

1157 807 1369 853 acceptionem
1410 819 1517 841 vicare
1550 805 1702 841 uxoribus
1736 818 1905 852 praesum-

1158 857 1286 901 pseiint,
1313 864 1344 890 et
1366 856 1502 890 officium
1525 863 1555 890 et
1576 855 1759 902 coniugium
1781 856 1904 902 penitus

1157 905 1391 947 interdicimus;
1430 905 1560 952 eisque,
1594 906 1743 952 quoniam
1779 905 1902 951 seipsos

1156 955 1360 1000 apostatando
1391 954 1630 997 destiuxerunt,
1653 961 1683 988 et
1709 953 1902 1000 voluptatem

1156 1005 1297 1049 corporis
1312 1003 1448 1038 Domino
1471 1003 1696 1050 praetulerunt.
1718 1003 1804 1037 omni
1824 1003 1903 1038 vitae

1155 1063 1230 1087 snae
1252 1061 1313 1087 tem
1340 1065 1393 1087 ore
1427 1060 1481 1087 aut
1513 1052 1545 1086 in
1578 1051 1760 1092 coenobiis,
1788 1060 1842 1086 aut
1869 1052 1902 1087 in

1156 1112 1296 1136 canoniis
1319 1101 1517 1136 reoutaribus
1544 1101 1768 1146 poenitentiam
1790 1101 1903 1136 decer·-

1156 1162 1261 1185 nimiis
1282 1150 1519 1185 ιιιιιιιισθιιάιιιιι.
1546 1150 1805 1196 presbyterorum
1830 1162 1902 1186 vero

1156 1198 1248 1240 filios,
1270 1212 1324 1246 qni
1346 1199 1523 1234 secundum
1541 1199 1698 1246 praecepti
1717 1199 1814 1234 nostri
1829 1211 1904 1234 con-

1155 1247 1306 1283 ditionem
1335 1257 1388 1284 aut
1410 1250 1440 1283 in
1467 1248 1628 1283 coenobiis
1660 1255 1713 1283 aut
1738 1248 1770 1282 iu
1803 1260 1903 1283 cano-

1157 1309 1214 1331 niis
1241 1298 1386 1333 relioiose
1413 1297 1534 1345 probati
1562 1297 1676 1332 fuerint
1705 1297 1902 1342 conversati,

1155 1359 1207 1393 qui
1233 1355 1354 1393 patruni
1383 1356 1509 1394 peccata
1535 1359 1606 1382 cum
1635 1346 1750 1381 saeculi
1774 1358 1903 1393 posses-

1155 1396 1297 1431 sionibus
1333 1396 1536 1436 abdicarunt,
1582 1408 1637 1442 pro
1671 1395 1832 1441 religionis
1866 1407 1902 1430 ac

1155 1453 1304 1480 scientiae
1339 1445 1552 1492 praerogativa
1590 1444 1762 1492 apostolico
1788 1444 1903 1480 mode-

1156 1505 1274 1529 ramine
1296 1494 1475 1529 tolerandos
1496 1494 1654 1531 ducimus,
1683 1503 1712 1528 et
1733 1493 1770 1527 ad
1793 1505 1900 1528 sacros

1154 1543 1292 1587 ordines,
1314 1551 1344 1578 et
1365 1544 1402 1578 ad
1425 1544 1561 1578 honores
1583 1542 1813 1578 ecclesiasticos
1835 1554 1903 1590 per-

1154 1600 1307 1628 mittimus
1330 1592 1561 1641 provehendos.

1452 1675 1525 1699 CAP.
1558 1675 1603 1698 IV.

1202 1734 1301 1769 Porro
1323 1734 1361 1769 de
1384 1735 1518 1775 clericis,
1541 1734 1594 1782 qui
1616 1733 1655 1769 ab
1681 1734 1903 1770 excommuni-

1154 1791 1232 1818 catis
1268 1784 1426 1831 episcopis
1464 1792 1539 1818 sunt
1572 1783 1727 1824 ordinati,
1767 1784 1903 1818 necdum

1154 1833 1280 1879 quidem
1294 1834 1480 1868 sententiam
1499 1833 1637 1874 fiximus,
1661 1832 1733 1879 quia
1748 1832 1903 1879 generalis

1156 1882 1226 1916 mali
1249 1883 1428 1917 contaoium
1456 1882 1612 1928 generalis
1630 1881 1739 1928 synodi
1761 1888 1809 1915 est
1829 1893 1904 1916 cau-

1156 1938 1231 1965 terio
1254 1931 1515 1966 comburendum.
1548 1930 1634 1965 Tuae
1655 1938 1759 1965 tamen
1781 1929 1903 1964 frater-

1155 1980 1241 2014 nitati
1272 1980 1332 2014 hoc
1358 1979 1589 2027 respondemus
1615 1979 1653 2014 ad
1680 1990 1842 2026 praesens,
1867 1986 1903 2013 ut

1155 2032 1193 2068 ab
1214 2033 1507 2077 excommunicatis,
1539 2032 1699 2079 quondam
1722 2040 1825 2067 tamen
1848 2043 1904 2067 ca-

1155 2086 1282 2121 tholicis
1303 2087 1460 2133 episcopis
1475 2086 1645 2128 ordinatos,
1667 2085 1824 2134 siquidem
1838 2098 1903 2121 non

1155 2140 1325 2174 simoniace
1352 2140 1436 2186 ipsos
1457 2139 1584 2174 ordines
1605 2145 1806 2186 acceperunt,
1834 2138 1904 2173 etsi

1155 2194 1323 2241 episcopos
1362 2194 1438 2228 istos
1474 2206 1537 2228 non
1579 2193 1769 2228 simoniacos
1807 2192 1905 2227 fuisse

1155 2248 1346 2288 constiterit,
1367 2255 1398 2282 et
1422 2247 1526 2282 adhuc
1547 2247 1571 2281 si
1594 2258 1705 2281 eorum
1727 2245 1904 2292 religiosior

1156 2301 1228 2340 vita,
1255 2308 1285 2335 et
1306 2300 1465 2335 doctrinae
1488 2300 1701 2347 praerogativa
1725 2299 1789 2334 visa
1810 2298 1905 2334 fuerit

1157 2353 1341 2400 promereri,
1367 2361 1398 2388 et
1433 2353 1626 2400 poenitentia
1659 2352 1788 2391 indicta,
1810 2364 1905 2399 quain

1156 2419 1329 2453 congruam
1356 2407 1495 2447 duxeris,
1522 2406 1554 2440 in
1589 2406 1676 2453 ipsis,
1703 2417 1784 2452 quos
1813 2417 1905 2440 acce-

1157 2467 1282 2507 perunt,
1310 2459 1477 2494 ordinibus
1503 2470 1630 2494 manere
1652 2458 1824 2505 permittas.
1855 2458 1906 2493 Ad

1156 2513 1336 2560 superiores
1369 2520 1472 2548 autem
1498 2512 1669 2547 ascendere
1696 2523 1760 2546 non
1787 2523 1905 2547 conce-

1156 2565 1279 2610 dimus,
1300 2566 1361 2600 nisi
1384 2565 1553 2600 necessitas
1568 2564 1615 2598 vel
1630 2564 1748 2599 utilitas
1769 2565 1905 2600 maxima

1157 2617 1339 2664 flagitaverit
1362 2618 1534 2654 Ecclesiae.
1568 2617 1638 2652 Hoc
1670 2625 1773 2652 tamen
1796 2618 1903 2666 ipsum

1928 280 1978 309 An.
1997 281 2026 310 C.
2042 281 2110 311 1099

1933 335 2050 356 ministerio
2073 343 2105 358 re-

1927 362 2023 382 movendi
2036 369 2041 386 ;
2071 363 2112 384 nini

1927 389 1985 413 prius
1999 389 2020 409 in
2035 394 2112 410 eueno-

1927 415 1967 434 tiiis
1978 421 2024 436 sese
2034 416 2111 442 proba-

1928 442 2000 462 verint.

1950 1755 2000 1776 Cum
2009 1755 2113 1777 ordinatis

1928 1782 1955 1802 ab
1965 1782 2078 1803 haereticis
2091 1788 2112 1803 e-

1928 1809 2026 1835 piscopis
2034 1814 2074 1829 non
2083 1811 2112 1830 ta·

1927 1841 1974 1856 men
1990 1834 2111 1856 simoniacis

1928 1861 2018 1887 benignu
2052 1863 2112 1883 uten-

1929 1888 1984 1909 dum.

2164 2788 2170 2810 τ

2163 2812 2169 2858 ’,ἔ
