2180 3205
440 212 509 245 476

389 275 579 310 stabilimus.
626 273 658 308 Si
693 272 766 319 quis
800 283 875 318 ergo
907 272 1136 316 ecclesiastica,

389 324 596 360 saecularisve
625 334 756 369 persona
778 321 860 356 hanc
886 321 1056 368 supradicti
1082 333 1138 356 co-

390 374 473 409 mitis
496 373 691 414 missionem,
717 378 748 405 et
767 378 904 405 nostram
928 378 1020 417 atque
1044 370 1137 404 totius

388 421 513 457 concilii
529 420 801 456 confirmationem
817 431 980 460 evacuare,
996 427 1049 454 aut
1064 431 1138 466 per-

388 478 509 506 vertere
532 469 791 516 praesumpserit,
818 480 984 515 usquequo
1011 468 1137 502 satisfa-

388 520 469 563 ciat,
512 518 836 554 excommunicationi
882 518 1138 564 anathematique

388 568 539 603 subdatur
560 575 591 603 et
612 568 742 602 honoris
764 575 858 614 atque
879 567 971 602 officii
995 567 1042 601 sui
1064 579 1138 601 eva-

388 618 534 652 cuatione
562 617 727 664 plectatur.

177 671 362 723 afffflffifblgggffl
436 666 514 701 Post
526 666 604 701 haec
613 666 738 701 divinae
751 665 919 700 voluntatis
932 664 1138 712 dispositione

177 725 279 771 &2:¹³⁰
295 730 362 744 wm-
388 724 492 751 actum
521 723 579 755 est,
602 723 635 750 ut
662 715 744 762 apud
766 714 802 749 B.
831 714 953 760 AEgidii
977 722 1139 748 monaste-

178 758 213 778 μ’
238 768 241 774 ’
389 766 471 800 rium
507 764 654 800 basilicae
682 776 781 799 novae
815 776 899 798 aram
929 763 1137 809 omnipotenti

387 813 456 849 Deo
482 814 599 849 nostris
628 813 775 848 manibus
802 812 991 847 dicaremus.
1023 811 1138 846 Sanxi-

389 863 578 910 musigitur,
600 872 630 897 et
645 863 817 906 sancimus,
840 861 922 896 etad
940 869 1137 908 posterorum

389 913 572 948 memoriam
608 912 706 946 literis
740 911 961 957 designamus,
996 921 1034 944 ne
1068 910 1139 955 quis

390 962 522 996 ulterius
544 961 800 1007 archiepiscopus
821 968 874 994 aut
900 959 1068 1005 episcopus
1089 957 1140 992 ad-

389 1023 498 1045 versus
519 1009 660 1044 eamdem
680 1009 854 1043 Ecclesiam
874 1007 987 1042 audeat
1009 1019 1140 1041 excom-

389 1059 613 1094 municationis
645 1066 698 1092 aut
737 1057 966 1091 interdictionis
1002 1055 1139 1102 proferre

389 1108 595 1147 sententiam;
631 1106 779 1153 quatinus
807 1105 888 1139 idem
912 1104 1138 1139 monasterium

177 225 226 250 An.
247 222 361 250 C.1096

203 330 256 350 Lato
274 328 362 349 anathe-

177 359 232 378 mate
247 358 319 376 contra
332 360 361 375 in·

177 383 320 404 observantes.

181 1146 363 1194 aisiii¹r¹,⁸‘E⁴'⁰b'
389 1169 426 1191 ex
455 1157 554 1204 ipsius
587 1155 622 1190 B.
658 1155 780 1201 AEgidii
814 1154 981 1189 traditione
1012 1162 1138 1188 sanctae

389 1205 551 1240 Romanae
577 1204 740 1239 Ecclesiae
775 1204 834 1238 iuri
871 1202 998 1250 proprio
1025 1202 1140 1237 subdi-

388 1263 474 1295 tum,
506 1254 669 1288 Romanae
702 1265 829 1299 semper
863 1252 1014 1286 libertatis
1041 1251 1138 1297 gratia

207 1306 287 1327 3⁰¹¹¹³⁹
308 1306 363 1326 ⁰¹³⁰·
388 1303 579 1352 perfruatur.
612 1303 646 1338 Si
674 1303 746 1349 quis
767 1310 884 1345 autem,
906 1301 1022 1335 decreti
1047 1301 1140 1335 huius

181 1334 246 1353 sulae.

388 1361 498 1388 tenore
527 1352 665 1399 cognito,
681 1351 804 1386 obviam
832 1350 937 1385 venire
963 1350 1138 1389 tentaverit,

388 1401 519 1436 honoris
547 1410 578 1436 et
603 1401 695 1436 oflicii
723 1401 771 1435 sui
799 1400 1023 1434 detrimentum
1048 1399 1141 1445 patia-

389 1459 458 1492 tur,
481 1459 574 1497 atque
595 1462 612 1485 a
634 1449 844 1484 sacratissimo
866 1460 998 1495 corpore
1019 1460 1055 1482 ac
1072 1460 1141 1482 san-

388 1501 485 1546 guine
509 1500 564 1534 Dei
588 1511 624 1534 ac
645 1499 772 1533 Domini
799 1497 1020 1544 Redemptoris
1042 1496 1139 1531 nostri

390 1548 462 1584 Iesu
477 1548 593 1583 Christi
616 1548 736 1582 alienus
753 1548 815 1587 fiat,
831 1555 924 1593 atque
947 1546 977 1580 in
1001 1554 1140 1580 extremo

390 1598 538 1632 examine
552 1597 710 1631 districtae
725 1596 834 1630 ultioni
855 1595 1023 1629 subiaceat.
1051 1594 1141 1629 Cun-

389 1647 449 1681 ctis
476 1655 579 1681 autem
602 1646 703 1680 cidem
733 1646 801 1679 loco
834 1645 912 1678 iusta
944 1644 1141 1681 servantibus

389 1708 450 1743 pax
473 1704 502 1730 et
518 1694 732 1730 misericordia
749 1706 764 1728 a
786 1694 853 1728 Deo
871 1701 901 1728 et
924 1693 1015 1726 Patro
1035 1700 1141 1727 nostro

389 1753 418 1779 et
440 1745 578 1780 Domino
606 1743 677 1778 lesu
700 1743 826 1777 Christo
863 1742 1083 1789 praesentibus
1105 1754 1141 1776 ac

388 1793 502 1828 futuris
514 1792 649 1828 saeculis
663 1800 878 1827 conservetur.
903 1792 1017 1835 Amen,
1037 1803 1139 1825 amen.

438 1843 553 1881 Datum
578 1854 632 1888 per
654 1854 783 1876 manum
807 1840 957 1875 lohannis
984 1839 1018 1874 S.
1038 1840 1078 1874 R.
1103 1840 1138 1874 E.

389 1891 513 1927 diaconi
536 1891 706 1926 cardinalis
728 1903 763 1925 ac
786 1889 1032 1930 bibliothecarii,
1058 1889 1141 1935 apud

388 1941 586 1976 Avenionem
622 1940 653 1974 in
690 1939 881 1974 monasterio
926 1938 959 1972 S.
988 1937 1142 1978 Andr-eze,

388 2003 425 2025 xi
447 1989 597 2024 kalendas
624 1989 762 2035 augusti,
781 1988 954 2022 indictione
976 1999 1022 2031 1v,
1046 1987 1145 2021 iucar-

388 2039 524 2074 nationis
562 2038 740 2073 dominicae
777 2049 901 2080 mxcvi,
943 2036 1144 2083 pontificatus

389 2096 491 2124 autem
520 2087 639 2122 domini
661 2086 778 2122 Urbani
801 2086 828 2120 ΙΙ
857 2085 978 2132 Papae,
1005 2098 1049 2118 ix.

462 2144 524 2174 Dat.
546 2144 593 2174 die
615 2144 652 2174 ⁶2⁶2
672 2144 735 2173 iulii
755 2152 830 2173 anno
849 2142 965 2172 Domini
988 2142 1074 2179 1096,

640 2183 742 2224 pontif.
764 2192 840 2213 anno
859 2191 896 2213 lx.

735 2266 805 2301 XL.

392 2327 592 2374 Confirmatio
628 2327 804 2360 ‘libertatum
843 2324 980 2358 omnium
1016 2323 1146 2356 Cluuia-

438 2378 519 2409 censi
536 2376 721 2410 monasterio
743 2387 762 2409 a
781 2375 918 2408 Summis
941 2372 1145 2417 Pontificibus

439 2437 664 2465 concessorum,
691 2426 800 2468 quibus
827 2423 978 2456 nonnulla
1000 2423 1066 2455 alia
1084 2421 1145 2464 pri-

439 2475 552 2518 vileqia
573 2475 771 2519 exemptionis
795 2474 1010 2515 adi‘unyunttir
1034 2471 1096 2512 (fl).

427 2530 466 2564 (1)
483 2531 521 2556 Ex
538 2530 656 2557 Chartul.
675 2530 762 2556 Sancti
781 2528 887 2555 Dionisii
903 2528 936 2553 de
952 2528 1072 2560 Nogento
1088 2525 1144 2551 Ro-

392 2565 560 2628 tczqdi53dddit
584 2566 714 2592 Martinus
739 2564 848 2592 Marrier
870 2562 989 2590 biblioth.
1016 2561 1144 2593 Cluniae,

978 218 1166 240 BULLARIUM
1190 218 1353 240 ROMANUM

1442 271 1656 303 SUMMARIUM

1178 335 1534 366 Exordium—Cluniae.
1555 339 1724 369 monasterii
1743 338 1931 377 dignitas.—

1217 380 1404 411 Confirmatio
1435 381 1603 411 libertatum
1636 387 1665 411 et
1691 383 1929 421 privilegiorum:

1216 442 1256 448 —
1280 424 1349 455 Item
1378 434 1476 454 rerum
1510 425 1640 455 omnium
1658 426 1841 463 donatarum,
1866 434 1931 465 per-

1218 470 1406 498 tinentiarum
1429 473 1498 506 etc.,
1524 474 1552 499 et
1575 478 1695 506 eorum,
1717 479 1792 509 quae
1815 469 1930 509 acquiri

1218 514 1247 543 in
1270 519 1417 552 posterum
1449 513 1613 551 contigerit;
1640 530 1680 536 —
1706 513 1800 553 Atque
1830 522 1928 543 exem-

1218 558 1324 597 ptionis
1341 567 1354 586 a
1374 557 1617 587 subordinatione
1636 558 1798 597 episcopali
1817 558 1847 587 in
1858 558 1932 587 alta-

1217 603 1293 632 rium
1314 603 1358 632 vel
1382 602 1575 632 ecclesiarum
1593 602 1865 638 consecratione,in
1883 610 1931 630 or-

1218 647 1418 676 dinationibus
1432 647 1653 682 monachorum,
1664 650 1692 675 et
1707 646 1736 675 in
1752 646 1845 675 sacris
1865 655 1932 684 per-

1218 691 1430 728 agendis:—A
1442 690 1550 729 quibus
1568 689 1723 728 suspendi,
1745 689 1789 718 vel
1813 698 1930 719 excom-

1218 735 1363 764 municari
1386 734 1522 764 monachi
1552 734 1596 763 vel
1620 734 1833 763 monasterium
1866 743 1929 764 om-

1218 779 1288 808 nino
1301 788 1358 808 non
1372 787 1456 818 posse
1470 778 1647 808 decernitur.
1657 777 1817 807 —Poenae
1830 782 1930 808 contra

1217 822 1420 852 inobedientes
1450 822 1518 851 huic
1541 822 1666 851 decreto.
1695 838 1735 843 —
1764 821 1931 861 Presbyteri

1219 867 1304 897 electi
1320 867 1355 896 ad
1375 875 1461 896 curas
1477 867 1643 896 animarum
1662 866 1697 896 ab
1715 867 1862 906 episcopis
1879 875 1929 896 ac-

1218 911 1314 950 cipere
1334 911 1460 941 debeant
1479 911 1642 941 facultates.
1667 927 1707 933 —-
1724 910 1779 946 Qui
1799 911 1823 940 si
1842 911 1934 941 dene-

1219 955 1359 993 gaverint,
1382 965 1396 984 a
1419 955 1494 985 Sede
1510 956 1610 994 Apost.
1629 955 1796 985 obtineant:
1815 972 1854 977 —
1870 955 1934 984 Eis-

1219 1000 1284 1028 dem
1304 1008 1420 1038 quoque
1444 1003 1610 1028 reservatur
1631 999 1768 1028 altarium
1787 1003 1816 1028 et
1838 999 1934 1029 eccle-

1219 1044 1329 1072 siarum
1345 1043 1528 1072 consecratio
1542 1043 1632 1080 gratis
1646 1047 1742 1072 tamen
1756 1044 1931 1082 peragenda.

1218 1104 1258 1109 —
1288 1087 1320 1116 Ei
1343 1087 1469 1116 subiecti
1499 1087 1583 1116 datur
1614 1086 1737 1115 facultas
1768 1086 1931 1125 recipiendi

1219 1140 1436 1170 quemcumque
1455 1131 1490 1159 ad
1509 1139 1541 1159 ea
1561 1129 1790 1167 confugientem,
1812 1130 1930 1158 etiamsi

1219 1178 1402 1205 anathemate
1429 1175 1468 1203 sit
1486 1174 1649 1212 obligatus,
1677 1173 1720 1202 vel
1749 1173 1932 1209 monachus,

1220 1219 1264 1248 vel
1287 1219 1374 1248 etiam
1402 1218 1528 1247 clericus
1561 1217 1716 1255 regularis.
1743 1234 1783 1239 —
1810 1216 1933 1246 Abbatis

1220 1263 1324 1293 electio
1344 1263 1497 1292 monachis
1513 1262 1702 1297 conceditur,
1722 1260 1874 1299 electoque
1890 1260 1933 1290 fa-

1220 1308 1314 1337 cultas
1328 1305 1833 1345 datursuscipiendiordinationem
1845 1314 1860 1334 a
1876 1314 1934 1343 quo

1220 1351 1518 1390 malueritepiscopo.
1532 1368 1571 1372 —
1585 1350 1738 1379 Decretum
1760 1357 1812 1388 pro
1836 1349 1934 1388 quiete

1221 1400 1355 1433 monast.,
1386 1396 1591 1434 bonorumque
1623 1395 1658 1424 ad
1678 1393 1751 1423 illud
1780 1393 1933 1432 pertinen-

1220 1442 1301 1471 tium.
1320 1456 1359 1462 —-·
1376 1439 1483 1469 Solitae
1502 1438 1661 1468 clausulae.

1180 1503 1301 1531 urbanus
1320 1502 1459 1537 episcopus
1476 1507 1570 1528 servus
1588 1506 1727 1528 servorum
1745 1498 1800 1531 Dei.
1821 1504 1932 1527 venera·

1224 1547 1273 1574 bili
1289 1546 1372 1574 fratri
1392 1545 1493 1581 Hugoni
1513 1544 1682 1573 Cluniaoensi
1703 1543 1805 1576 abbati.
1823 1543 1933 1579 eiusque

1225 1590 1424 1619 successoribus
1455 1589 1621 1625 regulariter
1656 1588 1871 1622 substituendis,
1906 1588 1935 1615 in

1225 1637 1394 1672 perpetuum.

1230 1697 1311 1732 Cum
1334 1695 1475 1730 omnium
1505 1695 1646 1730 fidelium
1674 1693 1880 1741 petitionibus
1901 1701 1933 1728 et

1183 1746 1421 1782 necessitatibus
1447 1745 1616 1779 subvenire
1642 1743 1754 1778 debeat
1776 1742 1935 1790 apostoli-

1183 1808 1237 1831 cae
1259 1796 1420 1830 charitatis
1442 1794 1552 1841 gratia,
1575 1793 1673 1827 multo
1695 1793 1798 1839 magis
1820 1793 1869 1827 his
1887 1801 1935 1827 est

1184 1844 1389 1892 impertienda
1410 1844 1476 1878 eins
1490 1842 1634 1877 beneficii
1657 1842 1834 1883 clementia,
1854 1854 1935 1888 quos

1183 1894 1384 1940 singulariter
1411 1893 1493 1927 filios
1519 1905 1552 1927 se
1578 1890 1695 1938 gaudet
1723 1891 1838 1925 hahere
1867 1890 1934 1925 Ro-

1184 1955 1274 1977 mana
1291 1951 1389 1977 mater
1400 1942 1552 1976 Ecclesia.
1576 1941 1659 1974 luter
1674 1952 1766 1986 quos,
1781 1940 1933 1987 quoniam

1184 1991 1404 2027 Cluniacensis
1419 1990 1619 2037 congregatio
1641 1988 1747 2024 divino
1768 1989 1934 2024 carismate

1184 2042 1314 2076 caeteris
1336 2040 1465 2080 imbuta,
1481 2040 1610 2086 plenius
1626 2045 1659 2071 ut
1679 2037 1756 2073 alter
1768 2038 1815 2073 sol
1836 2038 1934 2073 enitet

1186 2092 1215 2124 in
1239 2090 1345 2134 terris,
1372 2090 1449 2124 adeo
1477 2098 1509 2123 ut
1543 2088 1592 2122 his
1627 2099 1712 2121 nunc
1739 2087 1935 2133 temporibus

1186 2140 1243 2186 ipsi
1279 2140 1382 2186 potius
1412 2138 1596 2178 conveniat,
1632 2136 1716 2183 quod
1744 2149 1761 2171 a
1794 2136 1934 2171 Domino

1185 2189 1303 2223 dictum
1331 2196 1400 2223 est:
1432 2187 1496 2222 Vos
1522 2187 1596 2221 estis
1618 2185 1671 2220 lux
1693 2185 1803 2220 mundi
1819 2189 1878 2229 (a);
1895 2196 1933 2220 eo

1185 2238 1304 2284 magis,
1332 2250 1350 2272 o
1375 2236 1536 2272 carissime
1558 2236 1650 2270 frater
1676 2234 1759 2281 Ugo,
1786 2233 1934 2269 sublimi-

1187 2288 1257 2321 tatis
1279 2286 1467 2334 apostolicae
1500 2285 1668 2320 auctoritas
1696 2284 1819 2330 cogitur
1840 2294 1935 2331 prae-

1186 2336 1259 2371 bere
1280 2336 1393 2371 vestris
1420 2334 1626 2382 petitionibus
1653 2344 1834 2372 assensum;
1862 2343 1934 2366 cum

1186 2386 1277 2420 etiam
1294 2398 1349 2433 pro
1371 2384 1576 2420 sanctimonia
1599 2384 1678 2417 vitae
1699 2381 1863 2417 desideriis
1877 2392 1934 2415 ve-

1186 2435 1258 2469 stris
1286 2447 1394 2482 parere
1428 2434 1571 2468 novimus
1594 2440 1753 2466 auctorem
1775 2430 1930 2465 omnium.

1186 2483 1362 2530 Eapropter
1398 2482 1549 2530 quicquid
1581 2480 1748 2524 libertatis,
1783 2477 1936 2526 quicquid

1187 2532 1338 2574 tuitionis,
1359 2532 1508 2579 quicquid
1531 2529 1722 2566 auctoritatis
1750 2528 1936 2577 praedeces-

1223 2594 1261 2630 (a)
1279 2595 1350 2621 Ioan.
1368 2601 1428 2627 vin,
1448 2593 1488 2620 12.

1949 212 1998 239 An.
2018 212 2047 240 C.
2063 213 2129 242 1096

1982 1662 2103 1684 Exordium.

1985 1912 2076 1934 Cluniae.
2099 1917 2141 1933 rno-

1957 1942 2005 1961 nast
2016 1939 2116 1966 dignitas.

2007 2449 2138 2472 confirmita
2167 2437 2169 2442 Α

1965 2477 2084 2498 libertatum
2111 2477 2132 2497 ol

1957 2504 2126 2530 priviiegiorum:
