2180 3205
149 260 198 286 An.
219 258 247 286 C.
266 258 334 286 1133

265 899 334 920 oriem

148 927 267 952 spectantia
286 933 334 947 con—

148 953 261 974 firmantur.

175 900 233 920 Bona

410 232 480 265 594

358 297 418 332 loci
447 297 609 330 Pastorem
638 296 817 334 eonstitutt,
839 303 869 329 et
885 293 921 329 ad
938 295 1113 341 gubernan-

359 346 435 380 dum
469 354 499 380 et
527 345 746 379 instruendum
780 343 941 378 doctrinae
973 352 1004 379 et
1033 345 1112 379 vitae

356 394 501 441 exemplo
524 394 677 440 populum
706 405 797 428 suum
827 393 1030 428 miseratione
1063 393 1112 427 di-

357 444 425 477 vina
450 444 579 477 vocavit.
607 442 734 484 Quanto
765 454 838 488 ergo
870 442 931 477 vita
962 450 1013 477 tua
1037 443 1112 477 reli-

354 493 473 537 giosior
487 499 535 526 est
549 500 578 526 et
594 491 729 536 praefata
742 491 945 527 pistoriensis
956 491 1111 535 Ecclesia,

354 542 419 581 cui,
442 549 569 575 auctore
590 540 671 583 Deo,
701 540 871 587 praesides,
894 542 999 575 extitit
1021 541 1112 576 beato

356 589 450 624 Petro
472 590 636 630 devotior,
664 598 748 624 tanto
784 602 821 624 ex
857 591 1001 625 iniuncto
1028 602 1112 637 apo-

354 639 486 674 stolatus
513 639 615 674 officio
641 640 741 686 magis
764 647 850 685 grate
872 639 965 673 nobis
987 640 1112 674 incum-

354 688 399 723 bit
429 689 613 727 necessitas,
638 696 670 723 nt
693 689 965 735 praenominatam
994 688 1111 723 Eccle-

354 738 445 777 siam,
474 737 528 772 tibi
549 751 564 772 a
589 737 655 772 Deo
677 738 893 781 commissam,
925 738 1111 772 auctoritate

355 787 525 834 apostolica
570 787 742 834 privilegiis
779 787 958 821 muniamus
993 793 1022 821 et
1064 788 1112 821 ins

355 848 450 870 suum
470 836 587 870 illibate
609 844 639 870 et
662 836 781 882 integre
803 848 1038 870 conservemus.
1062 836 1110 870 Ad

355 886 516 932 exemplar
531 897 605 931 ergo
629 885 907 932 praedecessorum
933 892 1110 919 nostrornm

356 934 457 969 felicis
481 935 651 969 memoriae
666 934 785 968 Urbani
804 942 835 968 et
856 933 1030 977 paschalis,
1046 933 1112 968 Ro-

356 996 522 1018 manorum
546 983 736 1018 Pontificum
752 1011 761 1027 ,
790 983 946 1030 praesenti
984 982 1112 1017 decreto

355 1033 534 1072 statuimus,
571 1040 603 1081 nt
626 1044 847 1079 quaecumque
871 1032 1112 1077 impraesentia-

355 1095 426 1116 rum
461 1082 571 1117 eadem
607 1081 748 1115 Ecclesia
791 1083 872 1116 iuste
909 1089 939 1115 et.
973 1081 1112 1126 legitime

358 1131 510 1178 possidet,
530 1139 582 1165 aut
599 1131 628 1164 in
647 1130 790 1165 futurum
805 1130 1012 1166 concessione
1026 1130 1112 1164 Pon-

320 1214 326 1215 6
355 1181 498 1224 tilicum,
529 1180 668 1226 largitate
697 1192 803 1225 regum
839 1179 884 1214 vel
914 1179 1112 1226 principum,

355 1229 514 1264 oblatione
539 1229 690 1272 fidelium,
716 1241 773 1263 seu
792 1228 860 1263 aliis
883 1228 973 1262 iustis
996 1228 1112 1268 modis,

358 1286 539 1325 praestante
560 1278 711 1321 Domino,
735 1278 848 1324 poterit
863 1277 1008 1323 adipisci,
1024 1277 1111 1311 firma

356 1327 410 1362 tibi
435 1329 563 1374 tuisque
582 1327 831 1367 successoribus,
851 1335 881 1361 et
904 1326 1019 1361 illibata
1035 1339 1113 1373 per-

357 1385 517 1411 maneant.
547 1377 724 1411 Statuimus
759 1377 870 1419 etiam,
900 1383 931 1409 ut
958 1375 1113 1410 dioecesis

355 1425 563 1461 Pistoriensis
579 1427 792 1472 episcopatus,
810 1425 889 1459 sicut
906 1425 973 1459 eius
989 1425 1111 1459 termini

357 1475 591 1521 praedictorum
621 1475 902 1522 praedecessorum
934 1482 1111 1508 nostrornm

357 1524 530 1570 privilegiis
565 1524 703 1558 distincti
740 1531 825 1567 sunt,
860 1524 904 1558 sic
934 1524 963 1557 in
991 1523 1056 1557 inre
1084 1531 1113 1557 et

356 1574 539 1608 conditione
568 1573 771 1607 Pistoriensis
798 1573 938 1619 episcopi
963 1572 1031 1606 sine
1058 1572 1114 1606 ali-

357 1623 448 1656 cuius
481 1622 641 1661 molestia,
670 1622 715 1656 vel
750 1622 971 1668 inquietudine
1006 1634 1114 1668 perse-

358 1680 460 1706 veret:
489 1684 543 1717 per
566 1684 646 1717 qnos
674 1671 823 1705 nimirum
857 1671 1008 1705 terminos
1035 1670 1113 1704 sub—

356 1721 494 1767 scriptae
521 1721 661 1767 capellae
689 1729 719 1754 et
748 1720 899 1754 ecclesiae
926 1720 1115 1754 constitutae

358 1782 428 1804 esse
456 1777 642 1804 noscuntur.
670 1769 799 1815 Capella
823 1769 969 1803 videlicet
994 1768 1032 1802 de
1051 1768 1110 1803 Ca-

360 1820 458 1864 praia,
477 1831 546 1866 cap.
571 1818 734 1863 hospitalis
753 1818 792 1852 de
814 1818 950 1858 Rostria,
975 1817 1062 1864 plebs
1077 1818 1115 1852 de

358 1867 473 1908 Massa,
500 1867 621 1915 capella
644 1867 683 1901 de
705 1867 829 1909 Vincio,
852 1867 970 1913 capella
992 1867 1030 1900 de
1049 1866 1115 1901 Cn-

359 1917 507 1956 cuniano,
531 1917 650 1962 capella
667 1916 705 1950 de
721 1916 974 1956 Castello-Novo,
997 1916 1115 1962 capella

359 1965 469 2000 Sancti
498 1966 623 2000 Martini
650 1966 681 2000 in
717 1973 823 2000 monte
851 1964 952 2006 Culli,
980 1973 1049 2011 cap.
1077 1965 1115 1999 de

358 2014 551 2057 Varazzano,
578 2015 699 2060 capella
721 2014 760 2049 de
786 2014 916 2054 Vernie,
939 2026 1034 2059 snper
1055 2026 1116 2060 qua

359 2064 490 2111 praefati
533 2063 786 2111 praedecessoris
832 2064 929 2098 nostri
972 2062 1115 2102 Urbani,

359 2121 432 2160 post
454 2114 575 2148 tertiam
600 2121 630 2148 et
651 2121 794 2160 quartam
823 2112 1054 2147 discussionem
1070 2120 1117 2146 est

361 2162 481 2207 prolata
517 2163 692 2202 sententia,
728 2161 846 2208 capella
880 2161 1045 2208 hospitalis
1079 2161 1118 2195 de

360 2210 502 2252 Fanana,
538 2212 655 2258 capella
683 2212 766 2246 Prati
802 2211 965 2258 episcopi,
999 2210 1116 2257 capella

362 2259 400 2294 de
436 2261 549 2305 Rotie,
583 2260 703 2308 capella
734 2260 773 2294 de
805 2259 972 2304 Cerbaria,
1000 2259 1118 2306 capella

362 2309 480 2344 Montis
501 2309 607 2351 Acuti,
640 2309 759 2357 capella
782 2309 821 2343 de
842 2309 966 2347 Insula,
1000 2308 1118 2355 capella

934 240 1124 263 Amanum!
1150 239 1314 264 ROMANUM

1155 295 1229 337 filia,
1255 302 1325 341 post
1352 293 1407 328 diu
1435 303 1642 329 eninm-atam
1670 296 1904 344 attenteaplu-

1153 344 1241 378 ribus
1274 343 1432 378 indicibus
1461 355 1498 378 ac
1525 344 1713 390 iurisperitis
1733 346 1902 387 actionem,

1154 405 1209 440 per
1232 393 1382 428 indicium
1410 392 1574 437 Bernardi,
1597 401 1672 428 tune
1693 402 1820 429 sanctae
1834 394 1904 430 Ro-

1155 454 1264 477 manae
1286 442 1445 476 Ecclesiae
1467 441 1635 489 presbyteri
1664 443 1851 484 cardinalis,
1873 452 1905 479 et

1154 491 1212 526 iam
1231 491 1305 526 dicti
1322 491 1482 526 Pascbalis
1496 490 1599 537 Papae
1613 491 1729 528 vicarii,
1745 492 1776 526 in
1792 504 1905 527 manns

1153 540 1266 586 dignae
1301 541 1527 575 recordationis
1555 540 1734 586 lldeprandi
1769 541 1905 588 praede-

1153 590 1288 624 cessoris
1316 590 1358 624 tni
1373 598 1404 624 et
1427 589 1555 623 fratrum
1572 589 1651 628 eins,
1675 590 1816 625 restituta
1835 602 1905 625 esse

1153 642 1376 685 cognoscant(t
1385 642 1403 683 ).
1414 639 1514 673 Porro
1523 638 1754 673 dominationes
1762 639 1802 674 de
1812 639 1904 674 Mon-

1153 688 1316 728 te-Mnrlo,
1338 688 1376 722 de
1404 688 1509 729 Prat0,
1537 687 1575 722 de
1597 687 1631 722 S.
1654 687 1766 732 Paulo,
1788 688 1827 723 de
1845 687 1907 723 Co-

1153 737 1267 781 lonica,
1294 737 1334 771 de
1355 737 1608 783 Monte-Magno,
1641 737 1680 771 de
1701 735 1830 777 Casale‚
1865 738 1906 772 de

1153 785 1412 833 Camporeecbio,
1444 786 1482 820 de
1517 785 1602 820 Creti
1630 793 1660 820 et
1688 785 1727 820 de
1754 786 1904 832 Spanna-

1154 836 1288 876 receliio,
1316 847 1393 882 quas
1428 835 1467 870 de
1500 835 1650 869 laicorum
1679 835 1826 870 manibus
1850 848 1904 870 so-

1154 884 1239 918 lertia
1264 884 1412 931 praedicti
1437 884 1688 931 praedecessoris
1711 884 1753 918 tui
1773 885 1903 931 eripuit,

1154 933 1258 967 nullus
1279 933 1318 968 ab
1340 934 1552 968 ecclesiastico
1575 934 1642 967 iure
1665 933 1819 968 dictarum
1841 935 1906 968 usi-

1155 982 1211 1016 bus
1233 982 1367 1017 alienare
1386 990 1575 1029 praesumat.
1598 982 1631 1016 Id
1656 982 1759 1029 ipsum
1779 982 1819 1016 de
1833 995 1905 1017 eae-

1155 1032 1227 1066 teris
1254 1031 1395 1066 curtibus
1418 1031 1585 1077 praedictis
1611 1039 1641 1065 et
1673 1032 1906 1078 praecipimus,

1153 1093 1233 1127 quae
1256 1081 1349 1115 bodie
1368 1081 1398 1114 in
1422 1080 1563 1115 Ecclesia
1582 1080 1766 1115 Pistoriensi
1788 1093 1909 1127 posses-

1153 1130 1242 1164 sione
1267 1130 1451 1176 persistnnt,
1473 1129 1618 1164 videlicet
1640 1129 1678 1163 de
1704 1129 1850 1170 Lizzano,
1868 1130 1908 1164 de

1153 1179 1330 1222 Mamiauo,
1364 1179 1402 1213 de
1429 1178 1604 1217 Cavinana,
1632 1178 1670 1212 de
1705 1178 1840 1222 Batoni,
1866 1179 1905 1213 de

1153 1228 1349 1269 Saturnana,
1376 1227 1561 1267 Brandelio,
1591 1226 1762 1271 Grazzule,
1797 1227 1905 1267 Pistia,

1154 1277 1362 1315 Vinacciano,
1397 1277 1585 1320 Tobbiano,
1617 1276 1764 1317 Publica,
1799 1276 1909 1311 Silva—

1155 1326 1289 1366 Mortua,
1317 1325 1445 1366 Vinule,
1480 1325 1657 1364 Petanese,
1692 1324 1782 1360 Celle
1813 1333 1843 1360 et
1870 1325 1909 1360 de

1154 1375 1284 1410 Caetere
1311 1375 1370 1410 sita
1409 1376 1438 1409 in
1473 1375 1656 1422 episcopatu
1693 1373 1906 1418 Bononiensi,

1154 1437 1247 1471 quam
1266 1433 1434 1459 tenuerunt
1450 1424 1595 1458 homines
1614 1423 1652 1458 de
1667 1423 1754 1458 Valle
1765 1423 1909 1467 Publica,

1155 1481 1241 1508 curte
1263 1474 1302 1508 de
1325 1473 1490 1520 Spalliero.
1528 1473 1662 1519 Insuper
1684 1474 1910 1507 confirmamus

1156 1523 1242 1557 vobis
1266 1522 1389 1569 plebem
1419 1517 1457 1557 Ss
1478 1521 1637 1569 Hippolyti
1666 1521 1697 1555 in
1725 1520 1911 1568 Alpesple-

1156 1572 1224 1606 bem
1241 1572 1274 1606 S.
1291 1572 1464 1610 Laurentii,
1482 1570 1605 1617 plebem
1621 1570 1653 1604 in
1668 1570 1906 1611 Monte-Marto,

1156 1621 1281 1668 plebem
1309 1620 1348 1654 (16
1376 1620 1530 1664 Valliano,
1559 1619 1683 1666 plebem
1712 1619 1744 1654 S.
1768 1619 1907 1661 Quirici‚

1158 1670 1280 1715 plebem
1315 1669 1354 1704 de
1389 1669 1666 1716 Spannareccbio,
1707 1668 1832 1715 plebem
1870 1668 1910 1703 de

1155 1719 1343 1758 Saturnana,
1368 1719 1492 1765 plebem
1516 1717 1555 1752 de
1576 1718 1759 1760 Brandelio,
1787 1717 1909 1764 plebem

1156 1768 1195 1803 de
1216 1768 1390 1806 Cat‘inana,
1415 1767 1538 1814 plebem
1557 1766 1590 1801 S.
1610 1766 1764 1807 Marcelli,
1783 1766 1910 1813 plebem

1157 1817 1194 1851 (16
1217 1817 1363 1857 Lizzano,
1393 1817 1516 1863 plebem
1539 1815 1578 1850 de
1613 1815 1752 1863 Popilio,
1785 1815 1911 1862 plebem

1157 1867 1196 1901 de
1228 1866 1363 1905 Pitelio,
1398 1865 1521 1912 plebem
1550 1865 1589 1899 de
1611 1864 1756 1905 Farfaro,
1785 1864 1909 1911 plebem

1157 1916 1196 1950 de
1218 1915 1318 1959 Celle,
1341 1915 1465 1962 plebem
1489 1914 1527 1948 de
1550 1913 1697 1955 Calloria,
1726 1913 1850 1960 plebem
1872 1913 1911 1948 de

1156 1965 1344 2003 Yiraniano,
1370 1963 1492 2011 plebem
1521 1963 1560 1998 de
1581 1963 1702 2002 Massa,
1726 1962 1850 2009 plebem
1872 1962 1912 1997 de

1158 2013 1255 2053 Creti,
1285 2013 1408 2059 plebem
1437 2013 1474 2047 de
1497 2012 1759 2059 Camporecchio,
1788 2011 1912 2058 plebem

1158 2063 1197 2097 de
1226 2063 1353 2106 Limite,
1389 2061 1512 2108 plebem
1540 2061 1580 2096 de
1607 2061 1753 2102 Artimio,
1786 2060 1912 2107 plebem

1159 2112 1197 2145 de
1219 2111 1348 2156 Seiano,
1371 2110 1495 2158 plebem
1517 2110 1557 2145 de
1583 2110 1750 2152 Quarrata,
1785 2109 1907 2156 plebem

1159 2162 1198 2195 dc
1220 2161 1463 2205 Montemagno,
1496 2159 1620 2207 plebem
1654 2159 1692 2194 de
1725 2158 1910 2199 Tobbiano‚

1160 2210 1283 2257 plebem
1310 2209 1343 2244 S.
1373 2209 1479 2249 Pauli,
1514 2208 1637 2255 plebem
1661 2208 1695 2243 S.
1728 2207 1911 2255 Hippolyti,

1161 2259 1283 2305 plebem
1311 2258 1351 2293 de
1377 2258 1481 2302 Aiolo,
1509 2257 1634 2305 plebem
1667 2257 1702 2292 S.
1726 2257 1817 2301 Iusti,
1845 2256 1914 2303 ple-

1161 2309 1231 2343 bem
1262 2308 1300 2342 de
1334 2307 1501 2342 Colonica:
1530 2307 1562 2341 in
1597 2307 1691 2342 Prato
1725 2305 1849 2352 plebem
1878 2304 1913 2349 S.

1925 246 1974 272 An.
1996 245 2024 273 C.
2042 244 2110 274 1133

361 2357 492 2392 Domini
515 2359 685 2393 Salvatoris
714 2359 769 2393 sita
793 2359 824 2392 in
855 2358 968 2392 Prato:
997 2366 1117 2392 curtem

362 2407 470 2451 etiam,
493 2420 588 2454 quam
606 2415 718 2442 vocant
732 2407 857 2442 Pavana
881 2407 910 2441 in
936 2406 1117 2441 Pistoriensi

362 2457 526 2497 comitatu,
550 2469 620 2491 cum
642 2457 769 2491 castello
791 2456 952 2500 Sanbuce,
976 2456 1006 2489 in
1022 2456 1119 2490 curtis

362 2505 498 2539 confinia
518 2514 711 2547 constructo,
739 2506 841 2541 dictae
861 2505 1046 2540 pistoriensi
1062 2504 1120 2538 Ec-

362 2553 474 2588 clesiae
502 2555 743 2595 confirmamus,
783 2555 864 2590 sicut
892 2568 908 2589 a
932 2553 1120 2589 venerabilis

363 2603 534 2639 memoriae
566 2604 726 2639 comitissa
758 2603 930 2645 Mamuda,
963 2603 1002 2637 B.
1035 2602 1119 2638 Petri

1159 2357 1324 2404 Stephani.
1348 2356 1396 2390 Ad
1421 2357 1497 2391 baec
1519 2355 1726 2390 admonentes
1742 2355 1914 2395 sancimus,
1933 2357 2118 2409 mssffitgfflfigf

1161 2415 1194 2441 nt
1216 2406 1382 2441 occasione
1405 2405 1580 2452 privilegii,
1602 2404 1687 2451 quod
1710 2404 1878 2438 Pratenses
1896 2415 1913 2437 a
1933 2413 1975 2431 ‹.=n.
1992 2400 2048 2431 830¹-
2069 2414 2118 2430 con·

1161 2456 1252 2490 nobis
1275 2467 1308 2490 se
1331 2455 1516 2502 impetrasse
1531 2453 1741 2499 congaudent,
1764 2453 1850 2486 nulla
1867 2453 1916 2486 in-
1933 2464 1998 2484 riensi
2016 2463 2037 2484 in
2057 2467 2117 2489 prae-

1933 2443 2015 2457 eessum
2052 2436 2118 2457 Pisto-

1161 2505 1251 2546 iuria,
1275 2504 1321 2539 vel
1346 2503 1487 2547 irritatio,
1510 2510 1562 2538 ant
1583 2501 1795 2537 inobedientia
1825 2501 1915 2536 matri
1934 2491 2045 2546 fflssfllllo
2055 2493 2117 2537 11.ssssss

1161 2566 1237 2589 suae
1271 2553 1455 2588 pistoriensi
1483 2551 1670 2592 Ecclesiae,
1697 2562 1754 2585 seu
1784 2550 1916 2586 cuilibet
1929 2545 2006 2570 ΨΜ·

1198 2615 1238 2650 (t)
1254 2614 1374 2642 Forsitan
1391 2615 1571 2646 coqnoscitur.
1607 2612 1645 2647 (n.
1666 2611 1706 2647 τ.)
