2180 3205
173 233 223 261 An.
243 232 270 259 C.
291 233 353 259 tint

177 1483 307 1510 Episcopntis
323 1489 360 1504 se-

177 1516 213 1534 de<
238 1515 287 1534 illuc
317 1520 358 1535 non

195 1545 342 1565 transferenda

203 1576 331 1597 declaratur.

190 1726 259 1746 Abbius
282 1731 292 1744 a
313 1731 359 1745 mo-

178 1757 251 1777 narliis
276 1756 361 1780 eligen-

178 1791 229 1808 dus:
241 1791 261 1808 et
272 1795 283 1807 a
299 1786 363 1807 Fesu*

179 1820 226 1839 lano
250 1820 359 1844 episcopo,

192 1852 208 1870 si
229 1850 347 1870 catholicus

178 1881 256 1904 tuerit,
282 1885 361 1900 conse-

178 1912 268 1931 crandus
288 1912 326 1931 dee
330 1916 363 1932 cr-

178 1944 235 1963 uitur

198 2419 272 2439 Libera
294 2418 367 2438 decta-

185 2457 207 2471 ra
198 2454 230 2470 un
221 2457 243 2470 ur
267 2455 304 2476 pro
328 2450 367 2469 de-

192 2481 269 2501 functis
286 2481 359 2501 cuius-

422 199 492 255 4}ss

966 229 1156 252 mmmmm!
1181 229 1345 253 ROMANUM

371 286 401 320 iu
429 285 595 330 Fugnano,
619 284 647 318 in
671 283 792 330 Campo
815 282 925 317 Noroli
951 283 1117 317 ecclesiam
1160 283 1232 326 sint,
1256 283 1360 317 nullus
1381 282 1530 318 obsistat:
1553 283 1636 318 salva
1659 291 1761 318 tamen
1790 284 1906 319 iustitia

370 334 403 369 S.
432 334 554 368 Martini
583 345 655 368 cum
678 333 811 367 decimis
833 341 862 366 et
885 332 1034 366 omnihus
1052 333 1118 367 suis

371 383 567 430 pertinentiis
593 391 622 417 et
644 382 840 421 adiacentiis,
859 390 889 416 et
910 382 1093 429 quidquid
1087 395 1117 416 ιιι

370 432 564 468 Bononiensi
587 432 769 479 episcopatu
806 431 977 486 praefatum
1007 444 1119 466 mona-

371 482 503 517 sterium
538 481 653 516 habere
684 481 899 527 cognoscitur:
928 481 959 515 in
987 480 1119 528 Capiaia

371 531 571 566 medietatem
609 530 761 565 ecclesiae
795 530 830 565 S.
863 529 1060 569 Cliimistinae
1087 531 1118 564 in

370 580 485 627 Ripula
513 579 677 615 ecclesiam
699 580 732 614 S.
750 579 931 618 SalvatoriS.
954 580 1118 614 ecclesiam

371 629 404 664 S.
434 629 593 665 Michaelis
619 630 657 664 de
687 629 825 670 Marene,
853 629 883 663 in
912 629 1034 675 Ripalta
1061 642 1119 664 cc-

371 679 498 714 clesiam
526 679 560 714 S.
583 679 729 721 Audi-eze,
757 678 920 713 ecclesiam
948 678 981 712 S.
1005 678 1118 713 Donati

371 729 410 763 de
437 728 622 769 Fronzano,
660 729 689 762 in
726 728 880 764 Biviliano
919 728 1118 763 medietatem

371 777 524 813 ecclesiae
554 778 588 813 S.
621 778 752 815 Mariae.
787 785 905 812 curtem
939 777 977 811 de
1005 777 1120 812 Sancto

372 826 531 862 Domnino
564 840 634 862 cum
672 826 820 861 omnibus
858 826 1121 861 decimationibus

371 878 450 921 suis,
477 884 596 912 curtem
621 876 659 911 de
678 876 814 923 Papiana
833 888 905 910 cum
925 876 1121 922 pertinentiis

371 927 449 966 suis,
471 934 501 960 et
527 926 677 973 quicquid
707 926 736 959 in
763 925 853 972 plebe
875 924 982 959 Sancti
1007 925 1119 960 Donati

372 976 412 1010 de
438 975 615 1010 Calenzanu
644 975 804 1022 possidere
826 974 1032 1030 dignoscitur,
1048 987 1119 1009 cum

374 1025 517 1063 decimis,
540 1033 570 1059 et
587 1025 654 1059 suis
676 1024 884 1071 pertinentiis,
899 1024 965 1058 site
981 1025 1011 1058 in
1032 1024 1121 1071 plebe

373 1074 479 1109 Sancti
504 1074 655 1121 Stephani
683 1073 722 1107 de
744 1073 867 1119 Campi,
894 1085 950 1108 seu
979 1074 1009 1107 in
1033 1073 1122 1128 plebe

372 1123 407 1158 S
430 1123 555 1157 Martini
584 1136 612 1157 ιιι
641 1124 701 1157 sito
736 1122 858 1162 Br,ozzi
893 1123 940 1157 vel
969 1123 1061 1157 etiam
1091 1136 1121 1157 ιιι

373 1173 465 1220 plebe
492 1172 525 1207 S.
554 1172 665 1207 Iuliani
701 1172 732 1206 in
767 1172 929 1219 Septimo
963 1180 1016 1206 aut
1043 1172 1121 1207 infra

375 1222 498 1269 plebem
511 1222 545 1257 S.
563 1221 690 1256 Ioannis
711 1221 750 1256 de
764 1221 872 1268 Signa,
888 1234 959 1256 cum
977 1222 1121 1261 decimis,

373 1279 403 1306 et
446 1271 594 1306 omnibus
633 1283 740 1306 earum
781 1271 992 1317 pertinentiis:
1037 1271 1123 1306 ι11135

373 1333 501 1368 quoque
527 1328 557 1355 et
578 1321 652 1355 alias
672 1320 898 1367 possessiones,
921 1320 1002 1355 sicut
1018 1321 1046 1354 in
1066 1321 1123 1367 pri-

373 1371 489 1417 vilegio
511 1378 541 1404 et
567 1369 737 1405 donatione
765 1369 864 1404 bonae
893 1371 1062 1405 memoriae
1080 1370 1122 1405 Ia-

374 1419 444 1455 cobi
482 1419 622 1466 episcopi
649 1419 796 1454 Fesulani
826 1419 1011 1454 nominatim
1035 1420 1123 1454 vobis

375 1481 543 1504 concessae
580 1477 662 1503 sunt.
697 1468 908 1503 prohibemus
941 1469 1059 1510 etiam,
1094 1477 1124 1503 et

375 1518 545 1565 apostolica
584 1518 768 1553 auctoritate
807 1517 1049 1561 interdicimus,
1085 1531 1124 1553 ne

374 1568 466 1603 alicui
497 1568 626 1602 omnino
659 1567 759 1608 liceat,
787 1566 869 1601 idem
899 1568 1123 1602 monasterium

374 1617 405 1652 in
433 1618 530 1652 alium
562 1617 705 1652 ordinem
732 1624 952 1661 transmutare,
979 1617 1025 1652 vel
1054 1618 1124 1664 epi-

373 1667 532 1714 scopalem
566 1666 674 1701 sedem
705 1665 745 1699 ibi
779 1665 971 1708 transferre,
1005 1666 1124 1714 absque

375 1716 468 1750 Rom.
498 1715 661 1750 pontificis
687 1715 881 1749 auctoritate.
916 1715 1063 1750 Obeuute
1095 1724 1125 1751 te

377 1778 460 1809 vero,
484 1777 569 1800 nunc
598 1764 738 1799 ciusdem
774 1764 833 1799 loci
870 1764 992 1819 abbate,
1020 1765 1126 1800 nullus

377 1815 415 1849 ibi
444 1815 582 1862 qualibet
603 1814 817 1860 subreptionis
838 1814 960 1854 astutia,
987 1814 1036 1849 vel
1059 1815 1126 1849 vio-

378 1863 472 1898 lentia
502 1871 722 1918 praeponatur,
745 1863 804 1897 nisi
826 1875 920 1910 quem
946 1863 1084 1898 fr'atres
1078 1877 1126 1910 ip-

377 1914 442 1948 sius
468 1913 527 1948 loci
558 1913 719 1948 communi
747 1924 890 1952 assensu,
913 1913 960 1947 vel
982 1925 1055 1968 pars
1077 1926 1127 1948 sa-

378 1963 475 1997 nioris
507 1962 641 2002 consilii,
676 1961 849 1996 secundum
880 1961 939 1996 Dei
969 1963 1126 2017 timorem,

377 2020 408 2047 et
429 2012 467 2046 B.
494 2010 657 2047 Benedicti
680 2011 831 2057 regulam,
847 2011 998 2046 canonice
1021 2024 1098 2059 prox
1104 2025 1128 2045 ι-

378 2061 480 2096 derint
503 2060 699 2107 eligendum:
722 2060 775 2107 qui
791 2059 949 2095 Fesulauo
963 2061 1127 2108 episcopo,

378 2111 404 2145 si
427 2111 596 2145 canonicus
617 2110 721 2149 suerit,
740 2117 770 2144 et
784 2110 915 2156 gratiam
937 2118 1031 2158 atque
1046 2122 1130 2145 com-

379 2160 564 2195 munionem
607 2159 700 2194 Sedis
738 2159 938 2205 Apostolicae
971 2159 1128 2200 habuerit.

379 2221 511 2256 eamque
529 2210 638 2255 gratis,
659 2216 690 2243 et
710 2208 828 2255 absque
849 2208 952 2255 aliqua
979 2209 1129 2256 pravitate

380 2259 530 2293 exhibere
543 2258 686 2299 voluerit,
699 2257 950 2292 benedictionem
966 2259 1128 2305 suscipiat.

380 2308 541 2355 Alioquin,
563 2307 654 2342 liceat
679 2307 706 2342 ei
730 2319 963 2354 quemcumque
985 2307 1130 2342 maluerit

381 2358 466 2392 adire
488 2357 672 2400 antistitem,
699 2357 754 2403 qui
782 2364 888 2391 nostra
910 2356 1006 2392 fultus
1021 2365 1132 2392 aucto-

383 2415 482 2451 ritate,
497 2419 576 2454 quae
594 2406 802 2461 postulantur,
822 2406 993 2452 indulgeat.
1013 2406 1132 2454 Sepul-

384 2465 482 2490 turam
520 2467 646 2503 quoque
680 2456 781 2503 ipsius
812 2455 871 2490 loci
905 2441 1035 2490 liberam
1063 2468 1132 2491 esse

186 2516 368 2538 cumquessesseffi
383 2505 599 2546 concedimus,
631 2512 665 2539 ut
693 2517 802 2540 eorum
825 2504 997 2545 devotioni,
1020 2513 1050 2539 θῑ
1077 2517 1133 2540 ex-

186 2543 302 2570 sepultura.

384 2562 501 2588 tremae
524 2554 686 2598 ιοΙιιιιῐιιῑί,
707 2554 761 2601 qui
783 2566 817 2589 se
843 2553 907 2589 illic
930 2553 1054 2601 sepeliri
1082 2554 1134 2589 de-

383 2603 608 2648 liberaverint,
647 2604 707 2638 nisi
753 2603 830 2639 forte
869 2603 1131 2640 excommunicati

1161 332 1298 367 matricis
1325 332 1495 367 Ecclesiae.
1519 332 1744 367 Monasterium
1779 346 1907 381 quoque

1158 381 1192 416 S.
1216 380 1386 416 Salvatoris
1412 381 1451 416 de
1479 381 1590 426 Alena,
1616 383 1699 429 quod
1728 382 1787 417 sub
1821 385 1908 418 eius-

1159 430 1231 465 dem
1253 431 1286 465 S.
1310 430 1541 465 Bartholomaei
1566 440 1698 466 monast.
1712 444 1780 467 esse
1795 444 1909 479 cogno-

1159 480 1268 525 scitur,
1296 480 1424 515 liberam
1452 480 1645 527 sepulturam
1679 461 1908 526 concedimus,

1160 530 1240 564 sicut
1266 529 1358 564 etiam
1385 529 1538 564 hactenus
1572 530 1718 565 habuisse
1749 530 1909 577 dignosci-

1161 587 1227 620 tur;
1250 578 1393 613 laborum
1413 591 1539 626 quoque
1566 591 1716 614 manuum
1736 589 1906 615 vestrarum

1160 629 1310 668 decimas,
1334 637 1394 662 tam
1423 628 1511 663 tobis
1544 640 1637 683 quam
1666 637 1767 663 vestro
1799 642 1908 664 mona-

1923 228 1972 256 An.
1991 226 2020 255 C.
2038 227 2100 256 titii

1949 593 2073 615 Omnimoda

1923 627 2029 652 exemptio
2045 632 2070 645 ιι
2066 626 2105 645 te—

1921 656 1975 676 ami
1979 662 2023 676 rurn
2047 655 2106 676 solu-

1160 678 1255 712 sterio
1281 678 1387 712 Sancti
1411 677 1592 718 831ιιιιοιι5,
1628 679 1657 712 in
1690 691 1766 712 usus
1789 686 2106 734 paupe-uoneetabouni

1161 739 1230 761 rum
1253 727 1413 762 habendas
1441 727 1601 774 lirgimur.
1623 726 1833 762 Prohibemus
1861 729 1909 763 iu-

1161 788 1267 823 super,
1291 784 1323 811 ut
1351 776 1427 810 nulli
1458 777 1586 811 omnino
1606 777 1769 811 homiuum
1790 776 1836 811 fas
1858 779 1908 818 sit,

1162 826 1263 861 eidem
1286 827 1487 870 monasterio,
1509 827 1574 860 sire
1593 826 1626 860 S.
1654 825 1823 861 Salvatoris
1842 840 1910 862 mo-

1163 876 1297 910 nasterio
1314 903 1321 915 ,
1357 875 1497 910 divinum
1534 875 1669 910 officium
1706 876 1910 921 interdicere,

1164 934 1285 971 praeter
1320 924 1497 959 Romanum
1531 924 1728 965 Pontificem,
1750 933 1802 959 aut
1824 925 1912 972 lega-

1163 982 1227 1008 tum
1252 973 1368 1020 ipsius:
1394 974 1439 1008 vel
1463 973 1617 1008 indebitas
1649 974 1826 1009 exactiones
1849 978 1911 1009 im-

1164 1035 1296 1070 ponere:
1309 1035 1367 1070 seu
1384 1023 1542 1070 aliquibus
1557 1024 1682 1058 iniustis
1694 1024 1911 1059 vexationibus

1163 1085 1239 1107 ausu
1263 1073 1427 1107 temerario
1442 1073 1582 1119 fatigare.
1601 1072 1810 1108 Decernimus
1825 1086 1910 1121 crgo,

1165 1130 1196 1156 ut
1219 1121 1296 1156 nulli
1323 1122 1452 1156 omnino
1481 1122 1645 1156 hominum
1669 1123 1770 1167 liceat,
1793 1132 1851 1157 etc.
1876 1123 1910 1158 Si

1163 1184 1222 1218 qua
1246 1171 1341 1217 igitur
1362 1179 1420 1205 etc.
1445 1170 1579 1206 Cunctis
1596 1179 1700 1206 autem
1723 1174 1910 1207 etc..Amen.

1212 1220 1284 1255 Eoo
1307 1220 1519 1255 issem-:xnus
1551 1220 1723 1256 catholicae
1749 1221 1914 1257 Ecclesiae

1163 1270 1333 1317 episcopus
1355 1282 1398 1304 ss.

1212 1319 1281 1365 Ego
1302 1318 1469 1353 Conradus
1491 1319 1677 1354 Sabinensis
1703 1320 1802 1367 episc.
1821 1333 1862 1355 ss.

1212 1368 1280 1415 Ego
1302 1368 1467 1403 Albericus
1493 1368 1650 1404 Ostiensis
1671 1370 1767 1416 episc.
1791 1382 1834 1405 ss.

1214 1418 1281 1464 Ego
1302 1417 1484 1465 Stephanus
1507 1418 1730 1454 Praenestinus
1753 1420 1850 1466 episc.
1871 1432 1913 1454 ss.

1212 1467 1282 1512 Ego
1297 1466 1459 1502 Gerardus
1481 1467 1583 1514 presb.
1607 1468 1692 1502 card.
1717 1469 1763 1503 tit.
1780 1468 1916 1503 Sanctae

1165 1515 1278 1552 Crucis
1301 1518 1329 1550 in
1352 1516 1550 1551 Hierusalem
1573 1529 1614 1551 ss.

1215 1565 1281 1611 Ego
1307 1565 1462 1600 Martinus
1484 1565 1588 1613 presb.
1604 1566 1688 1601 card.
1711 1566 1745 1602 S.
1762 1566 1915 1614 Stephani

1166 1615 1196 1649 in
1224 1615 1332 1649 Coelio
1348 1624 1454 1650 monte
1472 1628 1513 1650 ss.

1214 1664 1283 1710 Ego
1311 1663 1492 1699 Manfredus
1515 1664 1618 1712 presb.
1638 1665 1723 1699 card.
1746 1665 1793 1700 tit.
1813 1664 1845 1700 S.
1864 1664 1918 1699 Sa-

1167 1713 1265 1748 binae'
1283 1713 1467 1760 subscripsi.

1215 1763 1284 1809 Ego
1305 1762 1459 1797 Boethius
1481 1763 1584 1811 presb.
1609 1763 1695 1798 card.
1717 1763 1765 1798 tit.
1788 1763 1822 1798 S.
1842 1763 1917 1798 Cte-

1167 1820 1283 1846 mentts
1309 1824 1351 1846 ss.

1215 1866 1285 1912 Ego
1311 1865 1416 1901 Guido
1443 1866 1546 1913 presb.
1575 1865 1608 1901 S.
1632 1866 1790 1901 Laurentii
1808 1866 1838 1901 in
1854 1866 1918 1901 Da-

1168 1932 1256 1955 maso
1277 1933 1320 1955 ss.

1216 1974 1284 2020 Ego
1306 1973 1480 2020 Gregorius
1507 1974 1588 2009 diac.
1628 1974 1713 2009 card.
1737 1973 1787 2009 Ss.
1816 1973 1917 2020 Sergii

1169 2037 1198 2063 et
1224 2028 1339 2063 Bacchi
1367 2041 1410 2063 ss.

1219 2081 1287 2127 Ego
1309 2081 1503 2117 Octavianus
1524 2081 1603 2117 diac.
1626 2081 1713 2117 card.
1736 2083 1781 2117 tit.
1804 2080 1839 2116 S.
1863 2080 1920 2115 Ni-

1169 2134 1248 2170 colai
1272 2135 1302 2170 in
1331 2134 1465 2170 Carcere
1491 2147 1533 2170 ss.

1221 2189 1288 2236 Ego
1309 2188 1416 2224 Guido
1438 2189 1518 2224 diac.
1542 2188 1711 2224 cardinalis
1731 2188 1766 2224 S.
1789 2188 1920 2236 Apolli-

1173 2243 1256 2278 naris
1282 2256 1324 2279 ss.

1220 2297 1337 2332 Datum
1364 2296 1509 2332 Laterani
1545 2309 1600 2344 per
1633 2308 1761 2331 manum
1787 2296 1920 2331 Baronis

1172 2350 1347 2397 cappellani
1374 2359 1404 2384 et
1430 2350 1604 2397 scriptoris,
1642 2363 1661 2384 x
1696 2350 1756 2385 kal.
1792 2349 1919 2390 octob.‚

1174 2403 1236 2438 ind.
1264 2415 1296 2448 v,
1331 2403 1450 2438 incarn.
1489 2403 1665 2438 dominicae
1700 2415 1782 2438 anno
1809 2415 1920 2444 mcxii,

1175 2457 1374 2504 pontificatus
1421 2469 1493 2493 vero
1525 2457 1632 2493 domni
1679 2457 1852 2492 Innocentii
1894 2456 1922 2490 11

1173 2523 1257 2546 anno
1275 2523 1337 2546 x11.

1187 2567 1249 2599 Dat.
1271 2568 1318 2599 die
1332 2567 1371 2598 ⁶22
1393 2568 1569 2608 septembris
1591 2576 1668 2597 anno
1688 2566 1804 2597 Domini
1821 2567 1908 2606 11.t⁴1;

1418 2613 1521 2653 pontis.
1540 2621 1616 2643 anno
1637 2621 1686 2642 xu.

1937 717 2087 738 interdictione

1982 748 2050 768 datur.

1939 1090 2020 1112 Solitas
2043 1096 2098 1111 eon-

1960 1121 2077 1142 ctusioues.

1942 1225 2062 1248 lnnocentii
2071 1225 2110 1247 ΡΡ.

1929 1335 1951 1353 et
1970 1331 1991 1353 S.
2012 1330 2035 1352 tt.
2055 1330 2112 1352 Eccl.

1950 1362 2088 1384 cardinalium

1929 1394 2106 1420 subscriptiones.
