2180 3205
30 271 78 299 An.
97 271 126 299 C.
144 271 211 300 1115

49 1399 166 1423 nardium.

35 1953 162 1977 Mintur
180 1956 202 1987 li·
230 1950 248 1985 p

24 1986 82 2002 nutes
99 1986 203 2004 dioecesis

91 2008 167 2030 donus.

23 2202 128 2226 tuantur
137 2222 142 2230 .
155 2211 202 2227 eum

23 2229 106 2252 demto
130 2232 202 2254 immu-

22 2256 92 2278 nimis
116 2263 129 2279 a
151 2264 178 2286 qu

23 2286 113 2314 ququo.
139 2286 202 2306 mole-

33 2334 38 2338 ,
72 2325 78 2334 ,
108 2316 202 2333 numinu-

23 2336 84 2361 Ιιοιιι.
98 2339 138 2358 etc.

863 264 982 287 Pascua
989 264 1036 287 Lts
1064 265 1086 287 tt
1115 266 1161 287 ΡΡ.

573 317 653 353 LIII.

240 390 444 425 Get-undensis
469 393 622 426 Ecclesiae
647 393 756 426 limites
777 393 988 436 ussiqnuntur,

287 445 533 489 confirmatisque
565 447 650 479 bonis
677 447 816 479 ominibus
847 448 889 479 ad
922 458 988 480 eam

282 498 516 542 pertinentibus,
542 501 708 539 statuitur,
736 511 773 533 ne
805 500 917 537 clerici,
947 501 990 533 ud

286 562 509 597 quamcumque
539 554 720 597 dignitatem
751 554 896 598 promoti,
931 555 988 587 cte-

285 605 395 639 ricules
428 608 620 651 praebendus
654 608 733 641 inibi
764 608 890 641 retinere
919 619 989 652 pos-

284 659 345 692 sint
371 661 426 702 (1).

508 732 723 763 SUMMARIUM

235 797 405 828 Exordium.
427 815 467 821 —
486 797 675 828 Definiuntur
703 799 813 829 limites
840 799 986 829 dioecesis

274 841 488 872 Gerundensis.
498 841 684 881 —Bonaque
697 843 795 872 omnia
809 843 902 872 eidem
917 852 987 873 con·

275 886 439 922 firmantur,
455 895 521 915 cum
541 886 658 916 decreto
677 887 872 916 immunitatis
886 897 900 917 a
914 897 987 926 qna—

274 938 401 968 cumque
427 929 581 966 molestia,
614 931 839 967 imminutione,
868 935 922 961 etc.
950 948 987 953 —

273 973 443 1004 Declaratur
455 974 577 1013 insuper
590 978 620 1004 ut
632 974 743 1011 clerici,
762 975 796 1004 ad
813 984 986 1014 quamcum-

274 1027 330 1058 que
341 1018 511 1056 dignitatem
525 1019 658 1057 promoti,
668 1023 822 1048 teneantur
831 1019 984 1048 clericales

273 1061 455 1102 praebendas
472 1062 680 1097 dimittere.—
697 1062 807 1093 Solitae
820 1063 984 1093 clausulae.

272 1123 313 1129 —
333 1106 483 1136 Paschalis
502 1105 555 1135 I'P.
574 1106 763 1146 subscriptio.

231 1176 368 1206 Paschalis
396 1176 537 1212 episcopus
557 1184 651 1205 servus
672 1184 810 1205 servorum
834 1177 890 1210 Dei,
907 1184 984 1206 vene·

276 1225 358 1254 rabili
375 1225 460 1254 fratri
489 1226 649 1261 Berengario
676 1226 839 1255 Gerundensi
862 1226 984 1262 episcopo

276 1275 385 1311 eiusque
410 1275 609 1303 successoribus
632 1275 757 1303 canonice
776 1275 982 1308 substituendis.

275 1325 487 1361 inperpetuum.

280 1395 371 1431 Sicut
397 1396 510 1431 iniusta
547 1395 752 1442 poscentibus
789 1395 895 1430 nullus
931 1396 982 1430 tri-

231 1445 378 1481 buendus
405 1454 452 1480 est
474 1444 626 1484 effectus,
661 1445 706 1480 sic
733 1445 872 1491 legitima
901 1445 982 1479 desi-

231 1494 407 1530 derantium
423 1507 484 1529 non
503 1502 549 1529 est
571 1494 742 1529 differenda
763 1495 881 1541 petitio.
904 1494 981 1528 Tuis

230 1544 348 1592 itaque,
377 1544 469 1579 frater
490 1544 520 1577 in
548 1543 675 1578 Christo
701 1543 885 1578 charissime
915 1543 981 1578 Be-

229 1593 366 1640 rengari‚
379 1592 527 1640 precibus
540 1601 727 1636 annuenteS,
740 1593 779 1627 ad
796 1601 978 1640 perpetuam

228 1651 354 1678 sanctae
380 1641 600 1677 Gerundeusis
622 1642 782 1677 Ecclesiae
809 1654 917 1689 pacem
949 1650 979 1676 et

228 1691 429 1726 stabilitatem
453 1692 627 1738 praesentis
655 1691 771 1725 decreti
796 1691 979 1726 auctoritate

227 1741 399 1780 sancimus,
425 1748 461 1774 ut
482 1740 621 1775 universi
645 1740 813 1787 parochiae
845 1750 914 1774 tuae
942 1740 978 1774 fi-

229 1801 305 1831 nes,
342 1790 423 1824 sicut
448 1801 464 1823 a
495 1789 557 1823 tuis
589 1789 841 1824 antecessoribus
876 1801 977 1836 usqne

229 1839 323 1873 hodie
355 1838 492 1886 possessi
519 1846 613 1883 sunt,
642 1839 682 1872 ita
710 1839 841 1873 omnino
864 1838 976 1884 integri

229 1895 289 1922 tam
313 1887 368 1922 tibi
391 1900 484 1935 quam
508 1888 571 1922 tuis
593 1888 829 1922 successoribus
850 1888 881 1922 in
905 1900 978 1934 per-

251 1945 358 1973 etuum
381 1944 623 1972 conserventur:
656 1937 708 1984 qui
736 1937 880 1971 videlicet
900 1937 977 1972 lines

227 1998 244 2021 a
267 1985 397 2021 meridie
418 1985 674 2027 Barcinonensis,
708 1986 746 2020 ab
768 1986 887 2021 oriente
909 1985 977 2020 Au-

228 2035 388 2078 sonensis,
427 2035 466 2070 ab
516 2035 662 2082 aquilone
712 2034 907 2081 Urgellensis
947 2044 978 2070 et

228 2083 418 2120 Helenensis
439 2084 605 2132 parochiae
626 2084 741 2119 limites
762 2092 916 2129 tangunt,
938 2084 977 2119 ab

193 2164 202 2170 .
228 2133 394 2169 occidente
420 2134 452 2168 in
474 2145 559 2168 mare
582 2134 774 2180 pertingunt.
806 2133 976 2168 Confirma-

194 2191 202 2195 ’
228 2195 300 2218 mus
320 2183 414 2217 etiam
446 2182 546 2217 eidem
581 2182 783 2217 Gerundensi
816 2182 976 2217 Ecclesiae

194 2270 202 2275 ,
229 2232 390 2275 universa,
412 2243 493 2278 quae
515 2231 553 2266 ad
575 2243 643 2266 eam
665 2232 697 2266 in
721 2232 874 2279 praesenti
897 2231 978 2266 indi-

229 2281 332 2316 ctione
349 2292 412 2315 wn
435 2280 578 2315 videntur
596 2280 736 2327 legitime
759 2281 925 2327 pertinere,
947 2288 977 2315 et

228 2341 446 2377 quaecumque
469 2330 500 2363 in
527 2329 665 2364 futurum
702 2330 782 2364 iuste
809 2337 903 2376 atque
925 2341 977 2363 ca-

229 2378 340 2413 nonice
363 2379 474 2425 poterit
495 2378 639 2425 adipisci.
662 2378 872 2416 Decernimus
890 2390 975 2424 ergo,

228 2435 263 2462 ut
285 2427 362 2462 nulli
384 2427 515 2462 omnino
535 2427 697 2461 hominum
720 2427 811 2462 liceat
832 2427 975 2462 eamdem

227 2476 402 2511 Ecclesiam
428 2485 546 2511 temere
581 2476 780 2523 perturbare,
816 2484 870 2510 aut
908 2477 977 2511 eins

227 2525 443 2572 possessiones
464 2525 599 2570 auferre,
621 2525 668 2560 vel
690 2525 808 2560 ablatas
831 2525 975 2566 retinere,

263 2597 302 2634 (1)
318 2599 358 2625 Ex
378 2599 488 2626 Archiv.
506 2599 638 2626 Ecclesiae
653 2598 732 2626 huius
751 2598 833 2625 edidit
858 2598 978 2626 Baluzius

228 2637 257 2665 in
275 2638 429 2674 Appendice
448 2640 552 2666 Marcae
563 2640 672 2675 Hispan.
690 2647 718 2666 n.
735 2646 839 2666 coculi.

1661 258 1731 291 277

1032 318 1186 362 minnere,
1214 318 1259 352 vel
1283 320 1457 355 temerariis
1485 321 1703 357 vexationibus
1734 323 1782 357 fa-

1031 367 1146 411 tigare,
1169 368 1221 401 sed
1250 370 1353 403 omnia
1383 370 1500 415 integra
1532 380 1778 415 conserventur,

1031 423 1091 449 tam
1121 417 1182 450 tuis
1216 430 1308 462 quam
1332 419 1517 453 clericorum
1550 428 1580 454 et
1603 433 1776 467 pauperum

1031 465 1140 498 usibus
1177 465 1347 511 profutura.
1388 467 1468 502 Illud
1506 477 1609 503 autent
1648 471 1778 505 omnino
1815 497 1985 518 mmmmm,

1032 513 1263 558 interdicimus,
1292 527 1330 548 ne
1353 516 1442 550 liceat
1462 517 1602 552 eiusdem
1618 518 1777 554 Ecclesiae
1800 527 1898 549 ⁵¹¹⁸·0‘ffl
1914 524 1986 543 ΨΜ

1800 551 1828 571 ad
1865 555 1986 575 quamcum-

1030 563 1150 597 clericis
1178 563 1372 609 praebendas
1393 573 1445 599 ant
1461 568 1676 612 possessiones
1697 568 1778 602 eius-
1800 583 1842 604 «111⁰
1863 577 1986 606 dignitatem

1030 611 1101 646 (lem
1128 611 1287 647 Ecclesiae
1323 614 1477 654 retinere,
1517 623 1547 649 et
1574 617 1641 651 suis
1663 617 1774 652 usibus
1800 605 1985 659 Eli'l'ls'ss'iml‘sslssi

1030 660 1207 705 vendicare,
1237 669 1401 708 postquam
1424 675 1477 697 eos
1499 663 1537 697 ad
1560 665 1776 712 episcopatum
1800 656 1933 704 gfissssgtsstffl
1954 655 1985 676 ‘¹¹'

1029 709 1076 744 vel
1098 709 1265 750 abbatiam,
1287 711 1335 745 vel
1357 711 1434 745 alias
1457 714 1689 760 praeposituras
1707 716 1777 750 alia-

1029 771 1098 793 rum
1126 759 1337 794 Ecclesiarnm
1365 761 1498 795 transire
1529 763 1705 808 contigerit.
1741 764 1775 799 Si
1826 779 1906 800 suinae
1928 779 1984 799 nau-

1029 820 1088 854 qua
1112 809 1205 853 igitur
1231 809 1261 842 in
1290 809 1428 843 futurum
1456 810 1667 847 ecclesiastica
1705 825 1777 847 sae-
1799 807 1866 827 ‘⁰¹⁶⁰'

1029 858 1181 892 cnlarisve
1204 870 1351 904 persona,
1378 858 1459 893 hanc
1481 868 1606 894 nostrae
1627 863 1777 896 constitu-

1028 906 1121 940 tionis
1145 907 1289 954 paginam
1313 908 1428 947 sciens,
1451 917 1559 944 contra
1575 922 1642 944 eam
1659 919 1776 946 temere.

1029 956 1133 990 venire
1160 956 1333 996 tentaverit,
1365 958 1505 992 secundo
1532 959 1662 994 tertiove
1687 972 1777 995 com·-

1027 1005 1164 1044 monita,
1206 1006 1232 1040 si
1274 1017 1335 1040 non
1378 1007 1588 1042 satisfactione
1636 1021 1774 1056 congrua

1027 1054 1261 1095 emendaverit,
1305 1057 1464 1102 potestatis
1499 1057 1690 1105 honorisque
1724 1059 1773 1093 sui

1027 1103 1177 1149 dignitate
1192 1111 1305 1144 careat,
1322 1117 1471 1152 reamque
1488 1118 1521 1140 se
1536 1106 1641 1141 divino
1657 1107 1774 1142 iudicio

1026 1153 1158 1187 existere
1192 1153 1230 1188 de
1255 1162 1428 1200 perpetrata
1456 1155 1619 1202 iniquitate
1654 1169 1774 1201 cogno-

1026 1210 1109 1241 scat,
1141 1209 1171 1236 et
1192 1214 1208 1237 a
1230 1203 1441 1237 sacratissimo
1463 1202 1604 1250 Corpore
1629 1217 1664 1239 ac
1691 1205 1774 1240 San-

1025 1251 1119 1293 guine
1146 1251 1204 1285 Dei
1226 1260 1257 1285 ct
1275 1251 1402 1286 Domini
1432 1252 1654 1300 Redemptoris
1676 1256 1772 1289 nostri

1025 1299 1096 1333 lesu
1118 1299 1236 1334 Christi
1258 1301 1358 1335 aliena
1382 1301 1444 1341 liat,
1471 1310 1563 1348 atque
1586 1303 1615 1336 in
1631 1312 1772 1339 extremo

1024 1350 1167 1383 examine
1189 1349 1348 1384 districtae
1367 1351 1475 1384 ultioni
1490 1351 1660 1386 subiaceat.
1683 1352 1773 1387 Cun-

1023 1398 1080 1431 ctis
1102 1406 1206 1432 autem
1234 1398 1336 1433 eidem
1364 1400 1432 1433 loco
1468 1400 1545 1434 iusta
1576 1402 1773 1437 servantibus

1023 1446 1063 1480 sit
1086 1459 1145 1493 pax
1173 1448 1301 1482 Domini
1325 1449 1420 1482 nostri
1443 1448 1513 1483 Iesu
1536 1448 1670 1493 Christi,
1693 1463 1773 1498 qua-

1024 1503 1114 1531 tenus
1136 1504 1166 1531 et
1188 1497 1237 1532 liic
1259 1496 1395 1531 fructum
1419 1497 1519 1532 bonae
1547 1499 1678 1533 actionis
1701 1512 1773 1546 per-

1022 1545 1152 1592 cipiant,
1175 1554 1205 1580 et
1226 1546 1309 1592 apud
1326 1546 1504 1585 districtum
1520 1547 1660 1582 Iudicem
1680 1561 1772 1596 prae·

1021 1595 1083 1628 mia
1096 1603 1240 1629 aeternae
1257 1595 1341 1642 pacis
1356 1596 1523 1630 inveniant.
1538 1597 1654 1637 Amen,
1665 1610 1768 1634 amen.

1070 1644 1142 1678 Eoo
1158 1644 1338 1679 PAscuALis
1347 1645 1517 1680 catholicae
1531 1645 1618 1680 Eccl.
1633 1647 1711 1694 epis.
1727 1660 1769 1682 ss.

1071 1692 1146 1727 Data
1187 1693 1329 1728 Laterani
1366 1706 1421 1739 per
1458 1707 1585 1729 manum
1621 1695 1772 1731 Iohannis

1019 1750 1145 1776 sanctae
1172 1742 1332 1777 Romanae
1360 1743 1519 1777 Ecclesiae
1553 1743 1675 1779 diaconi
1699 1758 1771 1780 car-

1020 1791 1144 1835 dinalis,
1163 1803 1197 1826 ac
1213 1791 1454 1831 bibliothecarii,
1477 1805 1508 1827 n
1530 1792 1589 1827 kal.
1610 1793 1769 1835 februarii,

1021 1840 1191 1875 indictione
1225 1853 1298 1881 vni,
1335 1841 1560 1876 incarnationis
1593 1843 1771 1879 dominicae

1019 1901 1101 1923 anno
1134 1901 1244 1934 iiich,
1282 1891 1481 1937 pontificatus
1515 1899 1618 1926 autem
1660 1892 1768 1927 domni

1019 1938 1179 1973 Paschalis
1201 1939 1331 1974 secundi
1350 1939 1454 1986 Papae
1475 1952 1557 1974 anno
1575 1953 1639 1974 ΧΠ.

1058 1996 1120 2026 Dat.
1141 1997 1188 2026 die
1209 1996 1247 2026 22
1270 1997 1395 2026 ianuarii
1415 2006 1490 2026 anno
1505 1997 1622 2028 Domini
1641 1999 1728 2035 1115,

1258 2041 1360 2080 pontif.
1378 2051 1454 2071 anno
1473 2050 1529 2072 xvr.

1802 284 1850 311 An.
1871 283 1898 312 C.
1918 283 1985 311 1115

1810 1669 1918 1690 Pas-:hatis
1939 1668 1978 1688 FP.

1797 1696 1930 1722 subscriptio.

1352 2180 1432 2215 LIV.

1021 2257 1220 2300 Prim'leyium
1247 2257 1489 2301 confirmationis
1515 2257 1717 2290 donationum
1748 2269 1768 2289 α

1068 2306 1199 2338 Robusto
1215 2307 1320 2338 comite
1334 2307 1368 2338 (te
1387 2307 1544 2343 Lorezetw,
1563 2314 1587 2338 et
1611 2307 1766 2344 I'ctsst'one,

1065 2355 1388 2398 s1·at1·z'bus,fuctarum
1398 2355 1553 2388 Ecclesiae
1564 2355 1768 2398 Teatt'itue(1).

1285 2426 1499 2457 St'MMARIUM

1018 2492 1188 2523 Donationis
1207 2493 1344 2522 narratio.
1362 2509 1402 2515 --
1418 2493 1481 2522 Alia
1501 2492 1576 2523 bona
1599 2492 1634 2523 ab
1654 2493 1769 2532 episco-

1059 2538 1103 2576 pis
1121 2536 1275 2576 acquisita.
1296 2552 1336 2558 —
1365 2535 1444 2566 Dicta
1464 2537 1582 2566 donatio
1604 2541 1632 2567 et
1653 2541 1768 2566 caetera

1053 2597 1092 2632 (t)
1109 2598 1147 2624 Ex
1166 2597 1273 2624 Archiv.
1291 2598 1415 2625 Canonic.
1436 2597 1561 2624 Basilicae
1577 2598 1663 2625 Vatic.
1681 2601 1768 2625 trans-

1018 2638 1132 2673 criptum
1148 2637 1229 2664 edidit
1249 2637 1351 2672 Ughell.
1370 2637 1427 2664 Ital.
1444 2639 1502 2664 Sac.
1524 2640 1578 2664 tom
1595 2644 1634 2664 tx.
