2180 3205
10 15 41 38 :c
16 0 34 10 ,ι

41 262 88 290 Αη.
107 260 136 288 c.
157 259 224 287 ¹¹63
844 256 1040 279 ,nnuman
1068 255 1106 277 ιιι
1132 254 1179 276 νυ.
1664 240 1734 270 679

40 322 224 379 essssffindpi-
239 314 357 362 capella
386 312 526 347 ciusdem
559 312 660 353 villae,
680 319 711 347 et
733 311 833 351 terris,
855 309 989 344 decimis

40 384 125 408 nentia.
143 384 164 404 in
188 388 224 402 sa·
238 377 267 402 et
289 367 438 401 omnibus
455 366 653 413 pertinentiis
666 365 748 400 suis:
765 364 989 410 Comptonam,

39 414 96 469 2¹:¹5·
115 415 136 435 ¹¹²
155 414 268 456 '¹⁰²³‘ct
294 421 384 455 aliam
409 419 620 466 Comptonam
643 431 715 454 cum
735 417 873 465 capellis,
901 415 990 450 deci-

238 475 297 509 mis
323 483 352 509 et
374 474 522 509 omnibns
550 473 748 520 pertinentiis
775 471 856 506 suis:
881 469 992 504 Mane-

237 529 318 563 rium
353 528 392 562 de
420 527 617 562 Eliornesord
641 539 712 561 cum
735 524 867 572 capella,
891 522 990 566 terris,

237 583 371 617 decimis
385 590 415 616 et
437 582 586 616 omnibus
610 579 808 627 pertinentiis
829 577 910 612 suis:
925 575 991 609 Ma-

237 637 359 671 nerium
388 636 427 670 de
454 635 610 670 Bradsord
637 646 710 669 cum
748 631 878 667 ccclesia
906 630 992 664 eius-

237 689 308 724 dem
332 689 432 728 villae,
455 696 485 723 et
508 687 648 734 capellis,
677 687 780 725 terris,
803 683 936 719 decimis
962 691 991 717 et

237 743 386 778 omnibus
400 742 613 789 pertinentiis:
626 740 758 788 Wycam
770 748 799 773 et
813 736 992 772 Loscumbe

237 807 310 831 eum
345 795 492 830 omnibus
521 794 717 842 pertinentiis
749 792 831 828 suis:
855 791 993 825 Daltbe-

238 849 328 884 stoke
355 861 426 884 cum
464 848 596 883 ecelesia
632 847 775 882 eiusdem
817 846 927 888 villae,
963 852 994 878 et

240 903 379 950 capellis,
402 903 504 942 terris,
520 902 653 937 decimis
675 909 705 936 et
724 900 872 936 omnibus
895 899 994 946 perti-

241 956 357 990 nentiis
370 956 450 990 suis:
474 955 721 994 Corundnnam,
746 963 776 988 et
792 953 994 988 Ritberstoke

240 1022 315 1044 cum
343 1009 492 1044 omnibus
527 1010 727 1056 pertinentiis
761 1009 841 1043 suis:
877 1006 995 1042 Cores—

240 1063 386 1098 cumbam
403 1073 433 1098 et
453 1063 620 1098 ecclesiam
649 1061 790 1097 eiusdem
816 1061 903 1095 villae
921 1072 993 1094 cum

241 1117 381 1164 capellis,
399 1117 501 1156 terris,
525 1117 656 1152 decimis
678 1125 708 1151 et
730 1115 876 1150 omnibus
899 1114 996 1161 perti-

243 1171 360 1205 nentiis
381 1172 460 1206 suis:
489 1171 586 1206 Stoke
601 1184 672 1206 cum
700 1170 830 1205 ecclesia
853 1168 995 1204 eiusdem

244 1225 334 1259 villae
351 1234 381 1259 et
403 1224 544 1272 capellis,
569 1225 670 1265 terris,
693 1224 827 1259 decimis
848 1230 878 1257 et
893 1222 998 1257 omni-

243 1278 304 1313 bus
331 1279 529 1324 pertinentiis
552 1279 637 1314 suis:
659 1278 860 1324 Bromlegam
884 1285 915 1312 et
942 1277 998 1310 La-

245 1332 421 1366 verstokam
443 1345 516 1367 cum
539 1333 688 1367 omnibus
704 1332 901 1379 pertinentiis
914 1331 996 1366 suis:

245 1385 323 1434 Lym
352 1399 423 1421 cum
451 1388 582 1422 ecclesia
608 1387 751 1422 eiusdem
773 1385 864 1420 villae
886 1393 916 1420 et
944 1397 999 1419 ca-

246 1441 350 1487 pellis,
369 1441 472 1481 terris,
491 1441 622 1475 decimis
637 1449 667 1475 et
681 1439 829 1476 omnihus
844 1439 1000 1487 pertinen-

248 1493 300 1528 tiis
325 1494 406 1528 suis:
431 1493 581 1528 Setonam
609 1506 680 1528 cum
703 1494 834 1528 ecclesia
855 1493 1000 1528 eiusdem

247 1547 339 1583 villae
361 1560 431 1583 cum
451 1547 591 1594 capellis,
610 1547 712 1587 terris,
731 1547 878 1591 decimis,
893 1546 1000 1581 salinis

249 1610 280 1636 et
300 1602 451 1637 omnihus
477 1601 674 1649 pertinentiis
696 1601 780 1636 suis:
799 1600 914 1635 Beram
929 1612 1000 1635 cum

250 1655 399 1691 omnibus
416 1655 614 1703 pertinentiis
630 1655 710 1689 suis:
727 1654 911 1702 Lytelebam
929 1666 1001 1688 cum

250 1710 383 1745 ecclesia
405 1710 545 1745 eiusdem
573 1709 662 1744 villae
684 1717 714 1744 et
740 1708 842 1749 terris,
870 1707 1003 1742 decimis

251 1773 283 1800 et
303 1764 451 1799 omnibus
472 1763 675 1811 pertinentiis
692 1763 780 1798 suis:
800 1761 1001 1797 Conswillam

251 1830 324 1854 cum
346 1818 477 1853 ecclesia
499 1817 640 1852 eiusdem
663 1816 754 1851 villae
775 1824 806 1851 et
832 1812 934 1860 terris,
953 1815 1005 1849 de-

252 1873 343 1908 cimis
364 1881 393 1907 et
407 1871 554 1907 omnibus
571 1871 768 1918 pertinentiis
789 1871 872 1905 suis:
898 1870 1006 1904 Brom-

253 1926 355 1973 legam
377 1934 423 1960 ·et
453 1925 586 1961 Stiwtke
620 1938 693 1961 cum
729 1926 879 1961 omnibus
915 1924 1007 1971 perti-

255 1981 372 2015 nentiis
405 1981 488 2016 suis:
521 1980 687 2015 ecclesiam
721 1980 856 2015 Sanctae
892 1974 1006 2013 Mariae

255 2034 296 2070 de
321 2033 460 2069 cadweli
481 2046 554 2069 cum
582 2034 721 2080 capellis,
745 2034 849 2077 terris,
875 2033 1007 2068 decimis

256 2095 287 2122 et
319 2088 469 2122 omnibus
500 2088 695 2134 pertinentiis
727 2087 811 2122 suis:
842 2087 1006 2122 ecclesiam

256 2141 364 2184 Sanc-ti
399 2141 538 2176 ismaelis
571 2142 611 2176 de
638 2141 773 2176 Pennalt
805 2153 878 2176 cum
905 2141 1007 2185 terris,

257 2194 391 2230 decimis
412 2204 442 2230 et
463 2195 610 2230 omnibus
633 2195 831 2243 pertinentiis
858 2195 938 2229 suis:
961 2207 1009 2229 ec-

258 2249 385 2284 clesiam
408 2249 516 2284 Sancti
550 2249 677 2296 Eltwyci
700 2248 739 2283 de
766 2248 912 2296 penbyay
935 2261 1007 2283 cum

259 2303 363 2348 terris,
390 2303 523 2338 decimis
560 2311 591 2338 et
627 2302 776 2338 omnibus
811 2302 1010 2349 pertinentiis

62 2354 176 2413 mffil’aflcffl
205 2364 247 2411 gg}
261 2358 337 2392 suis.
359 2357 508 2392 Obeunte
529 2369 603 2392 vero
625 2364 666 2401 te,
685 2369 770 2391 nunc
791 2357 933 2391 eiusdem
950 2357 1010 2391 loci

63 2422 152 2445 zena-m
175 2421 249 2443 ‹iecta-
263 2411 385 2452 abbate,
403 2411 451 2445 vel
466 2419 592 2445 tuorum
615 2410 756 2458 quolibet
778 2421 1010 2455 successorum,

61 2453 102 2473 Μ’
263 2466 371 2501 nullus
405 2465 448 2499 ibi
484 2465 623 2511 qualibet
655 2464 862 2511 surreptionis
898 2464 1011 2498 astutia

262 2533 318 2555 seu
346 2519 491 2555 violentia
515 2526 736 2565 praeponatur,
763 2518 822 2552 nisi
846 2529 939 2564 quem
955 2517 1012 2552 sra-

263 2583 326 2610 tres
351 2573 511 2609 communi
534 2585 704 2616 consensu,
726 2571 772 2606 vel
795 2570 925 2606 fratrum
942 2583 1012 2617 pars

263 2628 384 2664 consilii
407 2627 552 2673 sanioris,
574 2625 752 2662 secundum
773 2625 830 2661 Dei
856 2626 1012 2667 timorem,

1033 316 1062 342 et
1090 307 1169 341 beati
1200 304 1361 339 Benedicti
1400 302 1560 349 regulam,
1589 301 1783 350 providerint

1032 360 1226 406 eligendum.
1249 358 1452 405 Sepulturam
1477 369 1603 403 qnoque
1627 356 1709 390 illius
1724 355 1782 389 loci

1033 414 1162 448 liberam
1196 424 1264 446 csse
1295 410 1512 454 concedimus,
1536 418 1569 444 ut
1591 421 1700 444 eorum
1729 409 1785 443 de-

1034 467 1149 501 votioni
1173 475 1203 500 et
1226 473 1384 499 extremae
1408 463 1573 503 voluntati,
1596 463 1649 510 qui
1673 475 1706 497 se
1723 462 1785 497 illic

1033 520 1158 568 sepeliri
1192 518 1446 557 deliberaverint,
1471 517 1527 551 nisi
1562 517 1640 552 forte
1662 528 1787 551 excom-

1034 573 1184 608 municati
1214 573 1260 607 vel
1284 571 1439 606 interdicti
1467 572 1540 612 sint,
1568 571 1674 605 nullus
1701 570 1787 605 obsi-

1033 636 1110 662 stat:
1147 627 1228 662 salva
1268 634 1372 661 tamen
1416 625 1532 659 iustitia
1560 623 1786 671 parochialium

1034 681 1252 724 ecclesiarum,
1267 693 1282 714 a
1301 680 1418 727 quibus
1440 687 1636 713 mortuorum
1656 689 1787 723 corpora

1034 742 1247 770 assumentur.
1275 733 1485 768 Decernimus
1521 744 1619 778 ergo,
1648 739 1680 765 ut
1709 730 1787 765 nulli

1035 789 1165 824 omnino
1198 788 1362 823 bominum
1396 786 1501 827 liceat,
1525 785 1696 833 praefatum
1720 797 1789 819 mo-

1037 844 1209 878 nasterium
1245 850 1362 877 temere
1394 840 1601 887 perturbare,
1636 847 1689 874 aut
1723 840 1789 873 eius

1037 896 1253 944 possessiones
1274 894 1408 938 auferre,
1431 895 1476 929 vel
1499 894 1619 929 ablatas
1641 893 1789 932 retinere,

1039 951 1207 991 minuere,
1245 961 1300 984 seu
1341 948 1537 995 quibuslibet
1574 946 1792 981 vexationibus

1038 1004 1185 1050 fatigare;
1224 1002 1280 1037 sed
1321 1002 1437 1037 illibata
1471 1009 1502 1036 et
1536 1001 1641 1036 omnia
1669 1001 1792 1046 integra

1038 1065 1274 1102 conserventur,
1301 1069 1421 1097 eorum,
1451 1068 1507 1104 pro
1532 1067 1666 1102 quorum
1684 1055 1794 1101 guber-

1039 1113 1164 1147 natione
1196 1125 1232 1147 ac
1266 1111 1516 1146 substentatione
1537 1121 1686 1145 concessa
1709 1117 1793 1149 sunt,

1040 1167 1149 1202 usibus
1175 1165 1370 1202 omnimodis
1394 1163 1571 1212 profutura:
1595 1163 1679 1198 salva
1701 1162 1794 1197 Sedis

1039 1221 1238 1268 Apostolieae
1264 1220 1459 1259 auctoritate,
1482 1226 1512 1252 et
1534 1217 1712 1252 dioecesani
1731 1217 1795 1264 epi-

1039 1275 1127 1322 scopi
1154 1274 1303 1309 canonica
1341 1273 1468 1308 iustitia.
1492 1272 1525 1307 Si
1555 1284 1618 1319 qua
1652 1283 1726 1317 ergo
1762 1271 1793 1305 in

1041 1330 1178 1364 futurum
1197 1328 1405 1363 ecclesiastica
1429 1327 1635 1362 saecularisve
1647 1337 1793 1373 persona,

1041 1384 1122 1418 hanc
1135 1391 1259 1418 nostrae
1271 1382 1503 1417 constitutionis
1519 1382 1663 1429 paginam
1678 1381 1794 1422 sciens,

1042 1445 1149 1472 contra
1187 1449 1254 1471 eam
1283 1445 1401 1471 temere
1434 1436 1540 1470 venire
1575 1435 1793 1481 temptaverit,

1042 1490 1182 1526 secundo
1198 1491 1327 1525 tertiove
1342 1490 1545 1529 commonita,
1561 1489 1619 1523 nisi
1638 1500 1796 1535 praesum-

1044 1545 1182 1592 ptionem
1205 1557 1294 1579 suam
1317 1556 1456 1590 congrua
1478 1542 1691 1578 satisfactione
1717 1554 1795 1576 cor-

1044 1599 1172 1644 rexerit,
1205 1598 1369 1646 potestatis
1394 1597 1586 1643 honorisque
1613 1596 1661 1631 sui
1688 1595 1796 1641 digni-

1045 1661 1106 1688 tate
1137 1661 1257 1691 careat,
1296 1663 1444 1698 reamque
1479 1663 1511 1685 se
1539 1650 1646 1685 divino
1679 1649 1795 1684 iudicio

1045 1707 1178 1742 existere
1204 1706 1243 1740 de
1266 1713 1442 1753 perpetrata
1475 1704 1640 1751 iniquitate
1674 1716 1795 1750 cogno-

1045 1769 1122 1802 scat,
1144 1771 1173 1796 et
1201 1773 1217 1795 a
1243 1759 1455 1795 sacratissimo
1486 1758 1627 1805 Corpore
1655 1766 1685 1792 et
1713 1757 1796 1792 San-

1046 1816 1141 1862 guine
1175 1814 1304 1850 Domini
1338 1813 1563 1860 Redemptoris
1603 1812 1700 1847 nostri
1726 1811 1796 1846 Iesu

1047 1875 1164 1910 Christi
1201 1874 1301 1909 aliena
1339 1873 1412 1917 fiat,
1448 1881 1542 1920 atque
1586 1872 1616 1905 in
1657 1879 1798 1905 extremo

1047 1934 1190 1969 examine
1208 1932 1365 1967 districtae
1387 1932 1499 1966 ultioni
1526 1930 1701 1971 subiaceat;
1723 1941 1800 1964 cun-

1048 1994 1106 2028 ctis
1132 2000 1237 2027 autem
1260 1991 1362 2026 eidem
1385 1992 1454 2026 loco
1476 2003 1531 2025 sua
1555 1990 1621 2024 iura
1644 1989 1800 2024 servanti-

1049 2056 1108 2090 bus
1131 2056 1170 2090 sit
1192 2067 1253 2102 pax
1278 2054 1409 2089 Domini
1436 2053 1535 2089 nostri
1561 2053 1633 2088 Iesu
1660 2051 1799 2095 Christi,

1049 2123 1205 2162 quatenus
1231 2121 1262 2149 et
1283 2113 1333 2148 bic
1367 2113 1503 2147 fructum
1538 2111 1639 2146 bonae
1667 2110 1801 2145 actionis

1052 2173 1241 2221 percipiant,
1275 2180 1305 2207 et
1339 2171 1422 2219 apud
1457 2170 1636 2205 districtum
1659 2168 1800 2203 Iudicem

1052 2232 1188 2280 praemia
1211 2239 1356 2266 aeternae
1378 2229 1465 2278 pacis
1486 2228 1658 2263 inveniant.
1687 2228 1800 2262 Amen.

1100 2290 1215 2325 Datum
1243 2290 1362 2325 Turon.
1390 2301 1447 2336 per
1467 2300 1596 2323 manum
1629 2283 1802 2322 H'ermanni

1052 2360 1178 2386 sanctae
1200 2350 1363 2385 Romanae
1383 2348 1544 2383 Ecclesiae
1565 2346 1749 2382 subdiaconi
1772 2353 1803 2380 et

1053 2409 1177 2454 notarii,
1195 2421 1269 2443 non.
1289 2407 1379 2452 iunii,
1401 2406 1573 2441 indictione
1595 2417 1639 2446 ιιι,
1658 2405 1803 2439 incarna-

1053 2469 1147 2503 tionis
1190 2466 1369 2502 dominicae
1407 2476 1535 2500 mchin
1551 2491 1559 2504 ,
1602 2462 1803 2510 pontificatus

1054 2526 1161 2562 domni
1188 2523 1360 2559 Alexandri
1382 2522 1488 2570 Papae
1513 2521 1555 2556 Ill
1577 2533 1660 2556 anno
1683 2533 1727 2555 lv,

1130 2587 1191 2617 Dat.
1214 2586 1261 2617 die
1283 2586 1301 2615 5
1319 2585 1394 2615 iunii
1412 2593 1489 2614 anno
1507 2582 1623 2614 Domini
1642 2581 1729 2621 1163,

1305 2629 1408 2671 pontis.
1426 2638 1502 2660 anno
1519 2636 1556 2659 lv.

1799 247 1849 273 An,
1869 247 1895 271 C.
1915 247 1982 272 ¹¹03

1826 360 1959 385 Sepulturam

1800 396 1881 416 quoquc
1897 390 1946 409 inibi
1958 390 1988 409 so·

1800 426 1822 440 re
1839 420 1925 440 tmen-m
1941 426 1989 446 piu-

1801 452 1894 476 nunciat,

1816 741 1928 762 Decretum
1954 746 1990 765 pro

1803 773 1993 792 indemnitatenm-

1803 806 1891 823 nastrrii
1932 803 1992 822 eius-

1804 835 1863 859 dem3

1822 1283 1871 1304 Cum
1926 1283 1996 1305 solitis

1808 1314 1910 1336 clausulis
1943 1318 1998 1338 puc-

1808 1345 1899 1366 natibus.
