2180 3205
172 220 221 247 An.
240 220 269 247 C.
288 220 354 249 ¹138

171 285 190 300 ct
211 281 230 302 S.
253 281 274 301 R.
296 281 351 304 Eccl

191 313 327 334 rardinalium

167 343 345 370 subscriptiones.

179 2057 308 2080 Prooemium.

419 210 491 244 450

416 273 485 319 Ego
511 271 672 308 Gerardus
694 270 856 318 presbyter
878 268 1045 304 cardinalis
1068 268 1112 302 tit.

366 321 500 357 Sanctae
523 321 662 356 Crucis
656 333 686 354 in
711 318 906 354 Hierusalem
929 317 1112 364 subscripsi.

415 371 483 417 Ego
515 370 724 404 Teodewinus
751 368 785 403 S.
814 367 957 403 Rulliuae
984 368 1114 414 episco-

366 433 425 467 pus
447 419 630 465 subscripsi.

414 469 482 515 Ego
505 468 674 502 Anselmus
696 466 856 514 presbyter
874 465 1042 501 cardinalis
1065 465 1111 499 tit.

363 516 470 553 Sancti
498 517 658 552 laurentii
685 516 716 551 in
738 515 860 550 Lucina
881 515 1065 562 subscripsi

411 567 478 614 Ego
511 566 700 601 Lictifredus
742 565 904 612 presbyter
945 564 1111 599 cardinalis

363 595 457 651 titul?
463 615 612 651 Vestinae
633 615 815 660 subscripsi.

410 666 479 712 Ego
509 665 612 700 Lucas
644 664 805 712 presbyter
832 662 1000 698 cardinalis
1029 662 1108 696 tituli

361 710 550 750 Sanctorum
565 714 692 749 Ioannis
715 721 744 748 et
765 712 854 747 Pauli
873 712 1056 758 subscripsi.

409 764 478 810 Ego
499 764 653 798 Martinus
683 762 846 811 presbyter
871 761 1038 796 cardinalis
1062 761 1106 794 tit.

359 811 392 848 S.
415 813 568 860 Stephani
590 825 632 848 ss

408 862 521 897 Datum
549 861 693 897 Laterani
717 873 771 908 per
798 872 925 895 manum
950 859 1107 907 Aymerici

357 920 483 946 sanctae
504 911 665 946 Romanae
687 910 848 945 Ecclesiae
881 909 1005 944 diaconi
1037 920 1108 943 car-

357 960 483 1001 dinalis,
505 969 535 995 et
552 960 743 999 cancellarii
766 971 800 993 iv
823 958 884 993 kal.
914 959 997 1002 maii,
1020 958 1107 991 indi-

357 1010 461 1045 ctione
496 1022 541 1053 11,
582 1013 627 1053 (l)
664 1008 840 1044 dominicae
881 1007 1106 1042 incarnationis

355 1070 438 1093 anno
464 1071 660 1097 mcxxxvm.
689 1057 891 1104 pontificatus
917 1057 1026 1092 domni
1053 1056 1106 1091 In-

355 1109 490 1143 nocentii
511 1108 616 1155 Papae
641 1107 670 1141 11
695 1119 777 1141 anno
804 1119 823 1140 x
851 1108 908 1150 (2).

405 1164 467 1195 Dat.
489 1166 536 1195 die
554 1165 591 1195 28
609 1164 713 1203 aprilis
737 1172 812 1193 anno
831 1162 947 1192 Domini
966 1163 1052 1200 1138,

600 1208 702 1249 pontif.
725 1217 801 1237 anno
820 1217 856 1237 tx.

697 1352 748 1387 Lt.

351 1429 532 1473 Assiqnacio
558 1430 668 1473 finium
702 1430 737 1463 S.
765 1428 795 1461 F
795 1428 961 1472 ulqinaten.
997 1429 1102 1461 Eccle-

399 1480 472 1517 siae,
488 1480 572 1512 cuius
587 1480 665 1512 bona
681 1479 785 1511 οιηηιά
801 1479 1024 1522 confirmantur
1039 1479 1100 1519 (5).

617 1559 831 1593 SUMMARtUtl

351 1625 540 1656 Prooemium.
557 1643 597 1648 —
614 1625 692 1655 Bona
712 1625 862 1655 Ecclesiae
882 1625 1101 1655 confirmantur.

389 1687 430 1693 —
457 1670 545 1700 Fines
568 1670 714 1700 dioecesis
747 1670 931 1708 Fulginaten.
963 1687 1003 1691 —
1024 1669 1103 1698 Enu-

392 1715 513 1744 meratio
540 1711 694 1744 bonorum.
725 1731 766 1736 —-
796 1713 958 1743 lnnocentii
990 1712 1043 1742 PP.
1075 1718 1102 1742 et

392 1758 420 1789 S.
443 1758 475 1788 R.
497 1757 574 1787 Eccl.
592 1758 788 1787 cardinalium
812 1758 1058 1796 subscriptiones.

349 1828 519 1857 Innocentius
536 1829 675 1864 episcopus
694 1835 789 1857 servus
813 1835 952 1856 servornm
971 1827 1026 1860 Dei,
1057 1836 1101 1856 ve-

393 1878 509 1906 nerabili
527 1877 613 1906 fratri
629 1878 769 1907 Benedicto
788 1878 912 1914 episcopo
936 1875 1100 1912 fulginensi.

394 1927 504 1963 eiusque
527 1927 725 1955 successoribus
749 1927 874 1955 canonice
894 1926 1100 1959 substituendis.

395 1976 558 2005 salutern·in
576 1977 747 2012 perpetuum.

399 2041 732 2089 incomprehensibilis
752 2049 783 2076 et
805 2041 969 2076 ineffabilis
996 2041 1100 2077 divina

351 2092 510 2126 miseratio
534 2092 696 2138 potestatis
724 2103 781 2125 nos
802 2090 861 2126 hac
885 2091 1100 2138 providentiae

350 2141 470 2175 ratione
493 2141 524 2174 in
550 2140 752 2187 Apostolicae
779 2140 873 2175 Sedis
899 2140 1100 2175 administra-

349 2190 434 2224 tione
469 2190 642 2234 constituit,
679 2197 712 2223 ut
747 2197 907 2236 paternam
945 2190 1100 2224 universis

348 2238 502 2273 Ecclesiis
524 2238 758 2273 solicitudinem
781 2250 891 2284 gerere
905 2239 1098 2274 studeamus.

348 2287 496 2329 Proinde,
520 2288 667 2322 venerab.
692 2289 721 2322 in
743 2287 870 2322 Christo
897 2287 966 2322 frat.
996 2287 1101 2323 Bene-

347 2335 428 2370 dicte
450 2337 608 2383 episcope,
633 2337 695 2371 tuis
718 2337 807 2371 iustis
831 2337 1099 2383 postulationibus

347 2384 452 2418 debita
489 2385 679 2430 benignitate
711 2386 901 2426 annuimus,
933 2394 963 2420 et
990 2386 1101 2432 Fulgi-

348 2444 479 2467 nensem
495 2434 683 2478 Ecclesiam,
705 2435 755 2469 cui
773 2435 839 2469 Deo
856 2443 985 2469 auctore
1010 2447 1101 2482 prae-

348 2492 417 2516 esse
445 2482 652 2527 diguosceris‚
680 2484 881 2530 Apostolicae
913 2483 1007 2518 Sedis
1037 2484 1100 2531 pri-

383 2546 422 2580 (t)
441 2546 507 2581 Lege
526 2555 544 2573 ι.
583 2547 623 2582 (Ξ)
639 2549 705 2583 Lege
723 2556 763 2574 tx.
803 2548 841 2583 (5)
858 2549 898 2575 Ex
913 2548 1027 2583 Ughett„
1041 2549 1097 2576 ital.

347 2586 417 2618 Sac,
436 2590 499 2612 tom.
521 2595 539 2618 i,
558 2587 601 2613 ubi
617 2588 650 2614 de
665 2588 793 2622 Fulginat.
815 2589 954 2623 episcopis.

944 214 1106 237 BULLARtt‘
1111 214 1133 236 Μ
1162 214 1324 236 RostANt'u

1158 267 1273 313 vilegio
1295 268 1548 308 coniniuuimus;
1564 276 1749 312 statuenteS,
1763 276 1795 303 ut
1810 280 1904 315 quas-

1157 329 1293 363 cumque
1317 318 1549 362 possessionis
1578 330 1795 372 quaecumque
1823 319 1902 353 bona

1156 366 1264 400 eadem
1294 365 1571 413 Ecclesi·1iinpia‹
1575 375 1745 400 scutrarum
1770 367 1849 402 iuste
1871 375 1902 402 et

1156 415 1305 449 canonice
1329 415 1483 461 possidet,
1505 423 1558 449 aut
1581 416 1610 449 in
1641 415 1779 449 futurum
1807 417 1902 450 ratio-

1156 464 1314 498 nabilibus
1349 463 1470 504 modis,
1505 464 1572 498 Deo
1608 465 1760 511 propitio,
1790 466 1902 512 poterit

1155 513 1298 559 adipisci,
1316 513 1402 548 firma
1422 513 1476 547 tibi
1494 514 1617 560 tuisque
1635 515 1900 560 praecessoribus,

1155 571 1184 596 et
1221 563 1336 597 illibata
1360 572 1573 609 permaneant.
1607 562 1775 598 Sancimus
1789 564 1899 608 etiam,

1156 620 1187 645 ut
1218 612 1352 646 universi
1384 612 1463 646 fines
1487 612 1663 658 parochiae,
1686 612 1767 647 sicut
1800 625 1816 647 a
1840 614 1900 648 tuis

1153 661 1390 696 successoribus
1417 673 1517 707 usque
1544 661 1639 695 hodie
1660 669 1733 696 sunt
1751 663 1898 708 possessi,

1153 710 1191 744 ita
1228 710 1356 744 omnino
1390 710 1510 756 integra
1549 719 1610 744 tam
1647 710 1814 757 tibiquam
1839 712 1900 746 tuis

1152 759 1388 794 successoribus
1421 760 1452 794 iu
1486 767 1672 807 perpetuum
1707 771 1905 795 conserunt-⁴

1153 816 1211 843 tur.
1235 809 1377 844 Primum
1404 809 1531 855 quidem
1560 810 1640 843 latus
1661 822 1677 843 a
1699 809 1801 844 'l'imia
1817 810 1899 845 radit

1152 858 1181 892 in
1210 858 1326 892 flumen
1350 858 1525 893 Mortuum:
1561 858 1738 893 secuudum
1779 860 1859 893 latus
1881 872 1897 894 a

1150 906 1280 942 flumine
1316 906 1440 942 Mortuo
1473 909 1502 942 in
1530 908 1647 942 fontem
1683 907 1841 949 Palumbi,
1867 917 1899 943 et

1150 956 1285 1002 primum
1308 956 1341 991 S.
1364 956 1517 1003 Stephani
1535 957 1573 992 ad
1597 956 1732 992 Crucem
1755 957 1788 992 S.
1813 958 1897 992 Mar-

1150 1005 1219 1049 tini,
1248 1006 1319 1041 inde
1345 1006 1382 1040 ad
1419 1006 1594 1046 Cerretum,
1629 1014 1659 1041 et
1685 1006 1723 1040 ad
1762 1007 1894 1041 rivulum

1148 1053 1258 1089 Foiani
1293 1067 1391 1101 usque
1429 1055 1468 1089 ad
1503 1055 1661 1099 rivulum,
1698 1055 1750 1102 qui
1780 1055 1896 1091 dicitur

1148 1102 1295 1138 Griscus:
1332 1104 1456 1138 tertium
1496 1104 1575 1139 latus
1608 1104 1646 1138 ab
1681 1105 1748 1151 ipso
1781 1104 1895 1140 Grisco

1148 1154 1291 1199 pervenit
1317 1153 1355 1188 ad
1383 1152 1529 1188 Corniale
1550 1154 1588 1188 de
1609 1153 1772 1200 Vaceagna
1796 1166 1894 1201 usque

1147 1202 1184 1235 ad
1218 1202 1344 1237 clivium
1371 1202 1499 1245 Martis,
1534 1210 1564 1237 et
1599 1203 1670 1237 inde
1704 1203 1742 1237 ad
1781 1203 1893 1238 collem

1146 1251 1240 1295 Iovis,
1275 1259 1305 1286 et
1338 1251 1501 1286 descendit
1537 1264 1591 1299 per
1617 1251 1771 1287 directum
1794 1265 1894 1300 usque

1146 1300 1183 1334 ad
1206 1300 1341 1335 Crucem
1364 1300 1468 1335 Sancti
1489 1301 1607 1336 Mauri:
1628 1313 1643 1335 a
1662 1309 1772 1348 quarto
1798 1301 1894 1337 latere

1146 1361 1254 1384 versus
1289 1350 1378 1385 Dona
1413 1351 1495 1384 iuxta
1530 1350 1670 1397 Spellam
1698 1351 1839 1397 pervenit
1861 1352 1892 1385 in

1145 1399 1360 1445 supradictum
1390 1400 1506 1434 flumen
1535 1400 1682 1434 Timiam.
1714 1399 1894 1435 Confirma-

1145 1460 1215 1482 mns
1238 1449 1365 1494 iusuper
1388 1448 1484 1487 vobis,
1504 1458 1533 1483 et
1562 1461 1617 1495 per
1643 1461 1698 1483 vos
1725 1449 1758 1484 S.
1782 1449 1893 1496 Fulgi-

1145 1497 1233 1531 nensi
1265 1497 1438 1541 Ecclesiae,
1463 1499 1585 1544 plebem
1611 1498 1644 1533 S.
1678 1498 1828 1533 lobannis
1853 1499 1892 1534 de

1144 1545 1226 1580 Foro
1245 1546 1384 1580 fluminis
1405 1560 1476 1581 cum
1500 1548 1641 1582 ecclesiis
1663 1548 1740 1592 suis,
1768 1547 1891 1594 plebem

1145 1595 1177 1628 S.
1218 1595 1366 1629 Iohannis
1405 1595 1444 1630 de
1480 1596 1604 1631 Dilecto
1643 1608 1714 1630 cuin
1749 1597 1892 1632 ecelesiis

1144 1644 1220 1686 suis,
1246 1644 1367 1690 plebem
1395 1645 1428 1679 S.
1450 1644 1597 1680 Feliciani
1620 1645 1658 1679 de
1680 1645 1808 1685 Butino,
1824 1646 1892 1693 ple-

1145 1692 1213 1727 bem
1233 1694 1271 1727 (le
1290 1693 1324 1728 S.
1343 1693 1439 1728 Maria
1460 1693 1556 1737 Nova,
1577 1694 1700 1741 plebem
1724 1694 1756 1729 S.
1777 1695 1892 1730 Mariae

1144 1742 1182 1776 dc
1204 1742 1356 1788 Fulginea
1384 1755 1455 1777 cum
1490 1743 1631 1778 ecclesiis
1657 1751 1686 1778 et
1711 1745 1892 1790 possessio-

1145 1791 1238 1825 nibus
1272 1804 1393 1832 eorum,
1432 1792 1554 1838 plebem
1590 1793 1624 1827 S.
1657 1792 1833 1837 Valentini,
1860 1802 1892 1828 et

1145 1839 1267 1886 plebem
1290 1841 1328 1875 de
1354 1841 1526 1881 Rovelleta‚
1552 1850 1581 1875 et
1610 1841 1732 1888 plebem
1760 1842 1794 1877 S.
1823 1843 1891 1877 Ma-

1144 1889 1208 1923 riae
1240 1889 1278 1924 de
1314 1889 1465 1936 Scopulo,
1500 1891 1622 1937 plebem
1657 1890 1690 1925 S.
1713 1891 1830 1926 Mariae
1853 1892 1891 1926 de

1143 1937 1302 1973 Fellonica
1325 1951 1399 1973 cum
1423 1939 1676 1986 possessionibus
1697 1948 1726 1974 et
1748 1940 1890 1975 ecclesiis

1143 1999 1262 2028 earum,
1291 1988 1413 2034 plebem
1446 1988 1485 2022 de
1513 1988 1730 2035 Cassiguano,
1766 1989 1889 2036 plebem

1143 2037 1182 2071 de
1204 2037 1392 2077 Porcarella,
1421 2045 1452 2071 et
1479 2037 1603 2084 plebem
1629 2038 1664 2072 S.
1691 2038 1826 2073 Andreae
1849 2039 1890 2074 de

1143 2085 1229 2120 Orbe
1250 2098 1320 2121 cum
1343 2086 1485 2121 ecclesiis
1498 2095 1528 2121 et
1548 2087 1745 2133 pertinentiis
1769 2099 1888 2122 earum.

1142 2135 1241 2169 Porro
1255 2135 1418 2170 castellum
1440 2135 1720 2171 Landolinaecum
1741 2148 1797 2171 sua
1817 2149 1890 2182 pos-

1143 2185 1301 2229 sessione,
1341 2193 1371 2219 et
1404 2186 1628 2220 monasterium
1655 2185 1764 2220 Sancti
1806 2185 1888 2220 Petri

1143 2246 1214 2268 cum
1237 2234 1303 2268 suis
1327 2234 1590 2280 possessionibus,
1611 2234 1776 2269 ecclesiam
1803 2247 1891 2281 quo-

1143 2295 1203 2329 que
1226 2282 1259 2317 S.
1286 2283 1402 2318 Mariae
1424 2283 1462 2317 de
1484 2283 1629 2329 Rignano
1648 2295 1719 2318 cum
1742 2283 1890 2318 omnibus

1144 2339 1338 2378 pertinentiis
1373 2345 1449 2372 suis,
1486 2345 1515 2366 in
1541 2341 1594 2366 tuo
1616 2339 1647 2366 et
1667 2340 1795 2367 tuorum
1816 2344 1890 2367 suc-

1143 2393 1301 2415 cessorum
1341 2381 1503 2415 dominatu
1543 2393 1668 2427 semper
1706 2392 1890 2428 permanere

1142 2441 1317 2464 censemus.
1352 2429 1545 2464 Cauonicam
1573 2442 1647 2464 vero
1673 2429 1706 2464 S.
1734 2429 1889 2464 Feliciani

1142 2490 1213 2512 cum
1247 2478 1394 2513 omnibus
1430 2479 1638 2525 pertinentiis,
1674 2478 1721 2513 vel
1749 2478 1889 2512 ecclesiis

1142 2527 1219 2570 suis,
1242 2527 1280 2561 ita
1303 2527 1361 2562 sub
1389 2536 1491 2562 vestro
1523 2528 1690 2562 statuimus
1712 2526 1779 2561 iure
1811 2539 1890 2573 per-

1142 2576 1266 2621 sistere,
1290 2584 1322 2610 ut
1339 2576 1445 2611 nullus
1467 2577 1507 2611 ibi
1536 2576 1742 2622 praepositus,
1766 2576 1891 2611 nullus-

1920 215 1970 241 An.
1988 212 2016 240 C.
2036 213 2102 241 1¹38

1930 335 1986 356 Bona
1992 334 2102 356 Ecclesiae

1917 367 2075 388 confirmantur.

1927 827 1989 850 Fines
2011 830 2097 851 dioece-

1913 860 1942 880 sis
1961 859 2093 886 rutginaieu.

1928 1421 2062 1444 Enumeratio

1939 1454 2049 1474 bonorum.
