2180 3205
39 265 86 294 An.
107 264 136 292 C.
154 263 222 292 ¹¹20

77 1005 214 1027 cluniacense

52 1033 199 1054 monasterium

45 1059 84 1080 sub
110 1062 212 1085 perpetuo

40 1085 83 1107 inre
97 1085 158 1108 Scitis
166 1087 220 1112 Apu-

40 1113 134 1134 notitae.

57 1252 176 1277 Pontifices,
185 1253 221 1280 qui

65 1279 153 1304 iritegiis
170 1279 222 1300 ittud

54 1308 150 1327 ommni.

64 1792 149 1814 Limites
163 1793 225 1814 iuris-

43 1819 140 1841 dictionis
152 1825 226 1841 mona·

50 1846 108 1867 stoi-it
133 1846 220 1868 Clunia-

44 1873 118 1894 umis.

54 2275 165 2303 Privitogia
173 2283 228 2304 quae

54 2303 122 2324 eidem
148 2304 222 2325 contir-

47 2331 134 2351 untur.

885 263 923 286 CA
929 261 1038 285 t.tx·rt's
1063 260 1086 282 ΙΙ
1110 260 1158 281 ΙΨ.

1664 243 1735 275 503

285 323 395 362 vilegia
412 331 487 362 quae
515 321 609 351 eidem
639 319 858 349 confirmantur.
876 334 915 338 —
936 315 997 345 Ab·
1042 312 1278 349 Ecclesiarum,
1314 312 1460 349 fluuium
1499 316 1529 344 et
1562 307 1788 343 nimiter-iorum

284 368 381 398 batiae
411 367 506 397 eidem
541 365 709 400 subiectae,
741 364 769 393 in
803 361 914 401 quihus
940 369 996 389 non

285 411 412 450 eligendi
432 409 630 447 abbates,nisi
646 409 744 439 habito
758 407 838 447 prius
851 413 996 435 consensu

284 455 399 486 abbatis
422 453 635 484 cluniacensis.
653 469 692 475 —
706 449 881 481 Omnimoda
902 457 998 477 exem-

283 500 343 539 ptio
354 509 368 528 a
382 507 569 538 quocumque
580 496 747 535 gravamine
760 494 847 524 etiam
863 493 996 522 decima—

283 552 361 580 rum,
377 547 431 572 ete.
448 559 488 564 —
507 542 538 571 ln
563 550 620 580 quo
639 540 675 570 ab
695 538 842 578 episcopis
863 537 994 566 locorum

284 587 449 626 dependere
477 585 601 615 debcant
619 583 756 613 monachi
773 582 816 611 vel
832 580 995 621 presbyteri

283 635 385 656 eorum
408 625 550 655 Ecclesiis
582 623 785 653 inservientes.
807 638 846 644 —
872 620 918 649 lus
946 629 996 649 cu-

283 666 372 696 dendi
395 669 539 696 monetas,
556 680 596 686 —
615 663 724 693 Solitac
753 661 903 690 clausulae
928 669 997 688 ron-

284 706 434 736 [irmantes
456 707 638 743 praesentem
668 701 815 741 paginam.
834 717 874 722 —
894 700 995 729 Calixti

282 745 338 775 1¹1³.
358 744 550 783 subscriptio.

243 806 366 835 calixtus
385 805 525 842 episeopus
544 810 639 832 servus
658 809 798 831 servorum
816 801 871 833 Dei,
892 800 995 828 chat-is·

288 851 357 880 simo
374 851 403 879 in
416 850 523 878 Christo
532 849 587 877 filio
602 848 694 876 Pontio
710 846 879 875 Cluniacensi
892 845 994 877 abbati,

287 896 398 932 eiusque
416 894 615 923 successoribus
643 892 810 928 regulariter
829 891 994 919 substituen-

288 940 342 973 dis,
361 940 390 968 in
409 940 580 976 perpetuum.

292 1001 469 1049 Religionis
491 1000 683 1036 monasticae
717 998 880 1033 modernis
912 1005 995 1032 tem-

244 1051 375 1099 poribus
395 1051 574 1098 speculum,
596 1058 627 1084 ct
653 1050 682 1083 in
711 1048 882 1083 Galliarum
902 1047 996 1094 parti-

245 1099 306 1137 hus‘
320 1101 559 1144 documentum,
576 1099 664 1133 Beati
686 1097 770 1132 Petri
784 1096 995 1132 Cluniacense

246 1150 470 1186 monasterium
511 1149 550 1184 ab
585 1149 653 1195 ipso
691 1159 765 1181 suae
803 1146 994 1182 fundationis

245 1199 375 1235 exordio
397 1199 471 1234 Sedi
490 1197 692 1245 Apostolicae
707 1197 738 1230 in
760 1196 809 1230 ius
831 1196 993 1242 proprium

245 1257 293 1283 est
307 1248 458 1284 oblatum.
481 1246 619 1282 Proinde
636 1246 746 1280 Patres
760 1245 855 1279 nostri
871 1251 996 1278 sanctae

246 1296 614 1333 recordationisloannes
626 1295 683 1338 XI,
697 1295 769 1328 item
783 1293 994 1332 IoanneleI,

247 1347 402 1394 Agapitus
423 1345 464 1390 ll,
492 1345 683 1379 Benedictus
709 1343 762 1383 VI,
789 1344 862 1377 item
889 1343 996 1377 Bene-

247 1397 350 1430 dictus
382 1395 456 1434 Vll,
495 1395 560 1429 Leo
594 1393 672 1437 Vll,
713 1393 785 1426 item
831 1392 894 1426 Leo
935 1391 995 1435 lx,

246 1444 419 1491 Gregorius
445 1443 498 1484 Vl,
525 1444 599 1477 item
622 1441 795 1487 Gregorius
816 1440 884 1484 Vll,
914 1440 995 1474 Ate-

245 1494 366 1529 xander
386 1493 427 1536 11,
454 1492 647 1539 Stephanus,
672 1491 781 1525 Victor
804 1490 858 1533 ΙΙΙ,
893 1489 997 1524 Urba-

248 1555 310 1578 nus
349 1543 377 1577 ll
394 1570 401 1582 ,
434 1542 596 1576 Pascbalis
630 1540 657 1574 tl
698 1548 728 1574 et
768 1539 911 1574 Gelasius
950 1538 996 1582 ll,

247 1592 409 1627 Ecclesiae
437 1591 597 1626 Romanae
623 1589 807 1629 Pontifices,
830 1589 932 1622 locum
955 1589 998 1633 ip-

248 1654 318 1676 sum
354 1641 522 1687 singularis
555 1639 749 1679 dilectionis,
784 1650 820 1672 ac
847 1637 998 1671 libertatis

248 1690 462 1738 praerogativa
486 1689 655 1728 donarunt,
679 1696 709 1722 et
732 1687 873 1722 universa
889 1687 914 1720 ei
932 1699 998 1733 per-

249 1740 379 1774 tinentia
409 1739 644 1786 privilegiorum
669 1749 797 1771 suorum
826 1736 999 1770 sanctioni-

249 1788 310 1823 bus
331 1789 549 1823 muniverunt.
584 1787 742 1822 Statutum
771 1793 816 1820 cst
843 1785 943 1822 enim,
966 1793 999 1818 ut

250 1850 362 1873 omnes
384 1837 559 1878 Ecclesiae,
586 1836 750 1875 cimiteria,
778 1834 938 1877 monachi,
970 1842 999 1868 et

251 1887 320 1922 laici
349 1886 485 1922 universi
514 1885 590 1920 infra
619 1885 770 1919 terminos
804 1883 998 1923 habitantes,

251 1937 305 1983 qui
333 1946 407 1970 sunt
428 1947 444 1970 a
467 1936 532 1969 rivo
554 1935 593 1969 de
614 1934 733 1973 Salnai,
755 1942 785 1967 et
807 1933 846 1967 ab
868 1932 1000 1967 ecclesia

251 1985 378 2020 Rusiaci
401 1993 432 2020 et
458 1984 561 2018 Cruce
583 1984 622 2018 de
651 1983 803 2021 Lornant,
827 1994 842 2015 a
866 1982 1000 2029 termjno

252 2047 379 2082 quoque
403 2033 572 2068 molendini
601 2032 640 2066 de
661 2031 853 2071 Tornasacb,
877 2043 932 2078 per
949 2030 1001 2064 vit-

252 2083 331 2126 lam,
353 2095 432 2130 quae
454 2083 570 2117 dicitur
596 2081 755 2121 varentia,
782 2092 852 2115 cum
874 2092 1001 2114 nemore

253 2132 403 2167 Burseio:
442 2144 457 2166 a
494 2131 627 2166 termino
662 2131 773 2173 etiam,
809 2129 860 2175 qni
889 2129 1003 2163 dicitur

253 2181 380 2222 Perois,
407 2181 444 2216 ad
476 2180 576 2214 rivum
606 2192 705 2225 usqne
728 2179 766 2212 de
788 2177 912 2219 Salnai,
944 2177 1003 2211 sub

254 2229 456 2276 Apostolicae
479 2238 598 2263 tantum
621 2229 714 2262 Sedis
731 2228 797 2260 iure
818 2239 853 2261 ac
869 2227 1003 2259 tuitione

255 2286 469 2327 permaneant.
492 2278 602 2323 Neque
625 2277 683 2322 ipsi
707 2276 924 2310 Cluniacensis
945 2274 1003 2307 loci

257 2327 444 2375 presbytcri,
461 2327 619 2361 autetiam
635 2325 825 2369 parochiani⁷
847 2324 884 2358 ad
901 2324 1006 2356 cuius-

255 2377 344 2417 libet,
372 2377 431 2410 nisi
454 2375 590 2410 Romani
622 2374 785 2408 pontilicis
812 2381 843 2406 et
879 2371 1007 2406 Clunia-

258 2426 362 2461 censis
383 2425 504 2459 abbatis
536 2431 687 2469 cogantur
709 2423 752 2456 ire
774 2421 929 2469 synodum
959 2421 1004 2453 vel

257 2482 460 2510 conventum.
483 2472 566 2508 Sane
589 2484 644 2519 pro
666 2471 807 2514 abbatis,
835 2470 1007 2504 monacho-

259 2536 347 2568 rum,
386 2535 441 2558 seu
477 2522 680 2561 clericorum,
720 2520 797 2554 infra
834 2518 1007 2565 praedictos

259 2573 412 2607 terminos
449 2571 653 2606 habitantium
696 2569 912 2611 ordinatione,
952 2579 1008 2613 pro

261 2621 440 2657 chrismatis
475 2620 690 2662 confectione,
726 2631 782 2666 pro
819 2619 898 2652 sacri
932 2617 1009 2662 olei,

1041 361 1287 403 consecratione,
1309 361 1518 395 cluniacense
1543 356 1787 397 monasterium,

1039 423 1133 459 quem
1158 410 1312 449 maluerit,
1335 409 1503 444 antistitem
1519 414 1681 442 convocet.
1709 405 1789 441 Clu-

1041 461 1202 495 niaccnscs
1219 457 1555 503 monact1os,vit›itibet
1576 459 1621 500 (t)
1636 455 1789 490 habitan-

1039 517 1100 550 tes,
1137 508 1220 543 nulla
1253 508 1381 543 omnino
1415 513 1547 554 persona
1568 513 1693 552 praeter
1719 504 1788 539 Ro-

1039 571 1165 593 manum
1198 557 1403 597 Pontificem,
1438 565 1467 590 et
1489 555 1639 601 legatum,
1666 554 1718 601 qui
1747 553 1785 588 ad

1039 608 1097 642 hoc
1119 608 1233 642 missus
1255 606 1359 645 fucrit,
1387 605 1638 640 excommunicet
1671 611 1702 638 et
1735 603 1788 637 in-

1038 657 1178 692 terdicat.
1203 656 1301 691 Porro
1323 655 1347 689 si
1371 666 1534 697 monacuS,
1556 654 1701 692 clericus,
1734 660 1788 686 aut

1038 707 1159 747 laicus,
1180 706 1243 740 sire
1271 704 1437 739 cuiuslibet
1464 703 1584 738 ordinis
1618 702 1788 749 professio-

1038 756 1124 791 nisvc
1148 767 1291 802 persona,
1319 754 1378 788 nisi
1408 754 1485 787 forte
1512 759 1594 786 certa
1621 752 1659 785 de
1691 762 1787 786 causa

1037 805 1308 840 excommunicata
1337 803 1393 847 sit,
1420 801 1676 837 Cluniacensium
1700 800 1789 834 clau-

1038 863 1172 889 strorum
1202 853 1382 888 mansiones
1404 851 1544 897 elegerit,
1572 850 1690 896 absque
1708 861 1788 883 con-

1038 904 1223 938 tradictione
1257 902 1389 936 alicuius
1415 899 1615 946 suscipiatur,
1643 906 1672 933 et
1706 910 1786 944 quae

1037 953 1075 987 de
1102 965 1158 987 suo
1182 952 1248 986 iure
1271 951 1418 991 attulerit,
1446 949 1572 983 libe-rea
1596 947 1784 982 monasterio

1037 1002 1220 1037 habeantur.
1244 1000 1373 1041 Altaria,
1398 998 1563 1039 cimiteria,
1590 1005 1621 1032 et
1647 996 1788 1032 decimae

1037 1051 1297 1086 Cluniacensium
1342 1048 1588 1091 monachorum,
1626 1054 1656 1080 et
1691 1057 1789 1093 quae-

1037 1113 1173 1148 cumque
1200 1100 1278 1134 iuris
1300 1110 1410 1133 eorum
1433 1105 1518 1139 sunt,
1545 1109 1560 1130 a
1582 1095 1709 1131 nemine
1736 1107 1789 1129 au-

1037 1150 1176 1184 ferantur
1216 1149 1261 1183 vel
1303 1148 1497 1182 minuantur.
1536 1145 1583 1180 De
1620 1144 1786 1179 monachis

1037 1208 1089 1233 aut
1111 1197 1309 1233 monasteriis
1331 1195 1595 1231 Cluniacensibus
1621 1193 1697 1228 nulli
1717 1194 1786 1240 epi-

1037 1260 1219 1295 scoporum,
1247 1246 1332 1282 salvo
1359 1246 1425 1280 iure
1452 1244 1622 1284 canonico,
1650 1243 1675 1277 si
1702 1242 1786 1290 quod

1038 1298 1068 1331 in
1101 1298 1146 1332 eis
1178 1296 1311 1339 habent,
1349 1295 1439 1329 liceat
1473 1294 1627 1333 iudicare3
1661 1292 1714 1326 sed
1745 1291 1785 1326 ab

1038 1346 1147 1381 abbate
1189 1345 1391 1380 Cluniacensi
1432 1343 1548 1378 iustitia
1591 1342 1785 1388 requiratur:

1037 1408 1130 1442 quam
1154 1395 1179 1429 si
1202 1394 1283 1441 apud
1301 1406 1371 1428 eum
1386 1393 1526 1426 invenire
1540 1390 1714 1438 nequiverit
1730 1392 1785 1432 (2),

1038 1444 1074 1478 ad
1098 1444 1214 1478 Sedent
1238 1442 1451 1489 Apostolicam
1475 1448 1661 1475 recurratur.
1685 1439 1719 1472 ln
1736 1439 1788 1472 ab·

1039 1493 1143 1533 batiis,
1177 1505 1257 1539 quae
1285 1504 1355 1526 cum
1385 1491 1450 1525 suis
1472 1489 1636 1524 abbatibus
1667 1488 1790 1522 ordina-

1039 1543 1114 1577 tioni
1137 1541 1357 1576 Cluniacensis
1377 1539 1558 1574 monasterii
1588 1538 1677 1572 datae
1699 1545 1787 1577 sunt,

1040 1592 1182 1625 videlicet
1216 1591 1250 1625 S.
1289 1589 1439 1624 Martialis
1472 1587 1726 1625 Lemovicensis,
1753 1586 1787 1620 S.

1040 1641 1152 1687 Eparci
1187 1639 1459 1685 Engolismcnsis,
1499 1636 1678 1671 monasterii
1710 1635 1786 1669 Novi

1040 1690 1195 1733 pictavis,
1228 1689 1334 1724 Sancti
1367 1687 1516 1721 Iohannis
1540 1685 1790 1732 Angeliacensis,

1041 1739 1221 1773 monasterii
1243 1737 1434 1779 Lesatensis7
1460 1734 1699 1783 Moysiacensis,
1734 1733 1791 1767 Fi-

1041 1788 1213 1834 giacensis,
1240 1795 1269 1822 et
1292 1787 1325 1821 S.
1351 1786 1456 1831 Egidii
1480 1784 1720 1819 Hemausensis:
1759 1783 1788 1816 in

1042 1837 1204 1877 Arvernia,
1225 1835 1462 1873 Mausiacensis,
1490 1833 1688 1869 Tiernensis,
1716 1831 1790 1865 Me-

1044 1886 1202 1921 nacensis:
1229 1886 1266 1919 in,
1283 1886 1465 1932 episcopatu
1489 1883 1639 1919 Eduensi,
1661 1880 1790 1914 Vizelia-

1043 1936 1163 1970 censis:
1192 1935 1223 1969 in
1257 1933 1531 1971 Antisiodorensi,
1559 1931 1592 1965 S.
1621 1929 1788 1964 Germani:

1045 1985 1073 2018 in
1097 1984 1328 2021 cameracensi,
1345 1981 1594 2017 Hunol-Curtis:
1619 1980 1648 2013 in
1669 1978 1792 2012 Rodio-

1045 2046 1213 2078 magense,
1249 2033 1370 2067 abbatia
1394 2031 1475 2077 apud
1500 2030 1630 2064 Pontem
1659 2028 1788 2062 Saram:

1046 2084 1075 2116 in
1099 2082 1321 2124 Tarcurnensi,
1343 2080 1376 2115 S.
1392 2079 1511 2113 Bertini
1536 2087 1564 2112 et
1587 2078 1621 2111 S.
1641 2076 1791 2110 Wlmari:

1046 2132 1074 2164 in
1097 2131 1194 2171 ltalia,
1213 2131 1246 2165 S.
1270 2129 1433 2164 Benedicti
1452 2140 1547 2174 super
1568 2126 1703 2167 Padum,
1726 2125 1793 2158 siue

1045 2180 1263 2214 Cluniacensis
1284 2178 1403 2213 abbatis
1429 2184 1594 2223 praecepto
1617 2174 1794 2208 nullatenus

1046 2229 1172 2273 eligant.
1198 2228 1259 2262 Pro
1281 2226 1448 2269 altaribus,
1482 2233 1512 2259 et
1539 2224 1700 2262 ecclesiis,
1728 2223 1794 2256 sive

1049 2375 1201 2420 irrogare3
1236 2373 1289 2408 scd
1330 2374 1409 2407 sicut
1443 2383 1551 2405 eorum
1586 2370 1796 2417 promissione

1049 2425 1200 2470 quaedam
1229 2436 1265 2457 ex
1294 2430 1390 2469 parte,
1418 2420 1570 2467 quaedam
1607 2431 1643 2452 ex
1673 2419 1794 2463 integro

1050 2473 1211 2515 habuistis,
1235 2473 1274 2506 ita
1298 2479 1327 2505 et
1350 2472 1378 2504 in
1403 2469 1542 2504 futurum
1566 2467 1717 2502 habeatis.
1742 2467 1799 2501 Ec·

1050 2522 1215 2556 cicsiarum
1231 2529 1402 2555 vestrarum
1418 2520 1568 2559 decimas,
1587 2528 1692 2564 quaea
1709 2516 1800 2550 laicis

1086 2588 1124 2621 (t)
1150 2586 1298 2621 Lagentium
1324 2586 1439 2611 ubilibet.
1467 2582 1504 2619 (tt.
1530 2582 1570 2618 τ.)
1609 2582 1647 2617 (2)
1678 2580 1801 2608 Forsitan

1050 2630 1226 2660 rthttnctint.
1245 2626 1282 2661 (tt.
1300 2626 1339 2660 τ.)

1811 241 1860 267 An.
1881 240 1908 267 C.
1929 240 1995 267 1th

1843 1429 1947 1450 Abbatiae
1974 1429 2021 1449 eiu

1817 1460 1865 1481 dem
1878 1461 2002 1483 subiectae.

1818 1487 1837 1507 in
1862 1487 1939 1513 quibus
1961 1493 2002 1506 non

1817 1513 1908 1539 e'igendi
1935 1513 2002 1533 abha-

1818 1543 1856 1561 tes.
1870 1540 1909 1560 nisi
1928 1539 2002 1559 batuto

1818 1567 1849 1592 pri
1867 1572 1875 1586 s
1899 1572 2003 1586 consensu

1818 1593 1903 1613 abbatis
1920 1592 2002 1612 Clunia-

1818 1620 1893 1640 censii.

1846 2227 1971 2249 Omnimoda
1984 2233 2005 2248 e-

1046 2278 1177 2311 det-imis
1194 2277 1312 2315 restris,
1333 2275 1408 2309 nulli
1423 2275 1642 2320 episcoporum
1664 2272 1793 2305 facultas
1819 2258 2006 2307 {21223‘2'2-233]

1047 2326 1097 2365 sit,
1119 2338 1284 2371 gravamen
1308 2323 1431 2370 aliquod
1450 2323 1548 2362 vobis,
1563 2330 1616 2356 aut
1636 2320 1795 2354 molestias
1820 2307 2005 2357 ssiffliriissffmefeff}
