2180 3205
451 239 514 272 882

423 310 574 343 Convenit
595 309 772 352 apostolico
794 308 1021 348 moderamini,
1044 307 1097 344 23,
1114 307 1167 345 35,

468 353 521 390 38,
545 353 598 390 47,
623 352 675 385 91.

424 409 484 442 Cor
504 413 663 442 nostrum,
686 406 759 439 719.

424 462 501 495 Cum
523 461 637 493 beatus
658 461 823 503 apostolus
844 461 972 501 Paulus,
993 460 1045 493 62.

423 515 499 547 Cum
522 513 630 546 divina
649 514 869 550 Providentia,
893 513 944 546 51.

424 568 499 600 Cum
519 567 617 600 divini
637 567 877 610 dispensatione
898 567 1020 604 iudicii,
1041 566 1115 599 208.

424 621 502 654 Cum
515 621 763 664 exApostolicae
771 621 861 654 Sedis
870 621 1105 657 moderamine,
1116 619 1167 652 85.

424 674 502 707 Cum
525 684 560 706 ex
582 674 727 707 iniuncto
748 675 852 713 nobis,
876 673 952 713 625,
976 672 1051 710 645,
1076 672 1149 705 765.

424 728 501 760 Cum
523 734 651 760 nostrae
669 728 907 765 sollicitudinis,
929 726 1003 760 697.

425 781 503 815 Cum
525 792 637 814 omnes
657 781 818 815 Ecclesiae
839 781 935 821 filios,
959 780 1033 813 613.

425 834 503 868 Cum
517 835 668 868 omnibus
682 835 908 869 ecclesiasticis
922 834 1079 879 personis,
1094 832 1169 873 552,

470 878 546 919 558,
570 879 645 912 566.

425 933 502 966 Cum
523 933 674 966 omnibus
696 934 854 969 Ecclesiis,
878 933 954 971 435,
979 931 1053 965 601.

426 987 504 1020 Cum
536 987 688 1020 omnibus
718 987 852 1020 Sanctae
884 986 1045 1020 Ecclesiae
1078 984 1169 1021 filiis,

470 1030 546 1068 157,
570 1031 644 1065 528.

425 1085 502 1118 Cum
516 1085 667 1118 omnibus
681 1091 809 1118 sanctae
821 1084 895 1117 filiis
909 1084 1080 1118 Ecclesiae.
1096 1081 1169 1114 122.

425 1139 501 1172 Cum
524 1139 670 1172 omnium
691 1139 919 1177 Ecclesiarum,
945 1136 1018 1170 789.

425 1193 502 1226 Cum
523 1193 670 1226 omnium
691 1193 850 1226 Ecclesiae
871 1191 1026 1228 filiorum,
1052 1191 1064 1222 1
1079 1190 1125 1222 17.

426 1246 504 1280 Cum
525 1247 673 1280 omnium
693 1246 852 1286 fidelium,
878 1245 930 1281 27,
955 1244 1029 1277 176.

425 1301 503 1334 Cum
524 1300 695 1334 Orientalis
716 1306 811 1337 terra,
838 1298 911 1331 721.

426 1355 502 1388 Cum
524 1365 583 1397 pro
604 1353 689 1387 beati
709 1353 819 1397 patris,
840 1351 914 1385 225.

426 1409 503 1442 Cum
524 1419 583 1453 pro
605 1408 754 1451 negotiis,
783 1406 852 1440 170.

427 1462 502 1495 Cum
526 1462 705 1497 universae,
730 1460 804 1493 809.

427 1516 502 1549 Cum
516 1515 672 1548 universis
683 1515 817 1548 Sanctae
833 1513 992 1547 Ecclesiae
1004 1513 1109 1550 filiis,l
1119 1511 1172 1547 33

471 1560 547 1601 141,
572 1559 647 1600 143,
671 1559 746 1599 153,
771 1558 846 1595 228,
870 1558 945 1598 299,
970 1556 1044 1590 523.

427 1614 504 1647 Cum
525 1624 580 1646 vos
602 1624 638 1646 ea
659 1624 676 1645 a
696 1613 778 1646 Sede
800 1612 996 1656 Apostolica,
1021 1611 1072 1644 99.

427 1669 504 1702 Cum
525 1679 579 1701 105
600 1678 658 1712 per
677 1668 732 1701 Dei
754 1667 902 1710 gratiam,
920 1664 992 1699 798.

790 1776 815 1809 D

428 1867 638 1899 Decessorum
660 1870 788 1901 statuta,
812 1863 907 1901 3220„

428 1920 640 1958 Desiderium,
665 1920 764 1962 quod,
787 1918 870 1955 210,
894 1917 970 1958 252,
994 1916 1073 1955 366,
1097 1917 1172 1957 445,

472 1964 548 2004 451,
571 1963 647 2004 455,
671 1962 747 2003 465,
779 1962 855 2000 469,
886 1961 962 2002 473,
993 1961 1069 2001 483,
1097 1961 1173 2001 494,

472 2008 548 2049 504,
572 2008 647 2048 513,
671 2007 746 2047 532,
780 2006 855 2045 536,
889 2006 964 2046 542,
999 2005 1073 2043 547,
1098 2005 1173 2046 687,

474 2053 548 2092 787,
573 2052 647 2086 828.

428 2106 636 2140 Devotionem
659 2112 758 2143 tuam,
779 2105 854 2142 318,
879 2104 953 2137 507.

429 2160 566 2203 Dignum
587 2160 690 2199 valde,
714 2158 789 2192 437.

428 2213 541 2246 Dilecti
563 2213 632 2251 filii,
653 2212 727 2245 554.

429 2266 658 2344 66ῗὲ2556665
690 2273 719 2299 61
752 2266 1030 2299 reverentissimus

431 2362 642 2405 Discordiam,
660 2375 743 2408 quae
764 2364 847 2397 iuter
867 2374 933 2403 vos,
958 2362 1032 2396 336.

430 2409 620 2442 Discretioni
640 2415 780 2449 nostrae,
805 2407 879 2441 139.

430 2453 636 2486 Discretionis
657 2460 789 2493 vestrae,
814 2451 888 2485 702.

431 2497 560 2531 Divinae
580 2498 659 2540 legis
680 2497 945 2532 institutionibus.
966 2496 1039 2529 263.

431 2541 560 2575 Divinae
581 2542 798 2575 miserationis
819 2541 946 2581 intuitu,
970 2540 1044 2574 123.

431 2585 551 2619 Divinis
568 2586 759 2630 praeceptis,
783 2585 858 2618 244.

432 2629 571 2662 Docente
592 2640 650 2662 nos
671 2631 835 2673 Apostolo,
859 2629 934 2663 288.

433 2673 605 2706 Dominum
628 2675 799 2709 excelsum,
824 2674 898 2707 256.

1066 2265 1173 2302 frater,

1004 246 1186 270 BULLARtt'M
1211 247 1364 270 ROMANUM

1204 308 1323 341 Domus
1343 307 1481 348 Domini,
1505 307 1580 341 372.

1204 362 1398 396 Donationes
1416 367 1445 395 et
1465 361 1636 402 beneficia,
1661 361 1735 394 367.

1569 453 1591 484 Ε

1206 533 1260 569 Ε3,
1284 544 1366 577 quae
1384 534 1424 566 ad
1446 533 1693 569 incrementum,
1719 532 1792 571 746,
1819 531 1891 565 754.

1207 587 1248 619 Ea
1271 598 1352 630 quae
1374 587 1538 623 Dominus,
1563 586 1615 619 50.

1208 640 1249 672 Ea
1270 650 1352 683 quae
1374 639 1504 676 iudicio,
1527 639 1600 672 754.

1207 694 1367 727 Ecclesiae
1388 693 1482 730 filios,
1507 693 1581 726 252.

1207 748 1362 781 Effectum
1390 748 1471 781 insta
1501 748 1748 791 postulantibus,
1772 747 1847 787 626,
1874 747 1949 788 667,

1251 791 1326 831 693,
1352 792 1426 828 725,
1450 792 1524 825 675.

1206 846 1272 888 Ego
1293 846 1479 889 Gregorius,
1508 846 1578 879 112.

1207 899 1272 941 Ego
1294 899 1462 935 Henricus,
1486 899 1561 932 347.

1207 953 1242 985 Et
1261 952 1426 985 charitatis
1447 953 1566 993 debito,
1585 952 1659 986 608.

1208 1006 1244 1039 Et
1264 1006 1428 1039 commissi
1450 1007 1543 1039 nobis
1567 1007 1677 1043 officii,
1701 1006 1775 1040 306.

1208 1060 1242 1093 Et
1264 1060 1402 1093 iustitiae
1422 1061 1514 1097 ratio,
1538 1060 1612 1093 563.

1209 1113 1242 1145 Et
1264 1124 1362 1157 prava
1382 1114 1556 1156 corrigere,
1580 1113 1655 1147 218.

1209 1166 1244 1198 Et
1265 1166 1378 1209 religio
1399 1167 1627 1207 Cluniacensis,
1648 1166 1723 1200 256.

1209 1219 1273 1252 ΕΙ51
1294 1220 1521 1256 Ecclesiarnm,
1545 1219 1620 1259 305,
1648 1220 1723 1254 506.

1209 1273 1272 1305 Etsi
1296 1279 1464 1307 teneamur
1483 1274 1645 1311 omnihus,
1669 1274 1744 1308 812.

1210 1327 1251 1359 Ex
1277 1327 1556 1360 administratione
1582 1328 1690 1365 officii,
1714 1327 1789 1362 409.

1209 1381 1250 1413 Ex
1269 1381 1472 1425 Apostolicae
1493 1382 1594 1421 Sedis,
1621 1381 1691 1423 163,
1715 1381 1790 1419 391,
1814 1381 1889 1414 463.

1210 1434 1251 1466 Ex
1273 1434 1437 1467 commissi
1457 1435 1547 1468 vobis
1567 1435 1676 1473 officii,
1705 1435 1779 1468 727.

1210 1488 1251 1521 Ex
1273 1488 1446 1522 commisso
1467 1489 1572 1525 nobis,
1595 1489 1671 1526 474,
1691 1487 1768 1526 490,
1788 1488 1863 1522 492.

1210 1542 1252 1574 Ex
1273 1542 1544 1579 consideratione,
1569 1542 1622 1581 30,
1646 1542 1698 1575 39.

1209 1595 1252 1628 Ex
1273 1596 1382 1628 debito
1403 1596 1554 1640 suscepti,
1581 1595 1655 1628 775.

1209 1649 1252 1681 Ex
1273 1648 1416 1681 iniuncto
1436 1649 1541 1684 nohis.
1564 1648 1640 1686 459,
1658 1648 1732 1687 708,
1756 1648 1830 1682 818.

1210 1702 1252 1734 Ex
1272 1701 1397 1742 litteris,
1427 1701 1500 1734 764.

1210 1755 1251 1788 Ex
1274 1754 1370 1788 officii
1392 1756 1491 1788 nostri
1514 1755 1634 1792 debito,
1658 1755 1730 1789 192.

1210 1809 1253 1841 Ex
1274 1809 1532 1853 praedecessoris
1552 1809 1665 1846 nostri,
1690 1809 1764 1843 278.

1210 1862 1252 1895 Ex
1273 1868 1362 1905 parte
1383 1868 1456 1895 tuae
1478 1862 1721 1905 magnitudinis,
1745 1862 1819 1896 822.

1211 1917 1253 1949 Ex
1275 1917 1460 1949 transmissa
1481 1917 1724 1960 conquestione,
1748 1916 1824 1950 698.

1211 1971 1346 2013 Exigunt
1367 1970 1566 2012 gratissimae
1589 1971 1777 2009 devotionis,
1799 1969 1873 2003 801.

1573 2061 1595 2093 F

1213 2139 1319 2172 Fallax
1344 2146 1373 2172 et
1395 2139 1533 2179 invidus,
1557 2139 1632 2173 552.

1212 2183 1300 2216 Fidei
1323 2190 1353 2217 et
1374 2183 1564 2223 devotionis,
1589 2184 1663 2218 682.

1193 2230 1194 2233 ’
1212 2228 1387 2261 Fidelitatis
1408 2239 1444 2261 ac
1465 2228 1643 2262 devotionis
1663 2235 1796 2270 vestrae,
1821 2229 1872 2262 67.

1212 2273 1234 2305 F
1237 2273 1433 2305 raternitatis
1454 2279 1527 2306 tuae
1548 2274 1765 2316 prudentiam.
1794 2274 1845 2307 69.

1212 2317 1464 2362 Fraternitatem
1480 2324 1629 2357 vestram,
1650 2317 1720 2350 168.

1572 2406 1596 2440 G

1213 2487 1426 2521 Gaudendum
1447 2493 1493 2519 est
1514 2487 1723 2528 univetsitati,
1749 2486 1822 2520 759.

1213 2531 1374 2566 Gerardus
1393 2530 1634 2565 Cameracensis
1664 2533 1799 2570 electus,
1831 2531 1872 2564 ad
1900 2541 1958 2564 uos

1258 2575 1399 2612 veniens,
1423 2574 1476 2608 89.

1213 2629 1359 2663 Gloriosa
1380 2635 1410 2661 et
1431 2629 1641 2670 admirabilis,
1658 2628 1732 2662 623.

1214 2673 1338 2707 Gratias
1359 2673 1483 2714 agimus
1504 2673 1717 2716 omnipotenti
1738 2674 1813 2709 Deo,
1839 2672 1890 2705 81.
