2180 3205
810 279 907 304 INDEX
928 279 1130 305 nunntcamm

215 340 264 374 lll.
289 340 517 374 Monasterium
545 340 689 375 Cistercii
723 339 956 374 monachorum

305 393 335 428 S.
360 394 534 434 Benedicti,
559 394 590 427 in
611 393 749 428 dioecesi
770 393 954 428 Cabilonen.

305 458 410 492 nuper
430 448 624 488 institutum,
646 448 704 481 sub
722 448 812 482 Sedis
826 450 959 492 Aposto-

305 501 385 535 licae
406 501 607 546 protectione
628 501 813 545 suscipitur,
838 499 910 534 209.

217 554 264 588 lv.
288 554 494 597 Privilegium
516 554 671 588 Troianae
692 554 862 593 Ecclesiae,
883 553 956 586 210.

217 607 251 640 V.
275 607 494 651 privilegium,
519 618 583 652 quo
612 607 797 642 monasterii
827 606 957 641 Clunia-

307 661 408 695 censis
436 662 520 695 bona
547 662 654 695 omnia
684 672 720 695 ac
747 661 817 694 iura
844 660 961 694 confir-

307 721 448 754 mantur,
473 714 546 748 21¹1.

217 766 265 802 vl.
298 768 465 802 Absolutio
495 768 661 802 Godisredi
682 768 859 802 Florentini
889 768 958 811 epi-

307 821 407 865 scopi,
420 826 451 854 et
460 821 624 855 damnatio
636 826 874 861 accusatorum,
885 819 958 854 213.

219 874 280 909 Vll.
304 874 511 908 Confirmatio
532 874 692 919 primatus
711 876 883 909 'l'olctanae
907 875 963 908 Ec-

308 928 422 962 clesiae
442 938 540 973 supra
560 934 703 962 caeteras
721 938 833 962 omnes
853 928 963 972 Hispa-

308 981 434 1015 niarum
456 981 622 1022 Ecclesias,
647 981 721 1014 214.

220 1033 296 1070 vul.
320 1034 530 1069 Confirmatio
551 1035 756 1079 episcopatus
777 1035 963 1068 Atrebatem-

309 1088 362 1129 sis,
377 1088 430 1122 cui
450 1088 592 1121 distincti
610 1088 855 1122 aCameraceusi
877 1088 965 1122 dioe-
981 1103 982 1106 ¹

310 1141 373 1176 cesi
394 1141 513 1175 limites
531 1141 783 1181 constituuntur,
807 1141 880 1174 216.

221 1194 271 1231 IX.
303 1195 512 1229 Confirmatio
541 1194 717 1229 sententiae
759 1195 798 1228 ab
836 1195 964 1229 L'rbano

310 1249 368 1284 PP.
392 1249 417 1283 ΙΙ
438 1248 543 1283 editae
574 1249 606 1282 in
634 1249 853 1283 controversia
883 1249 966 1283 inter

311 1302 505 1336 coenobium
519 1302 704 1342 Cassinense
725 1307 756 1336 et
773 1302 964 1336 abbatissam

312 1356 342 1391 S.
359 1356 476 1391 Mariae
496 1356 536 1390 de
555 1357 661 1401 Capua
682 1367 779 1400 super
798 1356 878 1390 cella
897 1357 967 1391 Cin-

312 1410 428 1453 glensi,
451 1408 526 1443 217.

223 1464 259 1500 Χ.
282 1463 461 1509 Descriptio
479 1469 509 1498 et
523 1463 695 1506 assignatio
714 1463 889 1497 confinium
905 1469 967 1497 ter-

313 1517 427 1552 ritorii
438 1517 677 1557 Veliternensis‚
701 1516 775 1550 2¹18.

224 1571 274 1607 xl.
298 1570 559 1611 Lichefeldensis,
582 1582 638 1604 seu
659 1570 834 1605 Castrensis
853 1571 965 1604 Eccle-

313 1616 378 1649 siae
408 1616 575 1649 translatio
604 1615 844 1654 Conventriam,
879 1615 969 1648 cuius

313 1660 480 1693 monachis
501 1660 621 1694 ibidem
643 1659 837 1702 regulariter
864 1659 969 1692 vivere

313 1713 476 1752 statuitur,
492 1712 567 1746 219.

224 1765 288 1808 XII.
323 1765 533 1801 Confirmatio
566 1765 706 1799 limitum
740 1776 778 1798 ac
809 1765 968 1798 bonorum

222 1822 238 1826 ·’
282 1822 285 1825 ·
315 1810 462 1845 omnium
498 1810 528 1844 S.
564 1809 759 1843 Ravellensis
791 1810 966 1849 Ecclesiae,

259 1858 262 1860 “
314 1866 398 1899 quae
420 1855 479 1888 sub
500 1854 702 1898 protectione
726 1853 816 1888 Sedis
837 1854 971 1898 Aposto-

313 1900 395 1933 licae
412 1899 579 1943 recipitur,
602 1897 678 1931 220.

226 1953 303 1989 xm.
327 1952 536 1987 Confirmatio
557 1951 769 1985 donationum
783 1951 971 1994 Melpliicnsi

314 1997 474 2075 {gileme
496 2007 513 2029 a
532 1996 672 2039 Rogerio
693 1995 774 2029 duce
801 1996 968 2036 saetarum,

227 2095 304 2130 XIV.
326 2093 534 2137 Privilegium
557 2093 755 2127 monasterio
779 2092 809 2126 S.
834 2092 971 2137 Sophiae

316 2140 402 2174 intra
428 2140 647 2173 Beneventum
670 2138 742 2173 sito.
767 2137 858 2170 cuius
888 2138 991 2183 hona,

316 2184 426 2218 omnia
446 2184 693 2221 confirmantur,
718 2181 792 2215 222.

320 2237 462 2270 Ecclesia
486 2236 517 2270 S.
543 2235 665 2269 Nicolai
693 2235 723 2267 in
750 2235 972 2268 Beneventana

317 2281 398 2315 urbe
419 2291 492 2314 cum
518 2279 723 2324 pertinentiis
748 2278 915 2314 omnibus.
943 2284 973 2311 et

318 2325 461 2359 ecclesiis
480 2324 509 2358 ei
540 2324 710 2364 subiectis,
734 2322 974 2358 Cassinensibus

319 2370 470 2410 donatur,
494 2367 569 2401 225.

230 2423 306 2459 xvl.
335 2423 546 2457 Confirmatio
572 2422 734 2455 bonorum
757 2421 911 2459 omnium
935 2422 974 2455 ad

319 2473 464 2501 sanctam
484 2467 675 2501 Fesulanam
701 2465 875 2499 Ecclesiam
897 2476 971 2510 spe-

321 2512 488 2551 ctantium,
513 2510 587 2544 226.

232 2566 321 2600 XVII.
345 2563 574 2598 Monasterium
606 2563 776 2596 Bantinum
810 2563 839 2595 in
862 2562 975 2606 Apulia

321 2608 532 2643 Aclieruntin.
553 2607 711 2641 dioecesis
725 2607 784 2640 sub
802 2606 976 2650 protectio-

322 2663 362 2686 ne
383 2652 473 2686 Sedis
497 2651 700 2695 Apostolicae
726 2650 901 2694 recipitur,
925 2650 972 2683 ei-

323 2708 387 2743 que
406 2697 492 2731 hona
511 2696 621 2730 omnia
640 2694 886 2735 confirmantur,
898 2693 972 2727 227.

228 2238 290 2272 XV.

1643 267 1707 303 893

993 340 1091 374 xvlll.
1116 341 1318 383 privilegium
1340 341 1550 375 vezeliacensi
1571 346 1732 374 monaste-

1082 394 1128 428 rio
1150 405 1350 433 concessum,
1374 393 1448 428 229.

995 448 1070 481 xlx.
1100 448 1266 482 Bcsucnsis
1286 448 1434 482 coenobii
1468 448 1684 491 possessiones
1704 453 1735 481 et

1084 502 1153 535 iura
1174 501 1418 541 confirmantur,
1439 500 1512 534 231.

1082 555 1290 589 Confirmatio
1311 555 1471 589 bonorum
1493 555 1637 589 omnium
1665 554 1735 589 Cas-

1084 609 1218 642 sincnsis
1231 609 1426 648 monasterii,
1439 608 1489 642 cui
1504 607 1732 647 immunitates,

1084 663 1301 706 exemptiones
1328 668 1358 696 et
1390 661 1553 705 privilegia
1582 661 1736 695 nonnulla

1085 716 1316 754 conceduntur,
1345 715 1418 748 2:32.

1098 769 1306 803 Confirmatio
1339 769 1468 808 iurium,
1494 768 1735 813 privilegiorum

1086 829 1115 856 et
1142 823 1300 856 bonorum
1334 822 1478 855 omnium
1509 822 1549 855 ad
1578 827 1737 855 monaste-

1085 875 1168 908 rium
1190 875 1219 909 S.
1245 875 1403 909 Benedicti
1426 886 1522 919 super
1542 875 1663 909 Padum
1688 874 1737 908 siti

1087 931 1244 964 mantuan.
1274 930 1374 963 dioec.
1404 928 1648 974 quomodolibet
1668 938 1738 973 spe-

1087 984 1250 1023 stantium,
1275 982 1348 1016 230.

999 1038 1090 1072 xxti.
1132 1037 1339 1071 Confirmatio
1377 1036 1618 1081 privilegiorum
1651 1035 1738 1080 pallii

1088 1097 1115 1124 ct
1139 1091 1241 1124 crucis
1256 1090 1401 1134 papiensi
1414 1090 1566 1134 episcopo
1583 1100 1655 1123 cum
1670 1089 1740 1122 aliis

981 1184 983 1186 ,
1088 1142 1233 1188 pluribus
1254 1143 1427 1188 privilegiis
1451 1154 1467 1176 a
1488 1143 1639 1176 Romanis
1659 1142 1740 1176 Pon-

982 1213 983 1219 *
1088 1198 1227 1231 tilicibns
1240 1197 1344 1231 eidem
1359 1203 1388 1230 ct
1401 1196 1656 1230 antecessoribus
1665 1206 1740 1229 con-

982 1264 983 1269 *
1088 1262 1263 1291 cessorum,
1287 1249 1360 1284 238.

1000 1306 1103 1340 XXIII.
1138 1304 1318 1338 Monasterii
1340 1303 1565 1338 Admontensis
1584 1303 1742 1337 Salisbur-

1089 1369 1160 1402 gen.
1185 1358 1351 1398 dioecesis,
1372 1358 1597 1400 bonorumque
1611 1356 1742 1390 adillud

1089 1411 1315 1456 spectantium,
1339 1409 1554 1450 confirmatio,
1583 1408 1656 1443 239.

1003 1467 1105 1501 XXIV.
1129 1465 1358 1500 Monasterium
1383 1464 1413 1498 S.
1442 1463 1605 1502 Wakarici,
1627 1463 1657 1496 in
1690 1473 1743 1497 co-

1093 1510 1203 1544 mitatu
1223 1508 1414 1543 Vitmaccnsi
1445 1508 1552 1547 sitnm,
1580 1508 1638 1541 sub
1660 1509 1743 1551 Apo-

985 1582 987 1597 ,
1092 1555 1221 1588 stolicac
1236 1554 1327 1587 Sedis·
1349 1553 1445 1586 tutela
1457 1558 1483 1585 ct
1499 1552 1568 1585 iure
1577 1551 1739 1596 recipitur,

1092 1600 1225 1644 eiusque
1247 1599 1330 1631 bona
1355 1597 1462 1630 omnia
1485 1596 1739 1633 confirmantur.

1092 1642 1166 1676 249.

1005 1698 1093 1731 XXV.
1128 1696 1335 1731 Confirmatio
1367 1696 1527 1728 bonorum
1561 1695 1599 1727 ad
1631 1694 1743 1728 Ferra-

986 1761 989 1786 l
1094 1741 1230 1774 riensem
1251 1739 1424 1774 Ecclesiam
1446 1738 1669 1783 spectantium.
1693 1738 1743 1771 cui

987 1790 988 1793 ’
1094 1786 1296 1827 assignantur
1315 1784 1444 1821 limites,
1469 1790 1498 1816 ct
1511 1783 1663 1816 undecim
1687 1782 1745 1814 mi-

1094 1841 1187 1863 nores
1209 1839 1330 1862 massae
1352 1829 1390 1862 de
1411 1827 1604 1872 patrimonio
1625 1827 1744 1860 Roma-

1094 1885 1153 1907 nae
1170 1874 1328 1907 Ecclesiae
1350 1873 1521 1911 donantur,
1545 1870 1618 1904 241.

1005 1929 1108 1962 XXVI.
1133 1927 1339 1961 Confirmatio
1355 1932 1383 1960 et
1403 1925 1565 1959 renovatio
1585 1925 1744 1958 bonorum

1095 1979 1123 2006 et
1138 1973 1256 2005 iurium
1271 1972 1300 2005 S.
1324 1970 1559 2004 Acheruntinae
1571 1969 1742 2006 Ecclesiae.

1096 2017 1186 2050 cuius
1207 2015 1458 2059 archiepiscopis
1480 2013 1667 2047 conceditur
1680 2013 1746 2057 pal-

1096 2062 1128 2094 lii
1148 2072 1236 2099 usus,
1260 2059 1333 2093 243.

1007 2116 1123 2150 xxm.
1162 2113 1369 2148 Confirmatio
1416 2111 1601 2145 monasterii
1638 2110 1746 2145 Sancti

1096 2159 1249 2203 Stephani
1267 2157 1406 2192 Lauden.
1432 2156 1606 2195 dioecesis,
1639 2161 1669 2188 et
1687 2155 1746 2188 bo-

989 2189 992 2227 i
1096 2214 1212 2237 norum
1234 2203 1272 2235 ad
1295 2202 1372 2235 illud
1399 2200 1623 2245 spectantium,
1647 2198 1720 2232 244.

1008 2258 1134 2291 xxvnl.
1170 2255 1376 2290 Confirmatio
1401 2253 1567 2287 abbatialis
1589 2252 1748 2286 Ecclesiae

1097 2313 1126 2345 S.
1151 2310 1271 2344 Nicolai
1295 2309 1325 2341 in
1345 2307 1474 2341 Barensi
1495 2307 1630 2346 civitate,
1651 2306 1748 2339 elbo-

1098 2374 1213 2397 nornm
1228 2362 1266 2395 ad
1277 2361 1422 2394 eamdem
1437 2357 1744 2403 spectantium,243.

1009 2418 1106 2452 XXlX.
1131 2417 1339 2450 Sacrosancta
1358 2411 1578 2446 Laterancnsis
1609 2411 1749 2444 Ecclesia

1098 2468 1125 2494 ct
1162 2459 1311 2504 paroecia
1349 2457 1511 2490 canonicis
1548 2455 1749 2496 regularibus

991 2544 993 2548 .
1098 2505 1220 2538 ordinis
1249 2505 1279 2536 S.
1309 2501 1474 2543 Augustini
1497 2505 1652 2544 perpetuo
1673 2509 1749 2532 con-

991 2556 993 2572 ¹
1099 2549 1242 2585 ceditur,
1277 2557 1349 2579 cnm
1370 2546 1610 2589 privilegiorum
1633 2543 1749 2585 elargi-

1099 2595 1195 2632 tione,
1224 2591 1297 2624 246.

1010 2649 1094 2682 XXX.
1123 2645 1326 2687 privilegium
1357 2642 1612 2677 confirmationis
1639 2651 1750 2674 mona-

1098 2691 1268 2725 steriorum
1278 2688 1423 2723 omnium
1437 2693 1532 2732 atque
1541 2686 1748 2721 ecclesiarum

976 529 1058 590 ixx.

978 770 1073 803 1ΧΪΗ.
