2180 3205
197 251 291 279 Amc.
308 251 377 278 117&

225 1003 344 1025 Exordium.

207 1101 323 1121 Ecclesiam
356 1104 377 1121 et

195 1133 290 1152 ordinem
308 1138 379 1152 mona-

194 1168 269 1183 sticum
293 1165 313 1184 in
340 1169 379 1184 eo-

195 1195 240 1215 dem
256 1195 304 1215 loco
319 1196 380 1215 insti-

194 1230 259 1246 tutum
281 1226 319 1245 sub
339 1225 380 1245 Se-

195 1259 226 1277 dis
242 1257 378 1284 ,apostolicae

195 1289 314 1315 pati-orinia)
343 1294 380 1308 re-

195 1321 258 1345 civim

211 1647 309 1675 Bonaque
327 1652 380 1667 con-

198 1680 265 1700 firmat
277 1695 282 1705 ,
327 1683 380 1705 quae

198 1712 290 1738 propriis
316 1715 383 1730 voca-

198 1742 253 1763 bulis
276 1742 382 1768 tupi-imm

446 242 516 275 770

434 304 587 344 exprimit3
603 320 643 326 —
659 301 691 332 ln
709 301 814 341 primis
831 299 980 330 Ecclesias
999 308 1100 329 omnes
1117 302 1142 328 et

433 349 582 384 decimas3
602 363 642 369 —
671 345 777 375 Terras
809 353 926 383 quoqne
948 349 976 373 et
1002 342 1144 372 molendi-

433 402 523 429 11um3
540 409 580 414 —
597 390 783 430 Sepulturam
803 389 842 418 ibi
863 388 986 418 liberam
1009 395 1075 416 esse
1095 386 1143 415 de-

433 437 536 474 cernit;
552 452 592 458 —
608 435 732 474 Aliaque
750 433 900 473 privilegia
922 441 972 471 pro
991 431 1141 470 sepultura

432 486 627 517 mortuorum,
646 488 697 518 pro
713 478 840 513 clericis,
863 486 913 516 pro
938 476 1077 506 fratribus
1095 475 1141 504 di-

434 525 624 556 scedentibus
650 528 701 554 etc.
732 522 875 553 concedit.
905 538 944 544 —
961 520 1109 558 Excmptio
1127 529 1141 548 a

433 570 557 601 decimis
580 567 792 609 persolvendis.
814 583 855 589 —
878 566 957 601 Quae
977 565 1074 594 onmia
1093 563 1143 593 de-

433 620 512 646 creto
535 613 730 644 immunitatis
762 611 893 647 roborat,
924 626 964 632 —
993 608 1142 648 Appositis

433 660 584 691 consuetis
607 656 782 699 poenalibus
804 655 949 686 clausulis
973 655 1013 693 (R.
1032 653 1082 691 T.).

391 732 540 761 Alexander
556 730 700 767 opiscopus
710 735 804 758 servus
815 733 952 756 servorum
967 725 1023 758 Dei,
1036 724 1143 753 dilectis

435 782 511 815 filiis,
530 780 637 809 moulan
656 779 742 808 Ptiori
753 778 886 807 Ecclesiae
905 777 937 805 de
956 775 1142 808 stokes‚eias·

436 839 488 869 que
503 831 640 860 fratribus
658 831 717 859 tam
730 827 919 864 praesentibus
937 833 1016 862 quam
1028 824 1142 857 futuris,

434 882 589 918 regularem
606 880 693 909 vitam
710 877 855 914 professis,
876 877 905 905 in
919 876 1088 912 perpetuum.

439 949 610 996 Religiosis
644 946 810 982 desideriis
845 945 976 991 dignum
1005 951 1052 978 est
1087 954 1142 976 nos

393 999 515 1035 facilem
552 997 702 1046 praebere
735 1007 949 1037 consensum,
982 1002 1015 1027 ut
1042 991 1143 1026 lidelis

392 1050 518 1085 devotio
544 1048 678 1082 celerem
705 1046 852 1080 sortiatur
885 1044 1043 1078 ess'cctum.
1075 1041 1143 1075 Ea-

395 1108 533 1147 propter,
560 1097 664 1132 dilecti
699 1096 730 1129 in
759 1094 896 1129 Domino
929 1093 996 1133 filii,
1033 1091 1144 1126 vestris

394 1150 482 1184 iustis
510 1144 774 1195 postulationibus
801 1144 973 1179 clementer
994 1153 1143 1177 annuen-

395 1207 451 1238 tes,
474 1207 503 1233 et
527 1196 695 1243 praefatam
723 1194 910 1236 Ecclesiam,
943 1192 972 1226 in
1005 1204 1064 1239 qua
1088 1190 1145 1224 di—

394 1249 467 1283 vino
501 1246 670 1293 mancipati
710 1244 785 1279 estis
811 1242 976 1289 obsequio,
1012 1241 1072 1276 snb
1107 1239 1142 1274 Β.

396 1298 478 1333 Petri
501 1305 531 1331 et
558 1304 664 1331 nostra
689 1293 884 1341 protectione
906 1291 1095 1338 sucipimus,
1115 1298 1144 1324 et

396 1346 570 1395 praesentis
587 1345 693 1392 scripti
717 1343 876 1391 privilegio
898 1342 1144 1379 communimns3

394 1396 551 1445 imprimis
589 1394 747 1442 siquidem
782 1399 972 1435 statuentes,
1007 1401 1039 1426 ut
1068 1388 1145 1425 ordo

396 1446 600 1489 monasticus,
627 1444 681 1491 qui
710 1442 887 1478 secundum
914 1440 1029 1481 Deum,
1052 1449 1081 1474 et
1108 1438 1143 1472 B.

394 1496 559 1531 Benedicti
583 1493 723 1540 regulam
748 1493 778 1526 in
805 1491 916 1526 eodem
946 1490 1014 1525 loco
1041 1490 1146 1524 nosci-

396 1554 446 1580 tur
474 1546 652 1588 institutus,
680 1542 840 1590 perpetuis
872 1540 987 1574 ibidem
1021 1549 1146 1587 tempo—

396 1596 482 1630 ribus
510 1593 729 1629 inviolabiliter
751 1591 949 1629 observetur:
977 1598 1146 1636 praeterea,

396 1656 613 1692 quascumque
649 1642 883 1690 possessiones,
929 1652 1147 1687 quaecumque

398 1695 477 1730 bona
518 1695 628 1729 eadem
676 1691 813 1726 Ecclesia
855 1690 1145 1736 impraesentiarum

398 1745 479 1780 iuste
496 1752 527 1779 et
547 1742 698 1778 canonice
715 1739 864 1788 possidet,
886 1748 939 1774 aut
963 1740 992 1773 in
1008 1739 1146 1773 futurum

396 1793 601 1830 concessione
617 1791 825 1830 Pontificum,
853 1788 1016 1835 largitione
1040 1801 1147 1835 regum

399 1844 446 1879 vel
479 1843 681 1891 principum,
721 1840 877 1875 oblatione
912 1838 1062 1878 fidelium,
1093 1851 1148 1873 seu

397 1894 466 1929 aliis
482 1893 573 1928 iustis
590 1890 706 1931 modis,
730 1897 907 1937 praestante
927 1888 1080 1929 Domino,
1101 1900 1149 1935 po-

399 1943 470 1979 terit
485 1941 627 1989 adipisci,
656 1941 743 1974 firma
766 1938 854 1973 vobis
876 1939 1050 1984 vestrisque
1077 1950 1151 1972 suc-

399 1991 577 2028 cessoribus
590 1999 619 2025 et
634 1989 748 2024 illibata
762 1996 979 2036 permaneam3
995 1987 1151 2035 inquibus

400 2042 479 2077 haec
502 2040 635 2089 propriis
661 2039 810 2074 duximus
832 2037 1034 2085 exprimenda
1058 2049 1152 2071 voca—

400 2091 499 2127 bulis:
523 2092 625 2125 locum
642 2090 757 2136 ipsum,
780 2088 810 2122 in
825 2100 887 2135 quo
903 2087 1072 2134 praefatum
1089 2099 1153 2121 mo-

402 2140 574 2176 nasterium
597 2139 693 2174 situm
709 2147 767 2178 est,
789 2149 860 2172 cum
887 2136 1036 2171 omnibns
1056 2137 1153 2183 perti-

402 2191 519 2226 nentiis
536 2189 613 2233 suis,
635 2187 799 2223 ecclesiam
823 2187 861 2221 dc
885 2186 1071 2225 Hunedena,
1105 2198 1154 2220 ec-

403 2240 531 2275 clesiam
563 2239 602 2273 de
630 2238 762 2282 Baisse,
789 2236 950 2271 ecclesiam
975 2236 1013 2270 de
1042 2235 1152 2279 Clara,

403 2289 569 2325 ecclesiam
584 2288 622 2322 de
636 2285 916 2326 Bradelea-Parva,
932 2285 1096 2320 ecclesiam
1114 2284 1153 2319 de

403 2339 564 2378 Trillame,
585 2336 751 2372 ecclesiam
779 2335 818 2370 de
843 2335 955 2379 Bures,
987 2334 1151 2369 ecclesiam

405 2388 444 2424 de
465 2388 622 2423 Cavebam
637 2414 645 2427 ,
673 2385 838 2421 ecclesiam
857 2385 896 2419 de
911 2384 1152 2429 Cremplisbam‚

405 2438 568 2473 ecclesiam
594 2436 701 2471 Sancti
727 2434 901 2470 Clementis
927 2434 965 2469 de
998 2433 1153 2477 Norwico,

407 2487 571 2522 ecclesiam
604 2485 644 2520 de
668 2484 880 2525 Frisentuna,
912 2483 1096 2518 constitutas
1123 2483 1152 2516 in

408 2536 590 2583 episcopatu
608 2534 808 2569 Norvicensi:
829 2534 859 2568 in
873 2533 1058 2580 episcopatu
1072 2532 1155 2567 Lon-

409 2584 565 2627 donieusi,
592 2583 755 2619 ecclesiam
778 2583 816 2618 de
839 2582 1018 2624 Berdeteld,
1050 2582 1155 2616 eccle-

410 2634 489 2670 siam
511 2633 551 2669 dc
568 2633 713 2675 Tartede‚
735 2633 899 2668 ecclesiam
923 2632 962 2667 de
988 2632 1078 2673 Essa,
1102 2644 1156 2666 ec·-

975 245 1164 269 nouarum!
1185 243 1349 267 nonaum

1184 297 1310 333 clesiam
1337 297 1377 332 de
1403 296 1546 338 Belham‚
1567 295 1731 331 ecclesiam
1757 297 1796 332 de
1821 297 1930 333 Stam-

1185 347 1311 382 burnia:
1351 347 1380 381 in
1408 346 1591 393 episcopatu
1615 346 1843 386 Wintoniensi,
1877 359 1926 382 ec-

1184 397 1312 432 clesiam
1334 396 1374 431 de
1387 395 1579 443 VVakinges:
1606 395 1638 430 in
1653 395 1836 443 episcopatu
1855 397 1930 432 Rof-

1185 446 1281 487 l'ensi,
1314 446 1479 481 ecclesiam
1512 445 1552 480 de
1584 444 1760 490 peccham,
1793 445 1929 481 decimas

1184 509 1262 543 quas
1287 495 1410 531 habetis
1438 496 1469 530 in
1495 494 1660 539 Samford,
1693 494 1832 530 decimas
1852 507 1930 542 quas
1942 485 2091 540 {¹2⁰}'225ffi35‘

1186 546 1305 580 habetis
1323 546 1353 580 in
1376 545 1557 589 Ber‹lefeld,
1579 544 1718 580 decimas
1739 557 1818 592 quas
1840 545 1932 580 habe-

1185 596 1223 630 tis
1238 596 1268 629 in
1295 595 1548 642 pitelingebege,
1562 594 1701 629 decimas
1716 607 1793 641 quas
1811 594 1933 630 habetis

1185 645 1214 679 in
1242 644 1510 690 Stincliingefeld,
1546 644 1683 679 decimas
1710 657 1788 692 quas
1813 645 1934 680 habetis

1185 695 1214 728 in
1243 694 1447 742 Toppesfeld,
1474 694 1614 729 decimas
1640 706 1718 742 quas
1744 693 1866 729 habetis
1900 695 1931 729 in

1183 744 1352 787 Wicham,
1390 743 1531 779 decimas
1557 756 1635 791 quas
1671 744 1790 778 habetis
1817 744 1846 778 in
1868 744 1933 778 Ba—

1184 793 1296 833 ‹leleia,
1318 793 1456 828 decimas
1477 806 1554 840 quas
1582 793 1701 828 habetis
1723 795 1754 828 in
1780 793 1932 835 Nerstert,

1185 842 1322 878 decimas
1343 856 1421 890 quas
1447 843 1567 877 habetis
1590 843 1619 877 in
1643 843 1839 890 Deseninge,
1877 844 1934 878 de-

1185 893 1281 927 cimas
1313 905 1391 939 quas
1427 893 1549 927 habetis
1583 893 1612 927 in
1642 892 1760 933 Baisse,
1795 893 1933 928 decimas

1185 955 1262 989 quas
1289 942 1410 977 habetis
1433 943 1461 976 in
1484 942 1672 983 stanesfeld,
1695 943 1833 978 decimas
1854 955 1933 990 quas

1187 992 1306 1026 habetis
1338 992 1368 1026 in
1400 991 1502 1035 Clara,
1529 992 1667 1027 decimas
1702 1005 1781 1040 quas
1813 992 1934 1027 habetis

1186 1042 1216 1075 in
1244 1040 1436 1080 Hunedena,
1471 1041 1608 1076 decimas
1634 1054 1713 1088 quas
1749 1042 1870 1077 habetis
1904 1043 1933 1076 in

1186 1091 1366 1136 Namstede,
1397 1091 1538 1126 decimas
1559 1103 1636 1138 quas
1663 1091 1784 1127 habetis
1812 1092 1841 1126 in
1871 1091 1936 1126 Bo-

1186 1141 1336 1182 mestede,
1369 1140 1508 1175 decimas
1546 1153 1624 1188 quas
1649 1141 1772 1176 habetis
1806 1141 1837 1175 in
1863 1141 1936 1176 Na-

1185 1191 1326 1235 werelle,
1360 1190 1498 1225 decimas
1540 1202 1618 1237 quas
1651 1190 1772 1226 habetis
1804 1191 1835 1225 in
1869 1190 1937 1225 Bu-

1185 1240 1344 1280 elieshale,
1371 1240 1509 1275 decimas
1530 1252 1608 1287 quas
1630 1239 1753 1276 habetis
1775 1240 1805 1274 in
1829 1240 1936 1276 Sline-

1186 1290 1284 1330 stede,
1311 1290 1450 1325 decimas
1471 1302 1549 1337 quas
1575 1290 1698 1325 habetis
1719 1291 1750 1325 in
1774 1290 1936 1335 Deleford,

1187 1339 1324 1374 decimas
1351 1352 1427 1386 quas
1450 1339 1570 1374 habetis
1597 1340 1628 1374 in
1650 1339 1845 1387 Chippelee,
1878 1341 1937 1375 de-

1187 1389 1283 1424 cimas
1308 1402 1387 1436 quas
1413 1389 1535 1424 habetis
1557 1390 1586 1423 in
1611 1389 1774 1436 Culinges,
1796 1389 1937 1425 decimas

1187 1451 1265 1485 quas
1286 1439 1408 1474 habetis
1431 1440 1462 1473 in
1484 1439 1772 1486 Poselingeworde,
1798 1439 1938 1475 decimas

1187 1501 1266 1535 quas
1301 1489 1422 1523 habetis
1457 1489 1488 1523 in
1523 1488 1665 1533 Belilee,
1692 1489 1832 1524 decimas
1858 1501 1936 1536 quas

1190 1538 1309 1573 babetis
1336 1539 1366 1573 in
1394 1538 1525 1579 Sebam,
1551 1539 1690 1574 decimas
1714 1552 1793 1586 quas
1814 1539 1938 1574 habetis

1190 1588 1218 1621 in
1247 1588 1421 1630 Cerneres,
1448 1588 1586 1623 decimas
1607 1589 1639 1623 in
1666 1588 1815 1623 Belcham
1839 1588 1937 1628 Petri,

1189 1637 1327 1672 decimas
1355 1638 1384 1671 iu
1420 1637 1570 1672 Belcbam
1601 1637 1763 1683 Rspertes,
1800 1638 1939 1674 decimas

1190 1687 1219 1721 in
1243 1687 1390 1725 Delbam,
1417 1687 1555 1722 decimas
1576 1687 1606 1721 in
1629 1687 1862 1735 Bestingetorp,
1887 1688 1940 1722 de-

1190 1737 1289 1771 cimas
1315 1737 1346 1770 in
1368 1736 1586 1781 Kedeswelte,
1620 1737 1758 1772 decimas
1783 1738 1812 1772 in
1849 1736 1939 1772 Cho-

1191 1786 1298 1829 dbam,
1319 1787 1458 1821 decimas
1480 1787 1511 1821 in
1535 1786 1842 1833 Steinllingeherste,
1858 1788 1940 1822 deci-

1191 1848 1257 1870 mas
1283 1837 1314 1870 in
1341 1836 1508 1874 Beneclee,
1541 1836 1681 1871 decimas
1715 1837 1745 1871 in
1779 1836 1938 1877 Nalstedc,

1191 1886 1329 1921 decimas
1368 1886 1398 1920 in
1434 1886 1688 1931 Alveredesseld,
1732 1887 1870 1922 decimas
1908 1886 1939 1921 in

1192 1936 1360 1982 Cloptune,
1387 1935 1526 1971 decimas
1548 1936 1576 1970 in
1600 1935 1773 1979 Narrefeld,
1800 1936 1941 1971 decimas

1193 1986 1222 2020 in
1254 1985 1508 2026 Denardestune,
1543 1985 1682 2020 decimas
1715 1986 1746 2020 in
1774 1986 1940 2020 Nancbes-

1193 2035 1288 2076 dune,
1311 2035 1451 2070 decimas
1478 2035 1509 2069 in
1532 2034 1720 2075 Cavenedis,
1752 2043 1783 2070 et
1804 2036 1835 2070 in
1864 2035 1941 2070 Stu-

1195 2097 1326 2129 remare,
1352 2093 1382 2120 et
1405 2085 1436 2120 in
1470 2085 1580 2126 Barre,
1607 2093 1638 2119 et
1665 2085 1695 2119 in
1722 2085 1890 2130 Tillebere,
1911 2093 1941 2119 et

1195 2136 1224 2169 in
1252 2133 1467 2179 Cbediatune,
1504 2143 1534 2169 et
1561 2135 1590 2168 in
1626 2134 1806 2179 Nalessord,
1846 2142 1877 2169 et
1910 2134 1940 2168 in

1194 2184 1455 2230 Naveringeland,
1481 2192 1512 2219 et
1534 2185 1564 2218 in
1586 2183 1777 2229 Witewelle,
1803 2184 1942 2218 decimas

1194 2234 1341 2269 villielmi
1364 2233 1403 2269 de
1433 2234 1554 2275 Bisnai,
1577 2242 1688 2268 terram
1712 2234 1840 2280 Rogerii
1862 2233 1942 2268 Car-

1197 2284 1327 2331 pentarii
1351 2283 1382 2318 in
1409 2283 1539 2323 Stokes,
1572 2295 1652 2330 quae
1674 2283 1733 2318 suit
1753 2282 1940 2318 escambiata

1197 2346 1251 2381 pro
1274 2342 1354 2368 terra
1376 2342 1473 2369 vestra
1488 2334 1525 2368 de
1544 2332 1647 2372 Clara,
1671 2341 1781 2367 terram
1805 2333 1844 2367 de
1858 2332 1942 2368 Ster-

1196 2383 1321 2424 neham,
1347 2395 1441 2430 quam
1468 2383 1554 2418 dedit
1581 2383 1668 2418 vobis
1681 2382 1940 2417 Galfriduslilius

1196 2432 1364 2477 Alinandi,
1390 2441 1503 2468 terram
1533 2433 1572 2467 de
1598 2433 1700 2477 Neni,
1733 2445 1826 2480 quam
1855 2432 1941 2467 dedit

1197 2482 1284 2517 robis
1310 2482 1410 2517 Adam
1435 2483 1515 2517 filins
1548 2481 1691 2523 Guarini,
1724 2482 1940 2517 molendinum

1196 2532 1234 2567 de
1260 2531 1505 2578 Waldingefeld,
1538 2532 1621 2579 quod
1651 2531 1735 2566 dedit
1759 2531 1845 2567 vobis
1874 2530 1941 2564 He-

1198 2581 1344 2615 linandus
1370 2582 1491 2628 dapifer
1512 2582 1635 2616 comitis
1669 2581 1791 2623 Clarae,
1826 2590 1938 2615 terram

1196 2631 1234 2665 de
1271 2631 1437 2676 Trillawe,
1474 2643 1567 2678 quain
1598 2631 1755 2666 Robertus
1784 2630 1940 2665 Pincerna

1946 242 1996 269 An.
2014 241 2043 268 C.
2058 240 2121 268 117'1

1955 452 1977 474 ln
1994 454 2066 480 primis
2084 452 2126 473 Ec-

1980 492 1985 495 *
1997 493 2000 497 ¹
2051 490 2126 505 ss'll'l'sss

1967 2245 2042 2268 Terras
2054 2250 2137 2273 quoqne

1955 2281 1977 2298 ct
1986 2277 2136 2301 molendinuzug
