2180 3205
1923 190 1973 217 An.
1994 189 2105 218 &1096

1159 260 1372 307 persisterent.
1398 258 1436 293 Et
1457 270 1515 292 nos
1530 258 1624 304 igitur
1645 269 1814 293 commune
1829 269 1906 293 con·
1924 242 2106 291 ςειιιῗιῗῖῗξὲῗῗιιιῖο

157 212 205 235 Au.
227 209 254 235 c.
275 208 338 236 2090
422 204 492 235 ΗΘ
965 207 1153 231 numanum
1182 206 1250 229 nou
1255 206 1345 229 nutu

639 260 852 293 St'uaxntmt

172 694 241 714 Smer
258 694 313 713 :acti

182 1225 290 1246 Discordia
300 1231 336 1245 un·

154 1262 160 1273 ι
169 1259 179 1272 e
195 1253 294 1278 prolecta.

195 2037 296 2060 Quanam
319 2037 340 2056 in

156 2063 294 2083 Nemausensi

157 2090 211 2111 nudo
227 2091 313 2115 agitata.

189 2187 298 2207 Svntentia
322 2185 342 2206 in

157 2219 183 2233 ea.
199 2213 248 2233 latai

363 333 460 364 Series
489 333 566 362 sacti.
594 348 633 353 —-
661 332 793 368 Gregorii
817 330 863 360 Vll
890 331 1041 362 decretum
1067 341 1118 370 pro

402 379 510 407 unione
530 376 686 413 utriusque
705 375 888 404 monasterii.
907 391 947 397 —
965 375 1116 405 Discordia

404 421 480 450 unde
499 419 636 457 prosecta.
655 434 694 440 ——
712 417 851 452 Quaestio
874 418 902 447 in
922 417 1117 448 Nemausensi

401 465 512 504 synodo
531 463 648 500 agitata.
667 479 706 484 —
725 461 876 491 Sententia
896 462 925 491 in
941 472 973 492 ea
993 462 1060 492 lata.
1078 478 1118 484 —

399 507 586 538 Confirmatio
605 505 767 536 sententiae
786 506 930 535 eiusdem.

508 582 630 611 Urbanus
651 588 746 610 servus
766 587 906 609 servorum
925 580 970 618 Dei

410 653 492 688 Cum
514 665 571 700 pro
594 652 729 699 negotiis
750 651 971 687 ecclesiasticis
994 651 1025 685 in
1049 663 1116 697 par-

361 710 408 737 tes
434 702 554 736 Galliae
581 703 778 736 venissemus
793 729 801 741 ‚
824 700 906 747 apud
930 700 1114 734 Arverniam

360 751 514 798 largiente
556 751 698 786 Domino
740 750 910 798 plenariam
959 749 1113 796 synodum

330 831 336 834 .
361 800 617 836 convocavimus
646 800 713 834 Illic
734 812 749 834 a
773 798 974 834 Concliensis
1002 810 1114 833 mona-

330 857 337 885 ζ
361 850 446 884 sterii
469 849 617 884 fratribus
640 848 829 883 reverendae
847 848 1017 882 memoriae
1039 847 1115 882 Gre-

363 899 441 945 gorii
475 898 599 945 septimi
626 898 729 944 Papae
760 897 867 932 literae
900 904 1114 943 praesentatae

361 955 447 988 sunt,
467 947 708 994 praecipientes,
723 946 907 992 Figiacense
923 945 1112 980 coenobium

362 995 542 1031 Concbensi
571 995 724 1030 coenobio
760 995 952 1034 ιιιιῐειιιΙιιιιις
980 1002 1014 1029 et
1040 995 1112 1041 quia

363 1058 419 1092 per
436 1045 519 1079 idern
535 1052 660 1091 tempus
675 1044 800 1090 utrique
818 1044 886 1078 loco
902 1043 1030 1078 abbates
1045 1056 1114 1090 pro-

363 1094 423 1141 prii
438 1093 668 1141 praesidebant,
685 1093 833 1128 alterutro
851 1092 1013 1136 defuncto,
1027 1104 1111 1133 eum,

362 1144 415 1189 qui
450 1150 609 1189 superstes
637 1150 739 1186 esset,
765 1141 889 1188 utrique
921 1142 1112 1176 monasterio

362 1191 615 1238 praeferendum.
631 1190 827 1226 Conchensis
845 1191 949 1237 itaque
967 1190 1110 1225 coenobii

362 1240 485 1285 abbas,
520 1243 593 1288 qnia
632 1248 739 1275 contra
777 1240 938 1274 literarum
974 1240 1111 1287 ipsarum

364 1298 506 1324 tenorem
546 1289 735 1324 substitutus
773 1289 896 1332 suerat,
935 1289 964 1322 in
1000 1289 1111 1324 eodem

365 1340 500 1374 concilio
533 1339 719 1385 depositus,
753 1347 783 1373 et
818 1337 1031 1384 Figiacensis,
1058 1339 1111 1385 qui

365 1388 600 1435 supervixerat,
634 1388 758 1434 utrique
785 1388 853 1422 loco
876 1387 1033 1434 praelatus
1053 1396 1110 1422 est.

366 1436 481 1484 Coepit
502 1449 577 1483 ergo
599 1437 677 1472 inter
701 1445 868 1483 utrumque
885 1437 1111 1471 monasterium

364 1485 520 1520 discordia
543 1494 625 1520 tanta
640 1486 766 1527 versari,
782 1494 814 1520 at
829 1494 859 1519 et
874 1485 954 1520 bona
979 1485 1111 1532 plurima

364 1535 624 1579 distraherentur,
646 1543 676 1570 et
702 1535 875 1570 animarum
903 1534 988 1569 salus
1014 1534 1112 1569 detri-

364 1584 479 1618 mentis
499 1584 639 1618 maximis
662 1583 916 1629 pessundaretur.
936 1583 1110 1625 Praeterea,

365 1645 437 1667 cum
459 1633 495 1667 ad
523 1645 614 1667 aures
647 1632 866 1668 Cluniacensis
903 1633 1022 1667 abbatis
1050 1634 1112 1667 hu-

365 1682 500 1716 iusmodi
549 1682 729 1716 constitutio
775 1682 982 1728 pervenisset,
1009 1683 1112 1729 coepit

365 1731 560 1777 supradictas
581 1730 725 1776 Gregorii
752 1731 856 1777 Papae
891 1731 994 1766 literas
1025 1740 1112 1766 tam—

366 1792 459 1827 quam
481 1779 683 1825 subreptitias
712 1779 911 1820 calumniari,
941 1789 970 1814 et
999 1780 1112 1815 defini-

366 1830 484 1864 tionem
507 1828 648 1863 eiusdem
672 1829 786 1874 negotii
815 1841 848 1863 se
869 1838 1033 1875 praesente
1055 1831 1112 1865 ali-

368 1887 414 1912 ter
433 1886 637 1925 perpetratam
662 1879 779 1918 testari,
795 1878 1051 1924 quandoquidem
1075 1879 1112 1913 ab

367 1926 478 1961 eodem
513 1926 666 1961 Pontilice
700 1927 891 1972 Figiacensis
913 1927 1000 1962 locus
1026 1927 1113 1962 Con-

367 1976 474 2010 cbensi
488 1976 676 2010 monasterio
688 1988 742 2022 per
755 1976 950 2022 privilegium
963 1977 1054 2011 fuerit
1064 1990 1114 2012 su-

369 2025 557 2071 perposituS.
574 2024 672 2070 Igitur
686 2037 768 2065 cum,
792 2025 941 2071 largiente
958 2026 1113 2071 Domino,

369 2075 459 2108 tertio
482 2085 535 2120 pei
557 2074 736 2108 instantiam
765 2083 901 2109 nostiam
929 2075 1010 2121 apud
1043 2075 1114 2110 Ne-

369 2135 514 2157 mausum
536 2122 673 2161 svnodus
688 2124 884 2158 convenisset
889 2124 1012 2178 ,gor-pit
1027 2124 1115 2158 eins-

369 2172 441 2206 dem
463 2172 579 2217 negotii
597 2172 770 2218 quaestioD
753 2172 885 2206 Graviter
905 2182 1023 2218 agitare
1040 2173 1116 2208 Post

370 2221 499 2266 longum
524 2232 595 2255 iero
629 2233 725 2268 super
752 2221 810 2256 liac
838 2233 870 2255 re
892 2222 1113 2269 episcoporum

371 2269 582 2316 abbatumque
609 2277 785 2310 tractatum
820 2269 937 2317 placuit
965 2283 1035 2305 cum
1060 2284 1115 2318 pro

372 2318 533 2365 apostolici
567 2318 720 2365 privilegii
759 2319 1022 2364 conservatione,
1050 2329 1115 2355 tum

373 2379 432 2421 pro
451 2367 611 2402 communi
638 2368 899 2403 monasteriorum
932 2368 1054 2408 salute,
1083 2378 1117 2404 ut

373 2416 498 2462 utrique
524 2416 611 2456 loco,
645 2417 725 2452 sicut
758 2426 830 2452 ante
868 2417 987 2460 suerat,
1020 2397 1117 2453 alibas

373 2464 539 2499 cardinalis
566 2465 794 2506 restitueretur3
821 2474 850 2501 et
873 2475 933 2501 tam
953 2466 1118 2512 Figiacen-

374 2526 424 2548 ses
445 2513 588 2548 monachi
611 2526 704 2560 quam
732 2515 935 2550 Conclienses
957 2516 1016 2550 sub
1045 2528 1118 2570 pro-

375 2562 432 2609 prii
457 2561 579 2598 abbatis
601 2575 674 2598 cuia
704 2563 854 2612 deinceps
877 2573 907 2600 et
941 2565 1119 2612 provisione

1157 309 1219 343 cilii
1234 309 1394 343 decretum
1409 308 1599 353 apostolicae
1616 307 1809 342 auctoritatis
1826 319 1906 354 pon·
1925 296 1972 316 ‘¹²¹⁰

1158 358 1230 393 dere
1252 357 1491 400 confirmantes,
1524 356 1717 391 definitionis
1745 356 1839 391 buius
1860 368 1906 390 or-

1157 407 1263 441 dinem
1306 414 1458 453 perpetuo
1495 417 1763 452 permansurum,
1807 405 1905 440 nostri

1158 456 1294 491 nominis
1321 455 1418 490 literis
1449 454 1602 498 annotari,
1633 462 1663 489 et
1685 454 1775 500 sigilli
1805 455 1903 488 nostri

1159 505 1376 552 praecipimus.
1399 504 1606 551 impressione
1628 503 1756 538 firmari.
1773 502 1807 537 Si
1835 503 1905 550 quis

1157 557 1261 589 autem
1284 554 1415 588 huiusce
1450 552 1643 587 definitionis
1681 559 1822 587 tenorem
1856 559 1904 588 te-

1157 603 1291 638 merario
1321 615 1401 638 ausu
1439 602 1532 637 fuerit
1569 610 1700 636 conatus
1722 601 1909 647 infringere,

1156 653 1233 687 sciat
1247 665 1280 687 se
1293 652 1483 699 apostolicae
1506 650 1731 697 indignationis
1754 650 1904 685 ultionem

1157 702 1327 741 incurrere,
1348 710 1377 736 et
1399 701 1621 735 detrimentum
1645 700 1692 735 sui
1715 699 1835 735 ordinis
1856 700 1905 734 vel

1155 751 1248 786 officii
1280 750 1431 785 invenire.
1460 750 1574 785 Actum
1610 750 1639 784 in
1662 749 1798 784 concilio
1821 747 1905 795 apud

1155 800 1348 835 Nemausum
1383 800 1412 833 in
1447 799 1577 834 ecclesia
1605 798 1738 834 Sanctae
1770 798 1903 839 Mariae,

1155 849 1290 896 septimo
1312 849 1383 883 idas
1404 848 1483 889 iulii,
1498 860 1580 883 anno
1604 847 1783 883 dominicae
1805 847 1905 882 incar-

1157 898 1291 932 nationis
1317 909 1434 941 mxcvi,
1458 897 1628 932 indictione
1650 908 1696 937 w,
1723 908 1808 932 anno
1829 908 1904 931 vero

1156 947 1356 994 pontificatus
1369 946 1487 981 domini
1503 946 1622 981 Urbani
1641 945 1744 993 Papae
1759 945 1903 986 secundi,

1155 1008 1249 1030 nono.
1281 995 1396 1029 Datum
1431 994 1515 1042 apud
1549 995 1670 1029 Vallem
1711 994 1902 1037 Flaviamm,

1155 1045 1185 1079 in
1209 1045 1400 1079 monasterio
1427 1043 1533 1079 Sancti
1565 1043 1686 1090 AEgidii
1709 1043 1779 1078 idus
1807 1043 1884 1078 iulii.

1224 1100 1282 1131 Dat.
1307 1100 1353 1130 die
1380 1101 1413 1129 15
1436 1100 1501 1130 iulii
1524 1109 1600 1130 anno
1619 1100 1734 1130 Domini
1755 1101 1840 1138 1096,

1402 1140 1505 1179 pontis.
1524 1150 1601 1170 anno
1623 1149 1660 1170 lx.

1456 1274 1604 1310 XXXVI.

1156 1345 1355 1391 Confirmatio
1382 1348 1530 1380 bonorum
1559 1348 1739 1381 monasterii
1761 1349 1904 1393 Rivipol-

1202 1397 1313 1433 tensis,
1351 1398 1401 1429 rui
1438 1397 1590 1430 nonnulla
1627 1398 1831 1430 {inmunitatis
1868 1409 1905 1431 ac

1201 1446 1401 1489 exemptionis
1419 1447 1585 1490 ρι’ῖυίῖθῃία
1613 1448 1821 1481 conceduntur
1842 1447 1899 1490 (Ἰ).

1427 1523 1640 1555 δΐΜΜΑΗΙΕΜ

1152 1587 1318 1618 Exordium.
1346 1605 1386 1611 —
1412 1588 1489 1618 Bona
1520 1590 1556 1619 ad
1585 1594 1710 1620 monast.
1742 1591 1903 1630 spectantia

1192 1633 1411 1662 confirmantur.
1442 1650 1482 1656 —
1513 1633 1702 1664 Enumeratio
1732 1635 1905 1666 huiusmodi

1193 1676 1346 1706 bonorum.
1364 1694 1404 1699 —
1421 1677 1581 1707 Molestiam
1610 1677 1701 1707 ullam
1721 1684 1770 1708 aut
1787 1679 1844 1708 vim
1860 1679 1905 1709 illi

1192 1721 1300 1750 inferre
1319 1721 1438 1750 omnino
1460 1721 1656 1751 interdicitur.
1677 1739 1717 1745 —-
1736 1722 1835 1753 Abbas
1854 1733 1906 1762 per

1193 1765 1353 1794 monachos
1373 1765 1536 1803 eligendus.
1559 1783 1599 1788 —
1619 1766 1787 1796 Monasterii
1805 1768 1904 1798 omni-

1193 1810 1276 1839 moda
1301 1810 1444 1848 exemptio
1463 1810 1498 1839 ab
1526 1811 1668 1840 ordinarii
1690 1811 1904 1842 iurisdictione.

1190 1870 1231 1876 —
1253 1853 1438 1892 Sepulturam
1456 1852 1564 1883 ibidem
1581 1858 1708 1884 statuere
1727 1856 1904 1894 cuicumque

1192 1897 1327 1927 liberum.
1352 1914 1392 1919 —
1411 1897 1517 1927 Missas
1536 1898 1669 1936 publicas
1692 1899 1803 1929 ibidem
1821 1900 1903 1930 cele-

1192 1941 1276 1971 brare
1288 1950 1341 1970 nec
1354 1942 1510 1980 episcopus
1523 1943 1617 1981 possit
1629 1943 1693 1972 sine
1709 1943 1822 1973 abbatis
1836 1953 1905 1974 con·
1949 1951 1952 1954 ⁴

1192 1995 1291 2015 sensu.
1309 2001 1348 2007 —
1369 1985 1483 2015 Poenae
1501 1990 1600 2016 contra
1620 1986 1852 2017 inobservantes.

1154 2047 1275 2074 Urbanus
1289 2047 1435 2092 episcopus
1454 2054 1548 2075 servus
1568 2054 1707 2076 servorum
1725 2047 1780 2081 Dei,
1804 2049 1903 2078 dilecto

1198 2091 1253 2119 filio
1272 2081 1306 2119 a}
1307 2092 1405 2120 ruat-do
1430 2092 1522 2120 abbati
1552 2093 1715 2120 venerabilis
1746 2094 1906 2122 monasterii

1200 2136 1312 2164 Sanctae
1331 2136 1441 2169 mariae.
1463 2137 1532 2172 quod
1551 2137 1581 2164 ai
1583 2137 1731 2172 vipollense
1749 2138 1859 2171 dicitur.
1875 2138 1905 2167 in

1199 2181 1330 2209 comitatu
1348 2181 1494 2209 ausonensi
1513 2181 1586 2210 inter
1605 2182 1655 2210 duo
1673 2182 1785 2210 flumina
1803 2183 1903 2212 consti-

1199 2226 1299 2258 tutum,
1320 2225 1429 2261 eiusque
1445 2226 1644 2254 successoribus
1663 2227 1831 2262 regulariter
1843 2228 1904 2256 sub·

1201 2269 1359 2302 sumendis,
1383 2270 1412 2298 in
1434 2271 1605 2306 perpetuum.

1205 2323 1405 2370 Apostolicae
1419 2323 1511 2359 Sedis
1525 2325 1711 2361 auctoritate
1734 2325 1906 2373 debitoque

1158 2372 1390 2419 compellimur,
1417 2386 1474 2420 pro
1501 2373 1717 2409 universarum
1744 2375 1905 2411 Ecclesia-

1159 2434 1226 2455 rum
1255 2429 1335 2456 statu
1368 2430 1520 2468 satagere,
1543 2431 1574 2457 et
1595 2435 1703 2458 earum
1730 2424 1826 2470 quieti
1849 2437 1906 2459 au-

1158 2470 1288 2505 xiliante
1330 2471 1466 2506 Domino
1509 2472 1684 2519 providere.
1731 2473 1907 2520 Eapropter

1194 2540 1233 2575 (t)
1250 2540 1289 2566 Ex
1306 2540 1414 2567 Archiv.
1433 2541 1585 2568 monasterii
1600 2541 1679 2570 huius
1692 2541 1774 2570 edidit
1784 2542 1906 2571 Baluzius

1159 2579 1208 2607 loc.
1226 2588 1305 2615 saepe
1323 2581 1370 2608 cit.
1387 2588 1461 2608 num.
1479 2589 1584 2609 cccxiv.

1956 2315 2076 2337 Exordium.
