2180 3205
25 247 63 276 An
92 244 204 276 &1¹25

47 536 149 560 multem
163 542 202 558 ar-

22 564 202 613 ἭἭΞΞ

31 618 136 640 usedom
146 618 202 644 Apo·

23 644 124 668 micam.

35 1001 106 1022 niuem
120 1002 142 1020 et
153 1004 200 1020 suc-

21 1027 141 1049 cessoribus
149 1031 201 1047 con-

23 1053 136 1076 firmamur
160 1053 200 1073 Ec-

22 1081 96 1102 elestae
126 1079 200 1100 Aemi-

23 1107 75 1132 tlae,
91 1109 200 1127 caeterae-

21 1138 62 1160 que
93 1133 200 1154 exarcha-

23 1163 56 1182 uu
69 1160 198 1187 Ravennae,

22 1186 150 1208 etnnnnutta
156 1172 200 1207 mo,—

22 1213 121 1235 ameria.

33 1822 147 1845 Decretum
160 1824 199 1844 im-

21 1850 132 1872 munitatis
158 1850 199 1871 bo-

21 1881 96 1898 mrum
113 1877 140 1898 ad
157 1877 199 1897 Ra-

21 1906 103 1924 vennat.
126 1904 199 1924 necte-

21 1929 72 1951 dam
85 1931 199 1957 pertinen-

21 1957 82 1980 uum.
96 1961 147 1978 cum
163 1962 198 1977 so-

21 1983 64 2005 litis
77 1983 187 2005 clausulis.

870 241 1037 264 ttoxnutt's
1065 242 1085 262 Η
1111 242 1158 263 ΙΨ.

233 291 359 327 brorum
397 291 553 328 officiosas
589 291 729 328 actiones
767 295 982 334 considerans,

233 341 481 389 uniuscuiusque
510 343 571 386 ius,
592 351 619 377 ct
644 343 799 385 ordinem,
822 353 851 378 et
873 352 982 378 natura

232 391 452 435 coustitutum,
474 391 619 427 distInctc
647 401 793 434 reservat,
807 401 836 427 ct
852 393 982 440 quibus-

230 451 365 487 cumque
394 440 554 475 nobilibus
581 442 742 476 vetustatis
772 454 847 476 suae
869 442 981 488 ‹ligui—

230 496 311 524 tateu
329 516 336 527 ,
357 489 424 524 sine
441 490 565 530 invidia,
585 491 689 525 sociali
711 491 861 525 charitate
875 499 981 525 eusto-

229 537 284 572 dit.
314 538 378 574 llac
402 539 495 585 igitur
523 540 640 574 inducti
670 540 799 582 ratione,
829 541 978 574 bonorem

229 586 364 622 famosae
380 587 571 624 Ravennatis
586 589 758 633 Ecclesiae,
780 589 979 635 Apostolicae

226 636 319 671 Sedis
343 637 487 683 propriae
514 638 657 684 specialis
685 637 776 679 (iliae,
798 639 865 673 siue
891 638 980 671 dimi·

227 687 357 720 nutione
379 686 482 732 aliqua
505 687 648 721 volumus
671 699 873 727 conservare·
898 687 980 721 ideo-

226 747 299 781 que,
323 735 507 771 venerabilis
524 736 615 770 lrater
633 735 787 780 Gualttri,
805 750 897 792 quem
923 750 978 782 pro

225 783 387 819 Ecclesiae
408 785 602 827 strenuitate,
616 785 790 840 doctrinae,
805 786 879 820 relio
863 787 977 831 gionis,

227 842 257 868 ct
297 845 419 868 morum
449 833 624 878 honestate,
660 835 750 881 plena
785 835 814 869 in
850 834 977 870 Cliristo

225 882 351 917 caritate
378 882 550 929 diligimus,
579 884 639 918 tuis
667 884 905 919 rationabilibus
925 896 978 930 po-

224 931 446 967 stulationibus
469 940 615 979 pateruae
638 933 762 979 pietatis
788 933 897 968 affectu
925 946 975 968 an-

224 981 364 1016 nuimus.
392 981 453 1015 Per
486 983 660 1028 praesentis
687 982 790 1029 itaque
822 983 974 1029 privilegii

223 1031 368 1078 paginam
391 1030 615 1065 confirmamus
636 1032 846 1077 episcopatus,
871 1032 976 1067 videli-

224 1087 284 1121 cet,
310 1079 459 1114 AEmiliae
493 1080 684 1127 provinciae,
719 1081 798 1116 idest
832 1082 973 1125 Parmae,

223 1128 412 1173 Placentiae,
458 1128 563 1175 Regii,
606 1129 755 1169 Mutinae,
799 1131 973 1174 Bononiae,

221 1176 394 1220 Fet-ranae,
421 1177 547 1219 Adriae,
575 1177 728 1223 Comacli,
751 1179 879 1221 lmolae,
912 1179 974 1214 Fa-

222 1228 356 1268 vennae,
403 1226 562 1272 Forolivii,
607 1227 836 1275 Foripompilii,
869 1228 972 1273 Bobii,

221 1276 394 1320 Caesenae,
409 1276 546 1311 Ficolae.
570 1277 732 1312 Praeterea
748 1278 973 1312 confirmamus

221 1325 309 1360 vobis
323 1325 522 1361 exarchatum
538 1325 717 1367 Ravennae,
742 1328 794 1373 qui
812 1327 972 1362 Romanae

222 1375 382 1410 Ecclesiae
409 1375 486 1409 iuris
512 1383 570 1416 est,
603 1383 633 1410 et
656 1377 842 1411 monasteria
864 1376 971 1411 Sancti

223 1424 357 1466 Atheni,
379 1424 485 1459 Sancti
508 1424 629 1465 Hilarii,
651 1437 707 1459 seu
726 1434 846 1460 caetera
869 1438 973 1460 mona-

220 1474 313 1508 steria
337 1474 616 1520 et-possessiones
636 1474 673 1508 ad
710 1483 842 1509 vestram
869 1474 973 1509 Eccle-

220 1523 297 1558 siam
327 1524 530 1570 pertinentes,
559 1535 613 1570 per
641 1523 819 1559 authentica
844 1524 971 1571 privile-

219 1572 269 1619 gia
286 1572 326 1607 ab
338 1572 590 1607 antecessoribus
615 1573 740 1617 nostris,
764 1573 971 1608 etcatliolicis

220 1621 348 1668 regibus
365 1621 503 1656 traditas.
527 1621 728 1669 Poinposiani
755 1635 881 1670 quoque
908 1635 972 1656 mo-

222 1671 348 1706 nasterii
382 1683 489 1705 curam
518 1683 670 1718 personae
699 1672 859 1718 roligionis
887 1679 968 1706 tuae.

220 1721 305 1755 salvo
320 1720 478 1755 Ecclesiae
493 1728 617 1755 nostrae
636 1721 714 1764 iure,
730 1721 970 1761 committimus,

223 1779 255 1804 ut
280 1769 431 1815 regularis
453 1769 618 1816 disciplina
652 1782 705 1815 per
732 1783 819 1804 suam
850 1773 892 1814 (1)
915 1770 970 1804 in-

220 1818 369 1853 dustriam
397 1818 593 1853 refoiQnietur
629 1819 711 1853 Nulli
739 1831 814 1865 ergo
841 1819 970 1854 omnino

220 1867 385 1903 hominum
412 1867 541 1903 facultas
562 1868 612 1909 sit
639 1876 777 1903 nostram
804 1868 970 1903 Ravenna-

220 1925 282 1952 tem
315 1916 491 1951 Ecclesiam
527 1925 644 1952 temere
682 1917 876 1964 perturbare,
917 1925 970 1952 aut

221 1966 437 2014 possessiones
463 1966 530 2000 eius
556 1966 689 2007 auferre,
718 1967 762 2002 vel
786 1966 903 2002 ablatas
926 1979 971 2002 re·

219 2015 331 2055 tinere,
354 2015 507 2055 minuere,
530 2016 576 2050 vel
601 2016 775 2051 temerariis
804 2016 971 2060 vexationi-

220 2063 281 2099 bus
308 2064 454 2111 satigare3
486 2064 541 2100 sed
568 2065 672 2100 omnia
699 2065 817 2111 integra
840 2077 970 2100 conser-

220 2121 334 2148 ventur
369 2122 430 2148 tam
468 2114 539 2154 tuis,
578 2126 670 2160 quam
705 2114 892 2149 clericorum
939 2122 969 2148 et

220 2174 394 2210 pauperum
417 2163 527 2198 usibus
542 2163 712 2209 profutura.
735 2163 767 2198 Si
791 2175 851 2210 qua
874 2163 969 2210 igitur

219 2212 451 2246 ecclesiastica
446 2225 474 2246 in
499 2212 649 2253 futurum
671 2212 877 2247 saecularisve
896 2224 969 2259 per-

220 2273 312 2302 suna,
331 2260 413 2295 hanc
436 2269 558 2295 nostrae
573 2261 807 2295 constitutionis
823 2261 966 2307 paginam

220 2311 338 2350 sciens,
365 2317 474 2344 contra
500 2322 568 2344 eam
593 2318 710 2344 temere
743 2310 847 2344 venire
867 2317 969 2344 tenta-

222 2359 311 2400 verit,
337 2358 478 2394 secundo
512 2358 640 2393 tertiove
674 2359 876 2399 commonita,
908 2358 967 2392 nisi

220 2409 512 2455 praesumptionem
543 2420 630 2442 suam
653 2407 863 2442 satisfactione
891 2420 970 2442 con-

220 2469 298 2502 grua
333 2456 554 2497 emendaverit,
588 2458 748 2503 potestatis
777 2457 969 2502 honorisque

221 2506 270 2540 sui
304 2505 455 2552 dignitate
486 2514 599 2550 careat,
626 2517 773 2552 reamque
804 2518 838 2540 se
864 2505 971 2539 divino

222 2554 339 2589 iudicio
372 2556 504 2590 existere
531 2554 569 2589 de
597 2563 770 2602 perpetrata
809 2554 971 2602 iniquitate

257 2615 297 2651 (¹)
311 2616 378 2652 Lege
398 2620 471 2643 tuam
538 2616 576 2652 (n.
597 2616 637 2649 T.)

1662 245 1730 266 001)

1025 302 1207 339 cognoscat,
1231 302 1261 329 ct
1286 307 1301 329 a
1337 294 1550 330 sacratissimo
1577 295 1716 343 Corpore
1744 310 1780 332 :nc

1024 343 1185 388 Sanguine
1198 343 1255 377 Dei
1271 352 1300 378 ct
1317 343 1443 379 Domini
1459 345 1555 379 nostri
1574 344 1641 379 lesu
1659 345 1778 381 Christi

1023 392 1122 426 alicua
1158 391 1219 436 ssat,
1257 401 1351 439 atque
1384 393 1412 428 in
1449 404 1588 429 extremo
1632 395 1777 430 examine

1023 441 1184 475 districtae
1204 442 1312 477 ultioni
1331 442 1500 477 subiaceat.
1517 443 1648 478 Cunctis
1669 453 1774 479 autem

1022 490 1124 525 eidtm
1145 490 1309 526 Ecclesiae
1333 492 1411 526 iusta
1435 492 1633 527 servantibus
1654 493 1692 527 sit
1715 506 1776 540 pax

1022 538 1059 573 Ι)
1089 539 1124 573 Ν.
1163 539 1184 573 1.
1213 539 1249 574 C.
1289 550 1442 595 quatenus
1484 549 1514 575 et
1542 541 1592 576 liic
1635 541 1772 577 fructum

1023 588 1121 623 lionae
1144 588 1277 623 actionis
1297 590 1483 644 percipiant
1510 598 1540 624 et
1563 590 1644 636 apud
1668 591 1775 626 distri-

1021 645 1105 672 ctum
1150 637 1288 672 Iudicem
1332 639 1468 685 praemia
1506 647 1650 674 aeternae
1689 641 1774 688 pacis

1021 686 1193 721 inveniant.
1222 687 1335 721 Amen
1367 688 1482 722 Amen.
1510 689 1624 723 Amen.

1069 735 1141 771 Eoo
1185 735 1356 771 llosomns
1401 736 1573 772 catholicae
1615 738 1775 776 Ecclesiae

1019 785 1197 832 episcopus.

1068 835 1135 880 Ego
1175 834 1356 869 Bonil'acius
1396 834 1562 870 cardinalis
1597 836 1631 870 S.

1017 883 1202 931 subscripsi.

1065 933 1132 979 Ego
1155 932 1328 979 Gregorius
1358 933 1526 969 cardinalis
1548 934 1598 969 Ss.
1634 935 1773 982 Aposto-

1017 981 1119 1016 lorum
1148 982 1334 1029 subscripsi.

1065 1031 1133 1078 Ego
1152 1031 1345 1067 Benedictus
1359 1031 1524 1067 cardinalis
1547 1032 1590 1067 tit.
1605 1033 1771 1069 Eudoxiae

1015 1080 1120 1115 subsc.

1064 1129 1131 1174 Ego
1176 1130 1362 1164 Anastasius
1408 1130 1569 1178 presbyter
1603 1131 1771 1168 cardinalis

1015 1178 1061 1213 tit.
1091 1178 1124 1213 S.
1149 1178 1322 1214 Clementis
1335 1179 1522 1226 subscripsi.

1064 1227 1131 1273 Ego
1153 1227 1320 1263 Conradus
1343 1228 1503 1276 presbyter
1530 1228 1698 1265 cardinalis
1724 1231 1771 1266 tit.

1014 1276 1154 1311 Pastoris
1186 1277 1372 1324 subscripsi.

1062 1326 1130 1371 Ego
1172 1325 1357 1361 Desiderius
1398 1327 1560 1374 presbyter
1598 1327 1769 1364 cardinalis

1013 1375 1058 1409 tit.
1086 1375 1109 1410 S
1113 1376 1295 1410 .·P1axcdis
1316 1376 1499 1422 subscripsi

1062 1404 1130 1470 Ego
1167 1424 1359 1459 Deus-dedit
1397 1425 1565 1460 cardinalis
1606 1426 1768 1473 presbyter

1013 1473 1058 1507 tit.
1081 1454 1132 1508 Ss.
1161 1474 1322 1508 Laurentii
1359 1474 1389 1508 in
1412 1473 1548 1509 Damaso
1578 1474 1765 1522 subscripsi.

1060 1523 1128 1569 Ego
1150 1523 1263 1558 Petrus
1292 1523 1427 1558 Pisanus
1469 1523 1631 1570 presbyter
1663 1524 1768 1559 cardi-

1012 1573 1091 1607 nalis
1118 1572 1151 1607 S.
1176 1572 1318 1620 Martyris
1339 1572 1504 1607 Susanuae
1531 1572 1717 1619 subscripsi.

1060 1621 1128 1668 Ego
1164 1622 1277 1657 Petrus
1304 1621 1470 1657 cardinalis
1505 1621 1551 1656 tit.
1584 1621 1618 1656 S.
1651 1621 1766 1657 Calixti

1012 1671 1197 1718 subscripsi.

1060 1720 1129 1767 Ego
1169 1721 1282 1756 Petrus
1328 1719 1490 1767 presbyter
1527 1720 1696 1755 cardinalis
1729 1720 1765 1756 S.

1011 1769 1151 1804 Marcelli
1182 1769 1367 1816 subscripsi.

1061 1819 1130 1865 Ego
1151 1819 1264 1854 Vitalis
1286 1817 1476 1853 Albanensis
1498 1817 1666 1865 episcopus
1688 1818 1766 1853 sub-

1011 1880 1135 1914 SCl'lpsl.

1059 1917 1127 1963 Ego
1154 1917 1266 1952 Petrus
1288 1915 1473 1951 portuensis
1490 1915 1661 1963 episcopus
1688 1916 1764 1951 sub-

1011 1966 1135 2012 scripsi.

1059 2015 1128 2061 Ego
1142 2014 1324 2050 Guilidinus
1344 2014 1569 2049 Praenestinus
1591 2013 1761 2061 episcopus

1010 2064 1195 2111 subscripsi.

1059 2117 1128 2163 Ego
1170 2117 1318 2164 AEgidius
1354 2117 1554 2152 Tusculanus
1593 2116 1763 2164 episcopus

1011 2171 1195 2217 subscripsi.

1060 2225 1128 2270 Ego
1156 2224 1272 2258 Comes
1301 2223 1435 2258 Sanctae
1468 2223 1582 2258 Mariae
1608 2224 1639 2258 in
1674 2222 1760 2269 Agro

1011 2278 1163 2312 diaconus
1183 2277 1366 2323 subscripsi.

1059 2330 1124 2376 Ego
1140 2330 1178 2363 G.
1202 2329 1240 2363 G.
1264 2329 1417 2364 diaconus
1435 2329 1602 2364 cardinalis
1623 2329 1758 2364 Sanctae

1011 2384 1124 2420 Mariae
1152 2383 1182 2417 in
1206 2383 1332 2417 Porticu
1354 2383 1536 2430 subscripsi.

1060 2439 1127 2484 Ego
1152 2437 1314 2472 Romanus
1341 2437 1491 2472 diaconus
1524 2436 1692 2472 cardinalis
1725 2436 1759 2471 S.

1012 2492 1126 2539 Angeli
1152 2490 1258 2525 subsc.

1062 2547 1129 2592 Ego
1151 2545 1189 2578 G.
1212 2545 1251 2579 G.
1268 2544 1419 2580 diaeonus
1440 2543 1608 2579 cardinalis
1626 2544 1761 2578 Sancto·

1014 2614 1082 2637 rum
1110 2600 1210 2647 Sergii
1233 2608 1263 2635 et
1290 2599 1405 2635 Bacchi
1424 2598 1611 2647 subscripsi.

1677 836 1705 871 M
1711 851 1723 871 a
1729 837 1773 873 rei

1799 240 1889 269 An.c.
1911 242 1980 270 1¹25

1809 756 1899 778 Honorii
1908 758 1946 778 ΡΡ.
1957 761 1978 779 et

1795 784 1816 804 S.
1832 785 1847 804 n
1873 785 1892 804 Ε,
1905 785 1979 805 cardi-

1796 812 1877 831 nalium
1886 811 1980 832 subscri-

1795 838 1889 864 ptiones.
