2180 3205
955 271 1092 294 BULLAR!
1099 271 1143 294 UH
1171 271 1336 294 nmmum

429 264 499 298 19ss

415 327 548 367 episcopi
564 326 810 363 Constanticnsis3
826 342 866 347 —
882 324 916 355 Et
937 334 1003 354 cum
1028 335 1124 355 annuo

416 381 506 401 ceusu
523 371 630 409 palatio
647 370 781 400 Lateran.
801 369 1004 408 persolvendo.
1019 369 1125 398 —Ah-

415 416 491 445 batis
514 415 617 444 electio
641 414 794 444 monachis
816 413 996 443 conceditur.
1014 430 1053 436 —
1072 413 1125 444 So—

168 286 218 313 Λη.
239 286 267 314 C.
286 286 352 315 1099
1942 284 1993 312 ΑΒ.
2012 284 2040 313 C.
2057 284 2127 316 1099

1164 325 1222 359 Dei
1258 325 1420 369 timorem,
1447 333 1478 360 et
1503 325 1542 360 B.
1575 326 1739 361 Benedicti
1775 325 1917 374 regulam
1967 363 2048 386 sunu
2067 364 2124 387 chu-

1164 379 1326 425 elegerint.
1350 378 1385 413 Si
1412 379 1485 425 quis
1507 378 1601 425 igitur
1622 379 1835 424 sacerdotum,
1857 379 1918 415 cle·
1940 390 2007 412 sulae.

191 703 312 724 Exordium.

191 1100 314 1121 Comitissae
323 1101 348 1122 Α-

164 1127 254 1148 delaidis
269 1128 348 1148 oblatio

164 1154 265 1175 Peracta
273 1154 298 1174 de
307 1160 349 1175 mo-

163 1180 257 1201 nasterio
295 1181 347 1202 Bur-

163 1207 271 1227 rhoncnsi.

188 1523 342 1546 Coufirmantnr

160 1550 217 1571 bona
234 1551 303 1572 omnia
318 1552 346 1572 ad

181 1578 332 1598 monasterium

174 1604 307 1629 pertinentia.

186 1835 282 1864 Illndque
306 1835 345 1855 sub

160 1861 294 1886 Apostolicae
307 1860 345 1882 Se-

160 1887 192 1907 dis
214 1888 345 1913 protectione

160 1914 276 1940 recitatum

186 2018 250 2038 Salvo
267 2019 313 2039 iure
324 2024 344 2039 e-

167 2044 250 2070 piscopi
283 2045 338 2066 Con-

158 2071 293 2097 stantiensis;

184 2180 343 2202 Etcumannuo

162 2211 226 2227 ceusu
255 2209 337 2233 palatio

159 2232 257 2254 Lateran.
295 2240 342 2260 per-

158 2259 265 2280 solvendo.

181 2413 271 2441 ‘Abbatis
301 2415 342 2435 ele-

157 2441 199 2458 ctio
234 2441 342 2462 monachis

156 2466 287 2486 conceditur.

415 459 482 488 litae
501 458 664 487 clausulae.

374 532 479 564 Urbanus
494 532 613 571 episcopus
630 541 707 561 sci-rus
721 540 837 561 servorum
854 531 906 570 Dei,
929 532 1014 562 dilecto
1029 532 1124 563 Azetino

412 576 545 606 monasterii
566 576 733 606 Burrlioncnsis
743 576 827 613 abbati,
841 577 936 614 eiusque
956 576 1124 607 successoribus

412 620 551 660 regulariter
564 619 740 662 substituendis,
760 621 783 650 iu
798 624 944 659 perpetuum.

421 690 510 725 Sicut
539 690 764 725 irrationabilia
787 690 993 737 poscentibus
1016 691 1121 737 negari

373 740 466 775 debet
487 752 649 779 assensus,
672 740 718 774 sic
741 740 822 774 iusta
846 741 1018 787 petentium
1045 741 1123 774 votis

372 789 509 835 benigna
537 789 690 823 debemus
712 789 895 823 assensione
923 801 1121 823 concurrere.

372 838 549 885 Eaproptcr
574 838 777 872 charissimae
799 838 879 872 filiae
895 846 1019 871 nostrae
1034 838 1122 871 Ade-

373 887 464 922 laidis
501 887 680 922 comitissae
718 887 875 921 desiderio
910 899 945 920 ac
980 886 1120 933 petitioni

372 936 521 971 duximus
552 935 766 970 annuendum.
795 936 881 970 Haec
911 935 1060 970 nimirum
1084 936 1120 969 ad

372 985 479 1020 limina
511 992 688 1020 sanctorum
714 985 938 1031 Apostolorum
972 985 1120 1025 veniens,

372 1043 400 1068 et
416 1047 517 1073 suam,
539 1042 570 1068 et
591 1034 669 1078 Viri,
691 1043 720 1068 et
734 1034 837 1068 Leviri
858 1033 905 1068 sui
922 1033 1119 1068 devotionem

372 1093 499 1117 strenue
513 1082 686 1129 adimplere
701 1083 831 1117 curavit.
862 1082 1119 1116 Burrhonensem

372 1144 509 1179 namque
530 1132 704 1166 Ecclesiam
728 1133 777 1166 cui
801 1143 885 1166 nunc
906 1140 1035 1165 auctore
1052 1130 1120 1166 Deo

373 1190 422 1215 tua
443 1181 618 1216 fraternitas
642 1181 807 1227 praesidet,
829 1180 928 1215 soceri
948 1181 996 1214 sui
1015 1180 1119 1215 studio

371 1242 387 1265 a
403 1230 617 1264 fundamentis
631 1230 837 1270 aedificatam,
850 1229 1024 1264 secundum
1035 1230 1120 1274 ipso-

370 1292 439 1313 rum
474 1286 543 1313 vota
579 1291 674 1326 supra
707 1288 940 1314 sacrosanctum
968 1279 1006 1313 B.
1033 1278 1118 1313 Petri

371 1329 466 1363 altare
487 1327 610 1372 obtulit,
632 1335 663 1363 et
689 1340 745 1373 per
767 1340 894 1362 manum
918 1335 1055 1362 nostram
1087 1327 1118 1362 in

372 1377 533 1424 proprium
555 1377 648 1411 Sedis
670 1377 869 1423 Apostolicae
891 1376 1042 1411 allodium
1061 1376 1119 1411 de-

371 1426 503 1471 legavit:
533 1438 626 1472 quam
650 1426 793 1461 videlicet
825 1426 1014 1460 oblationem
1038 1426 1118 1460 scri-

373 1484 496 1521 ptorum
525 1484 703 1509 nostrorum
728 1475 816 1522 petiit
837 1475 1026 1509 authoritate
1046 1486 1119 1508 con—

373 1524 501 1558 firmari.
525 1523 590 1558 Nos
610 1524 707 1570 igitur
729 1524 902 1570 praesentis
924 1523 1040 1557 decreti
1061 1535 1118 1557 au-

373 1573 516 1607 thoritate
531 1573 704 1616 sancimus,
726 1581 832 1607 uttam
848 1572 1004 1619 praefatus
1018 1572 1117 1613 locus,

371 1634 464 1668 quam
495 1622 650 1661 universa,
677 1634 757 1668 quae
780 1621 895 1656 ibidem
918 1620 1117 1668 supradicto-

373 1683 441 1705 rum
463 1671 612 1705 comitum
640 1670 768 1704 Henrici
802 1678 832 1705 et
870 1670 1032 1715 Hugonis,
1061 1682 1116 1705 seu

373 1719 626 1766 praenominatae
644 1719 805 1753 Adelaidis
823 1720 999 1754 comitissae
1022 1719 1118 1765 largi-

372 1769 455 1802 tione
470 1768 579 1802 collata
595 1776 679 1807 sunt,
700 1768 746 1802 vel
761 1768 792 1802 in
809 1768 947 1802 futurum
964 1769 1118 1814 ipsorum,

371 1826 423 1851 aut
448 1817 585 1852 aliorum'
606 1817 744 1851 fidelium
772 1817 983 1852 oblationibus
1009 1816 1118 1851 coufe-

372 1873 491 1906 rentur,
518 1866 578 1900 sub
604 1866 805 1913 Apostolicae
831 1866 923 1901 Sedis
944 1865 1039 1900 tutela
1061 1866 1119 1900 iu-

372 1923 457 1960 tegra
500 1927 645 1960 semper,
679 1923 709 1949 et
743 1915 859 1949 illibata
882 1923 1117 1961 permaneant,

371 1976 532 1998 serrorum
556 1963 612 1998 Dei
640 1963 703 1998 illic
725 1963 905 2009 degentium
930 1963 1038 1997 usibus
1054 1976 1119 1998 om-

372 2012 510 2046 nimodis
537 2012 715 2059 profutura,
749 2013 832 2047 salva
865 2012 1118 2047 Constantiensis

371 2061 515 2108 episcopi
550 2061 698 2095 canonica
730 2061 921 2095 reverentia:
952 2069 984 2095 ut
1011 2068 1117 2095 tamen

372 2122 409 2144 ex
432 2110 542 2144 eodem
565 2109 633 2144 loco
656 2110 751 2144 unius
772 2110 903 2144 Bisantii
926 2122 1040 2144 census
1061 2122 1118 2143 an-

373 2171 454 2192 nuus
475 2158 678 2193 Lateranensi
702 2159 815 2205 palatio
838 2158 1041 2205 persolvatur.
1060 2158 1118 2192 De-

372 2208 529 2242 cernimus
550 2219 637 2252 ergo,
658 2215 692 2241 ut
714 2207 790 2241 nulli
809 2208 940 2242 omnino
954 2207 1117 2241 hominum

372 2256 463 2291 liceat
484 2256 565 2290 idem
585 2256 772 2291 coenobium
790 2264 906 2291 temere
922 2256 1118 2303 perturbare,

371 2313 424 2339 aut
445 2305 513 2339 cius
545 2305 759 2350 possessiones
790 2305 933 2345 auferre,
962 2305 1118 2345 minuere,

372 2354 418 2387 vel
448 2354 506 2400 piis
527 2353 566 2388 de
593 2355 696 2388 causis
724 2355 790 2388 suis
811 2353 924 2389 usibus
950 2353 1118 2400 applicare.

371 2406 517 2441 Obeunte
545 2414 574 2441 te
595 2419 680 2441 nuuc
702 2407 761 2441 loci
785 2406 909 2447 abbate,
926 2407 974 2441 vel
993 2415 1119 2440 tuorum

371 2460 512 2506 quolibet
526 2472 757 2500 successorum,
780 2460 889 2495 nullus
917 2460 957 2494 ibi
981 2459 1120 2506 qualibet

371 2513 568 2558 surreptione
582 2513 629 2547 rel
652 2513 796 2548 violentia
819 2520 1040 2560 praeponatur,
1059 2511 1119 2545 nisi

371 2577 465 2612 quem
488 2565 597 2600 fratres
618 2567 780 2601 communi
802 2578 970 2607 consensu,
993 2565 1042 2599 vel
1064 2564 1122 2598 sra-

1164 432 1319 472 ricorum,
1357 444 1485 477 regum,
1513 431 1650 476 ducum,
1686 432 1859 474 comitum,
1885 440 1918 468 et

1166 486 1322 526 iudicum,
1361 486 1406 520 vel
1444 485 1650 520 saecularium
1687 498 1914 533 personarum,

1165 540 1245 575 hanc
1259 547 1384 574 nostrae
1405 539 1640 574 constitutionis
1658 539 1804 586 paginam
1820 551 1914 586 agno-

1163 606 1265 635 scens,
1287 600 1395 628 contra
1421 604 1490 627 eam
1513 592 1618 627 venire
1641 592 1822 634 tentaverit,
1857 604 1913 628 se-

1163 647 1268 682 cundo
1291 647 1419 681 tertiove
1438 645 1662 687 commonitus,
1684 646 1710 681 si
1734 659 1795 681 uon
1818 646 1915 681 satis-

1163 700 1298 735 factione
1320 711 1457 745 congrua
1486 698 1717 741 emendaverit,
1751 699 1915 747 potestatis

1163 754 1357 801 honorisque
1378 753 1529 800 dignitate
1555 761 1668 794 careat,
1705 765 1859 801 reumque
1880 765 1915 788 se

1163 807 1261 842 divini
1283 808 1390 843 iudicii
1426 807 1559 841 existere
1582 807 1621 841 de
1645 815 1820 854 perpetrata
1851 807 1914 842 ini-

1163 861 1280 908 quitate
1301 868 1486 908 cognoscat,
1515 867 1545 894 et
1566 872 1582 894 a
1603 860 1814 895 sacratissimo
1833 859 1911 895 Cor-

1163 927 1237 961 pore
1258 928 1293 950 ac
1314 915 1477 961 Sanguine
1499 913 1556 948 Dei
1574 922 1605 947 et
1622 913 1751 948 Domini
1769 913 1913 949 Redem-

1163 969 1259 1015 ptoris
1293 968 1389 1003 nostri
1424 968 1494 1002 Iesu
1528 966 1646 1002 Christi
1685 967 1807 1002 alienus
1845 967 1910 1009 fiat,

1161 1030 1256 1069 atque
1290 1022 1320 1056 in
1343 1030 1484 1056 extremo
1516 1021 1660 1056 examine
1685 1021 1844 1056 districtae
1867 1021 1912 1056 ul-

1161 1076 1256 1110 ctioni
1294 1075 1465 1110 subiaceat.
1502 1074 1634 1109 Cunctis
1665 1083 1770 1108 autem
1803 1073 1908 1109 eidem

1161 1128 1230 1164 loco
1252 1129 1330 1163 iusta
1353 1128 1551 1164 servantibus
1567 1128 1607 1162 sit
1629 1139 1689 1174 pax
1711 1127 1838 1162 Domini
1857 1139 1909 1162 no-

1159 1182 1215 1217 stri
1236 1183 1307 1217 Iesu
1329 1182 1459 1223 Christi,
1482 1190 1637 1228 quatenus
1660 1189 1690 1216 et
1706 1181 1757 1215 hic
1772 1181 1911 1216 fructum

1160 1236 1260 1271 bonae
1283 1236 1415 1272 actionis
1437 1236 1620 1282 percipiant,
1643 1242 1673 1270 et
1694 1234 1777 1282 apud
1799 1234 1911 1270 distri-

1159 1298 1243 1326 ctum
1269 1290 1409 1325 Iudicem
1433 1289 1570 1336 praemia
1591 1297 1736 1324 aeternae
1758 1289 1844 1336 pacis
1859 1288 1910 1323 in-

1162 1345 1298 1380 veniant.

1207 1398 1321 1432 Datum
1349 1396 1494 1432 Laterani
1523 1408 1578 1444 per
1605 1408 1735 1430 manum
1756 1395 1906 1432 Iohannis

1157 1451 1191 1486 S.
1214 1450 1376 1485 Romanae
1401 1449 1562 1484 Ecclesiae
1581 1449 1704 1484 diaconi
1726 1449 1908 1491 cardinalis,

1158 1517 1218 1539 vin
1234 1503 1293 1538 kal.
1310 1503 1470 1547 februarii,
1485 1503 1655 1538 indictione
1668 1503 1813 1550 septima,
1826 1515 1910 1539 auno

1158 1557 1332 1592 dominicae
1366 1557 1590 1591 incarnationis
1622 1569 1742 1598 uxeix,
1779 1557 1910 1604 pontifi-

1158 1620 1245 1646 catus
1267 1619 1371 1645 autern
1400 1610 1507 1644 domni
1536 1609 1655 1645 Urbani
1689 1610 1820 1645 secundi
1845 1611 1909 1646 PP.

1160 1665 1327 1699 undecimo
1346 1676 1444 1698 anno.

1197 1722 1258 1752 Dat.
1281 1722 1328 1751 die
1347 1721 1385 1750 ⁶25
1404 1720 1530 1750 ianuarii
1548 1729 1623 1749 anno
1646 1720 1763 1750 Domini
1782 1721 1868 1758 1099,

1407 1759 1509 1799 pontif.
1527 1769 1605 1789 anno
1622 1769 1660 1789 XI.

1508 1899 1560 1934 LI.

1158 1978 1267 2011 Simile
1286 1977 1480 2020 privilegium
1504 1987 1563 2020 pro
1592 1976 1776 2009 monasterio
1798 1976 1908 2010 Sancti

1230 2032 1398 2064 Saturnini
1419 2031 1450 2063 ῖη
1473 2042 1558 2075 puqo
1584 2031 1752 2074 Urqellensz'
1776 2031 1832 2072 (1).

1427 2102 1641 2133 SUMMARIUM

1158 2170 1324 2199 Exordium.
1349 2186 1388 2191 —
1404 2169 1527 2199 Monast.
1547 2169 1601 2199 sub
1620 2169 1801 2208 protectione
1821 2167 1905 2198 Sedis

1197 2214 1382 2252 Apostolicae
1401 2214 1555 2251 recipitur3
1573 2213 1658 2251 eique
1675 2212 1826 2250 privilegia
1845 2220 1909 2240 orn-

1198 2258 1263 2294 nia,
1291 2258 1356 2296 piae
1388 2257 1560 2286 donationes
1590 2255 1701 2291 factae,
1727 2255 1771 2285 vel
1800 2256 1830 2285 in
1856 2264 1909 2293 po-

1199 2306 1310 2331 sterum
1339 2302 1507 2337 faciendae,
1539 2310 1572 2330 ac
1602 2299 1678 2329 bona
1706 2300 1803 2329 omnia
1832 2308 1906 2328 con-

1199 2347 1362 2375 firmantur.
1396 2362 1436 2367 —
1471 2344 1625 2373 Decretum
1661 2343 1856 2372 immunitatis
1891 2351 1906 2371 a

1199 2398 1384 2429 quacumque
1407 2388 1553 2424 molestia;
1579 2391 1606 2416 et
1625 2386 1768 2416 libertatis
1790 2385 1821 2415 in
1846 2385 1908 2415 ele-

1198 2434 1293 2463 ctione
1309 2433 1435 2462 abbatis.
1449 2432 1618 2461 —Annuus
1631 2439 1738 2459 census
1756 2429 1909 2468 SediApo-

1199 2477 1321 2507 stolicae
1353 2476 1572 2516 persolvendus.
1595 2491 1635 2496 —
1660 2473 1776 2503 Poenae
1807 2478 1907 2503 contra

1199 2522 1354 2551 violatores
1370 2520 1515 2560 privilegii
1534 2519 1635 2548 huius.

1195 2591 1234 2626 (1)
1252 2592 1290 2618 Ex
1305 2591 1415 2617 Archiv.
1436 2590 1516 2624 Regio
1541 2587 1655 2616 Fuxeusi
1680 2586 1763 2614 edidit
1786 2586 1909 2614 Baluzius

373 2626 454 2652 trum
491 2631 562 2665 pars
595 2619 718 2653 consilii
756 2619 890 2654 sanioris
903 2646 911 2661 ,
945 2617 1120 2654 secuudum
1139 2630 1208 2663 1100.
1229 2631 1286 2663 cit„
1305 2638 1378 2656 num.
1399 2637 1507 2655 cccxxi.

1139 2668 1143 2681 Ι
