2180 3205
193 223 242 248 An.
263 223 280 249 C
309 224 375 251 11⁹2ss

221 529 346 549 Exordium.

208 1231 365 1253 monasterium

182 1261 220 1281 soti
232 1262 303 1284 Apost,
319 1259 365 1278 Sedi

181 1287 349 1310 subiicitur-,eta
339 1285 365 1304 ab

180 1319 239 1333 ouini
251 1313 311 1337 episc
331 1312 364 1331 tel

180 1340 316 1365 patriarchae
331 1339 365 1358 iu-

180 1367 309 1386 risdictione
329 1371 365 1385 ex-

179 1396 278 1418 emptum
293 1392 365 1412 ‹lecta-

178 1423 247 1443 ratur:

193 1872 293 1893 Eiusdem
305 1872 360 1892 bona

175 1900 247 1918 omnia
280 1898 361 1919 confir—

177 1929 276 1945 msslllul‘:
310 1932 359 1946 tutu

175 1952 263 1972 decreto
279 1958 358 1977 perpe-

175 1981 224 1998 tuae
239 1981 360 2004 exemptio-

176 2005 210 2024 nis
226 2010 237 2024 a
261 2007 360 2027 molestia

173 2031 334 2058 cuiuscumque

172 2061 297 2085 personam

218 2508 357 2529 Sacramenta

173 2540 225 2555 vero
244 2536 271 2555 ab
291 2536 357 2560 episc.

172 2561 214 2582 loci
233 2562 358 2587 recipienda

172 2593 220 2609 esse
243 2588 358 2613 stamnum

457 219 526 252 538

983 227 1121 250 BULLARt
1127 227 1174 250 UH
1200 228 1364 251 ROMANUM

405 286 528 316 Calixtus
547 286 687 322 episcopus
711 292 804 313 servus
828 291 967 314 servorum
985 286 1039 318 Dei.
1061 286 1158 315 dilecto
1198 283 1235 316 :id
1261 296 1367 318 saeros
1389 282 1504 318 fuerint
1537 283 1663 318 ordines
1686 284 1902 330 promovendi,
1929 298 1946 321 a

448 331 504 360 filio
520 331 634 359 'tribuno
651 331 743 359 abbati
761 330 921 358 monasterii
933 331 1023 359 Sancti
1039 331 1155 366 Georgii,

448 376 517 412 quod
535 376 563 403 iu
581 375 706 404 Venetiae
725 375 850 411 partibus
869 375 953 404 situm
974 377 1026 408 est.
1047 375 1156 411 eiusque

447 419 647 448 successoribus
682 420 848 456 regulariter
884 420 1092 453 substituendis,
1127 421 1155 448 in

448 467 617 500 perpetuum.

450 530 526 565 Piae
549 531 716 576 postulatio
738 531 908 566 voluntatis
929 532 1040 567 affectu
1060 531 1152 566 debet

402 588 613 627 prosequente
645 580 819 627 compleri⁷
848 589 1004 627 quatenus
1030 589 1061 616 et
1094 581 1152 616 de-

399 630 534 664 votionis
567 630 732 664 sinceritas
763 630 964 665 laudabiliter
986 631 1150 672 enitescat,

399 686 430 712 et
472 679 589 713 utilitas
623 679 778 725 postulata
818 680 900 714 vires
939 679 1151 715 indubitanter

399 735 547 762 assumat.
576 728 657 770 Quia
681 730 774 773 igitur
801 728 928 763 dilectio
956 737 1025 769 tua,
1054 741 1150 763 reve-

397 776 585 811 rendissime
609 778 640 811 in
663 777 790 812 Christo
813 778 854 811 sili
876 777 1017 812 Tribune
1039 778 1148 822 abbas,

397 825 437 860 ad
461 826 662 872 Apostolicae
684 826 778 861 Sedis
802 835 925 873 portum
948 827 1148 873 confugiens,

397 875 466 909 eins
496 876 660 910 tuitionem
699 876 873 910 humilitate
907 876 1010 910 dehita
1040 878 1148 923 requi-

396 924 479 965 sivit,
508 937 566 959 nos
593 925 876 971 supplicationibus
899 926 962 959 tuis
999 926 1145 959 clementi

396 972 589 1020 benignitate
605 975 803 1020 impartimur
817 986 994 1017 assensum,
1013 982 1043 1008 et
1058 974 1145 1008 Beati

395 1022 521 1069 Georgii
551 1024 798 1064 monasterium,
832 1024 882 1057 cui
917 1031 1043 1057 auctore
1078 1023 1146 1058 Deo

396 1072 577 1118 praesides,
600 1071 761 1107 Romanae
782 1071 943 1107 Ecclesiae
973 1072 1146 1119 patrocinio

394 1132 644 1155 communimus:
675 1134 730 1168 per
753 1131 948 1168 praesentem
977 1134 1059 1156 enim
1079 1134 1145 1168 pri-

396 1170 497 1225 vilegii
549 1171 694 1216 paginam
746 1171 917 1217 apostolica
958 1171 1145 1206 auctoritate

394 1220 572 1260 statuimus,
603 1229 634 1254 ut
656 1220 744 1254 locus
767 1220 850 1254 idem
873 1220 931 1254 sul)
954 1219 1035 1254 beati
1058 1219 1142 1254 Petri

392 1269 488 1303 tutela
516 1277 547 1303 et
574 1269 768 1316 piotectione
796 1269 875 1303 liber
901 1269 933 1303 in
957 1277 1142 1323 perpetuum

392 1326 605 1353 conserv.etur
634 1318 700 1353 Nec
715 1318 900 1365 patriarcha,
928 1330 986 1353 nec
1013 1331 1144 1365 eptsco-

393 1380 464 1413 pus,
500 1379 557 1402 nec
581 1380 714 1414 persona
741 1367 899 1414 quaelihet
931 1368 1142 1402 ecclesiastica

391 1416 601 1451 saecularisve
626 1425 804 1463 praesumat
830 1424 858 1451 te
880 1416 927 1451 vel
942 1429 1143 1452 successores

392 1473 465 1500 tuos
491 1466 530 1500 ad
558 1467 728 1500 concilium
755 1478 885 1512 cogere:
922 1474 976 1500 aut
1011 1466 1042 1500 in
1070 1478 1141 1509 vos,

392 1515 438 1549 vel
463 1515 635 1550 monachos
654 1524 772 1550 vestros
793 1515 1140 1558 excommunicationis,

391 1575 446 1598 seu
472 1565 565 1598 etiam
595 1565 753 1599 interdicti
781 1564 968 1598 sententiam
997 1564 1141 1611 promul-

391 1625 481 1659 gare:
502 1613 533 1647 in
550 1615 740 1648 monasterio
754 1614 822 1660 ipso
835 1613 1002 1660 quicquam
1019 1622 1141 1660 praeter

392 1670 524 1697 vestram
548 1662 739 1697 voluntatem
765 1670 918 1706 statuere,
945 1671 998 1697 aut
1030 1674 1139 1697 mona-

390 1710 467 1746 chos
493 1719 612 1746 vestros
639 1712 946 1753 excommunicatos,
982 1712 1048 1746 sive
1075 1712 1140 1746 eie-

389 1768 456 1794 ctos
489 1761 536 1795 vel
570 1760 717 1807 fugitivos
747 1761 909 1795 absolvere
948 1769 1001 1795 aut
1034 1761 1139 1795 susci—

389 1821 476 1855 pere,
493 1809 539 1844 vel
553 1810 621 1844 sine
632 1817 699 1850 tuo,
715 1818 905 1857 tuorumque
919 1822 1137 1845 successorum

389 1870 546 1893 consensu
576 1859 614 1893 ad
648 1860 775 1894 ordines
810 1871 1005 1906 promovere.
1039 1859 1137 1894 Porro

391 1908 534 1942 universa
573 1909 749 1955 quaelibet,
786 1921 866 1955 quae
899 1908 1011 1950 aut-in
1048 1920 1138 1954 prae-

388 1957 466 1991 senti
490 1957 628 2003 legitime
651 1958 835 2004 possidetis,
858 1966 910 1992 aut
933 1958 963 1992 in
983 1957 1136 2002 futurum,

388 2005 539 2052 largiente
562 2005 646 2047 Deo,
676 2007 755 2041 iuste
781 2015 874 2054 atque
901 2007 1053 2041 canonice
1078 2019 1134 2053 po-

388 2055 485 2089 teritis
506 2055 651 2102 adipisci,
679 2056 767 2091 firma
791 2056 844 2090 tibi
868 2056 992 2102 tuisque
1014 2068 1137 2091 succes-

386 2104 527 2146 soribus,
566 2112 596 2139 et
637 2104 754 2140 illibata
796 2113 1009 2152 permaneant.
1051 2105 1135 2139 Nulli

386 2165 461 2199 ergo
488 2153 617 2188 omnino
652 2154 816 2189 hominum
846 2155 936 2189 liceat
959 2154 1041 2189 idem
1065 2166 1135 2188 mo-

387 2203 560 2237 nasterium
595 2211 712 2238 temere
748 2204 948 2251 perturbare,
988 2212 1042 2238 aut
1068 2203 1135 2238 eius

387 2253 604 2299 possessiones
620 2253 753 2297 auferre,
781 2254 826 2287 vel
849 2254 967 2288 ablatas
990 2253 1134 2293 retinere,

385 2301 540 2344 minuere,
564 2301 613 2336 vel
640 2303 815 2337 temerariis
842 2301 1057 2336 vexationibus
1088 2302 1129 2336 sa-

385 2349 499 2396 tigare;
533 2350 589 2385 sed
623 2353 728 2386 omnia
763 2354 882 2398 integra
910 2358 1136 2386 conserventur

385 2410 507 2440 eorum,
531 2411 587 2447 pro
609 2413 743 2447 quorum
766 2401 1017 2435 substentatione
1036 2408 1065 2434 et
1081 2412 1135 2445 gu-

385 2447 569 2483 bernatione
596 2462 746 2485 concessa
773 2459 858 2490 snut,
897 2450 1004 2484 usibus
1030 2451 1134 2483 omni-

386 2497 488 2531 modis
510 2499 683 2544 prosutura.
719 2500 886 2540 Chrisma,
914 2499 1028 2533 Oleum
1058 2510 1134 2532 san-

386 2554 483 2583 ctum,
510 2550 763 2582 consecrationes
789 2548 952 2587 altarium,
986 2550 1049 2582 sive
1072 2548 1132 2581 ba—

385 2594 543 2630 silicarum
560 2624 569 2641 ‚
590 2597 804 2633 ordinationes
820 2598 1061 2639 monachorum,
1077 2597 1130 2644 qui

1197 331 1386 367 dioecesano
1403 332 1565 387 accipietis
1586 333 1747 379 episcopo,
1769 335 1794 369 si
1815 335 1944 381 quidem

1197 381 1627 425 gratiametcommunionem
1643 382 1842 428 Apostolitae
1852 383 1944 420 Sedis

1197 429 1352 472 habuerit,
1379 431 1470 465 etiam
1493 430 1518 465 si
1542 443 1577 465 ea
1599 431 1705 476 gratis,
1728 444 1763 466 ac
1785 432 1853 467 sine
1875 446 1944 480 pra-

1197 480 1288 514 vitate
1311 480 1441 515 voluerit
1457 479 1622 520 exhibetwe
1641 480 1792 527 alioquin,
1816 494 1872 528 pro
1887 495 1942 518 eo-

1196 529 1339 563 rumdem
1367 537 1632 564 sacramentorum
1661 531 1860 576 susceptione
1886 544 1941 566 ca-

1194 578 1344 613 tholicum
1360 606 1367 619 ,
1403 590 1497 625 quem
1539 577 1727 619 malueritis,
1766 579 1937 615 antistitem

1192 626 1322 668 adeatis,
1349 629 1402 674 qui
1425 627 1624 672 Apostolicae
1647 626 1741 662 Sedis
1763 628 1859 663 sunus
1881 641 1940 664 au-

1191 677 1354 720 ctoritate,
1401 676 1486 723 quod
1535 677 1727 723 postulatur,
1767 678 1938 724 indulgeat.

1191 724 1337 760 Obeuute
1364 738 1437 760 vero
1460 734 1500 766 te,
1530 738 1612 760 nunc
1634 726 1702 760 eius
1724 726 1781 761 loci
1809 726 1938 770 abbate,

1192 775 1236 808 vel
1261 785 1383 809 tuorum
1407 775 1547 822 quolibet
1572 787 1804 820 successorum,
1833 777 1938 812 nullus

1191 823 1230 857 ibi
1258 824 1472 871 subreptionis
1495 825 1607 858 astutia
1623 824 1669 858 vel
1686 824 1832 860 violentia
1849 838 1939 872 prae-

1191 882 1334 917 ponatur,
1356 874 1414 907 nisi
1438 886 1531 920 quem
1555 873 1665 908 fratres
1686 877 1846 909 communi
1865 888 1938 910 con-

1189 933 1301 962 sensu,
1329 922 1375 957 vel
1403 922 1532 956 fratrum
1557 935 1627 969 pars
1654 923 1776 957 consilii
1803 925 1937 960 sanioris

1189 971 1363 1005 secundum
1391 971 1448 1006 Dei
1476 973 1636 1012 timorem,
1664 979 1694 1006 et
1721 972 1801 1007 beati
1830 973 1938 1009 Bene-

1188 1019 1259 1053 dicti
1283 1021 1421 1067 regulam
1447 1021 1639 1067 providerint
1664 1021 1856 1067 eligendum.
1883 1023 1934 1057 Ad

1188 1068 1338 1103 indicium
1354 1078 1459 1104 autem
1477 1077 1642 1124 perreptae
1657 1071 1776 1105 huiusa
1793 1071 1936 1107 Romana

1187 1166 1388 1202 Lateranensi
1414 1168 1528 1215 palatio
1539 1168 1676 1203 solvetis.
1700 1168 1735 1203 Si
1754 1170 1824 1215 quis
1841 1171 1936 1216 igitur

1187 1216 1217 1250 in
1251 1216 1392 1251 fututum
1428 1217 1620 1264 patriarcha,
1660 1218 1936 1266 archiepiscopus,

1186 1265 1231 1300 vel
1255 1266 1434 1312 episcopus,
1460 1275 1513 1301 aut
1539 1266 1751 1302 ecclesiastica
1776 1270 1934 1314 quaelibet

1184 1315 1395 1350 saecularisve
1422 1328 1568 1370 persona,
1593 1315 1673 1350 hanc
1702 1326 1826 1351 nostrae
1857 1331 1935 1353 con-

1184 1364 1355 1399 stitutionis
1390 1365 1533 1411 paginam
1569 1366 1683 1406 sciens,
1718 1374 1826 1401 contra
1860 1380 1931 1402 eam

1185 1422 1301 1448 temere
1318 1415 1424 1449 venire
1443 1414 1617 1455 tentaverit,
1640 1415 1782 1450 secundo
1804 1416 1933 1452 tertiove

1183 1464 1392 1507 commonita,
1421 1463 1446 1498 si
1469 1475 1531 1498 non
1553 1463 1765 1499 satisfactione
1795 1477 1933 1511 congrua

1182 1512 1416 1557 emendaverit,
1453 1513 1615 1560 potestatis
1654 1513 1845 1560 honorisque
1882 1515 1930 1549 sui

1182 1560 1332 1606 dignitate
1354 1570 1468 1603 careat,
1500 1565 1649 1608 reamque
1679 1574 1713 1596 se
1744 1562 1851 1597 divino
1879 1564 1930 1597 iu-

1181 1609 1263 1644 dicio
1298 1611 1430 1646 existere
1469 1611 1508 1646 de
1550 1619 1724 1658 perpetrata
1764 1621 1932 1658 cognoscat

1182 1659 1361 1706 iniquitate,
1388 1668 1419 1695 et
1451 1672 1467 1695 a
1494 1660 1706 1695 sacratissimo
1731 1660 1874 1707 Corpore
1900 1671 1930 1696 et

1181 1707 1343 1755 Sanguine
1381 1709 1437 1743 1)ιί
1473 1718 1502 1744 et
1541 1709 1667 1743 Domini
1705 1709 1930 1757 Redemptoris

1180 1759 1276 1792 nostri
1304 1758 1373 1792 Iesu
1403 1758 1522 1793 Cir-isti
1554 1758 1654 1793 aliena
1681 1758 1750 1799 fiat,
1783 1767 1876 1806 atque
1897 1760 1929 1795 in

1179 1816 1319 1841 extremo
1341 1819 1430 1842 ezram
1447 1820 1484 1842 ne
1506 1808 1666 1842 districtae
1688 1808 1799 1842 ultioni
1821 1809 1929 1844 subia-

1179 1863 1257 1890 ceat.
1295 1855 1426 1891 Cunctis
1466 1864 1570 1891 autem
1609 1857 1710 1891 eidem
1743 1857 1814 1892 loco
1849 1859 1927 1893 iusta

1179 1905 1376 1939 servantibus
1410 1907 1451 1940 sit
1481 1918 1540 1952 pax
1567 1905 1694 1940 Domini
1726 1907 1822 1941 nostri
1856 1906 1927 1941 Iesu

1179 1953 1312 1995 Christi,
1348 1963 1503 2001 quatenus
1529 1963 1559 1989 et
1591 1954 1641 1989 hic
1667 1954 1802 1990 fructum
1826 1955 1928 1991 bonae

1178 2004 1309 2038 actionis
1346 2004 1539 2050 percipiant,
1574 2011 1604 2038 et
1630 2004 1713 2051 apud
1747 2004 1924 2039 districtum

1178 2051 1319 2087 Iudicem
1342 2054 1479 2100 praemia
1493 2061 1637 2088 aeternae
1653 2054 1740 2100 pacis
1756 2053 1925 2089 inveniant.

1178 2101 1292 2146 Amen
1315 2114 1418 2144 amen,
1445 2114 1549 2137 amen.

1226 2150 1298 2185 Eoo
1336 2151 1503 2187 Cauxros
1548 2151 1719 2187 catholicae
1765 2151 1927 2188 Ecclesiae

1177 2200 1357 2247 episcopus.

1225 2249 1338 2284 Datum
1362 2249 1507 2284 Laterani
1537 2261 1592 2297 per
1618 2262 1746 2284 manum
1768 2250 1926 2297 Aymerici

1176 2307 1301 2333 sanctae
1323 2299 1485 2333 Romanae
1508 2299 1666 2334 Ecclesiae
1685 2299 1806 2334 diaconi
1823 2298 1926 2333 cardi-

1176 2348 1253 2382 nalis
1285 2356 1316 2382 et
1336 2348 1524 2387 cancellarii,
1547 2360 1608 2382 v111
1631 2348 1701 2383 idus
1726 2348 1814 2389 maii,
1841 2347 1925 2382 indi-

1175 2398 1278 2431 ctione
1308 2410 1336 2442 1⁷
1370 2397 1593 2432 incarnationis
1630 2397 1806 2432 dominicae
1840 2409 1924 2431 auno

1174 2458 1319 2487 mcxxin,
1335 2446 1532 2493 pontificatus
1546 2446 1764 2481 autemdomni
1775 2444 1923 2480 Calixtill

1174 2494 1279 2542 Papae
1302 2509 1385 2530 anno
1408 2508 1438 2529 v.

1254 2556 1314 2586 Dat.
1338 2558 1384 2587 die
1403 2557 1420 2587 8
1436 2556 1505 2586 maii
1524 2566 1599 2585 anno
1622 2554 1737 2585 Domini
1755 2554 1846 2593 1123,

1427 2604 1529 2644 pontif.
1547 2613 1623 2635 anno
1645 2611 1671 2634 v.

1966 228 2016 256 An.
2037 229 2065 257 c.
2079 230 2151 273 ¹¹²3,

1991 737 2081 760 Abbatis
2096 745 2147 762 vero

1963 765 2093 787 electionem
2109 772 2148 793 pet·

1963 792 2147 815 sotosinonacnos
2168 798 2170 804 '

1963 820 2170 844 peragendam*

1983 1075 2067 1097 Census
2076 1081 2146 1098 annu-

1962 1107 1987 1122 us
2003 1103 2143 1125 Lateraneust

1187 1117 1327 1152 Ecclesia
1351 1118 1512 1157 libertatis,
1535 1131 1646 1153 aureos
1665 1119 1744 1154 duos
1766 1122 1937 1176 quotannis
1961 1129 2052 1177 ρὲζξὲῦζ
2061 1131 2144 1156 perso·-

1985 1327 2066 1349 Sotirae
2083 1328 2143 1350 clau-

1959 1354 2028 1375 sutae.

2157 2068 2162 2091 Ξ

1989 2149 2066 2170 eauxtt
2094 2149 2134 2172 1²1².
2155 2138 2173 2180 ly

1951 2175 2034 2196 subscri
2038 2177 2090 2202 puo.
2156 2185 2158 2192 v
