2180 3205
144 207 193 233 ΑΒ,
213 206 242 233 C.
261 206 324 234 1097

150 595 186 616 viai
201 595 321 620 inonachus,

146 939 194 968 >vei
206 940 319 960 etiam'cle-

133 971 190 986 ricus
208 967 317 992 regnaris.

172 1182 259 1203 Abbatis
274 1183 317 1203 ele·
342 1189 347 1194 ·

132 1211 175 1228 ctio
208 1210 315 1230 monachis

133 1235 262 1259 concentum
276 1238 316 1257 ele·

134 1265 210 1287 titique
229 1264 275 1282 saun
308 1269 317 1282 s

132 1288 195 1308 datur
203 1290 318 1314 sutri-,nvn-

132 1315 152 1334 di
162 1316 316 1336 ordinatis-nem

132 1347 143 1360 a
159 1347 200 1366 qn.)
219 1344 317 1363 maluerit.

151 1627 264 1648 Decretum
278 1634 315 1654 pro

130 1655 316 1679 quietenioiiasta-

132 1681 315 1708 rii,bonoruiiique

130 1707 157 1726 ad
181 1708 231 1727 illud
253 1712 316 1733 perti-

131 1736 230 1754 nuntium.

158 1919 239 1940 solitae
258 1921 305 1941 clau

400 192 468 226 478

942 200 1065 223 nt'LtAn
1071 202 1076 221 l
1083 201 1129 223 PH
1152 201 1313 223 ROMANUM

349 254 431 290 iusto
455 254 639 302 praebeatur
666 252 792 287 dilectio
827 260 955 288 sanctae
988 254 1099 288 frater·
1142 255 1250 289 iaceat.
1274 253 1406 289 Cunctis
1422 254 1500 288 insta
1524 254 1626 288 eidem
1648 256 1801 289 coenobio
1816 256 1895 291 suis-

350 305 465 344 nitatis,
493 312 522 338 et
548 304 584 337 ail
619 303 740 337 veniam
768 302 962 348 confugienti
987 315 1099 349 pecca-

348 354 407 388 tori
433 365 493 387 non
530 361 661 397 negetur
686 351 953 386 medicamentum
990 352 1097 386 indul-

347 403 468 448 gentiae
489 410 518 436 et
540 401 659 435 salutis.
685 400 732 435 Sit
754 409 860 435 autem
883 401 1032 436 omnibus
1055 402 1096 435 ibi

346 450 584 486 advenientibus
605 462 696 484 causa
720 450 828 484 salutis
850 450 901 484 hic
923 458 951 485 et
975 451 1004 484 in
1027 463 1098 496 per-

346 508 494 546 petuum,
521 499 645 533 divinae
680 499 891 533 miserationis
919 507 949 534 et
973 500 1096 546 pietatis

346 548 515 594 refugium,
544 556 575 583 et
601 548 789 595 apostolicae
817 548 1047 583 benedictionis
1066 558 1096 583 et

343 597 551 632 absolutionis
574 597 775 644 praesidium.
804 597 894 632 Hinc
916 598 1010 632 etiam
1033 610 1096 632 vo-

343 646 392 681 bis
419 647 663 694 praerogativam
695 646 919 687 concedimus,
956 655 990 680 ut
1012 647 1096 693 quis-

343 696 415 742 quis
437 696 475 731 ad
498 709 552 731 vos
579 696 671 730 alieni
703 696 883 730 monasterii
921 697 1094 730 monachus

343 757 403 800 pro
427 746 507 780 vitae
529 745 745 780 melioratione
773 745 940 788 transierit,
964 745 1094 779 licenter

343 795 529 849 recipiatur,
552 795 680 829 remotis
707 794 818 840 piioris
841 794 897 828 loci
939 795 1094 841 querimo-

343 856 414 888 niis,
442 852 473 878 ut
500 844 652 888 largiente
674 844 821 887 Domino,
843 843 970 881 salutis
998 856 1090 890 quani

341 904 492 939 quaerere
515 880 650 937 videtur,
686 893 770 940 apud
797 905 852 927 vos
879 893 1017 939 potiatur
1051 893 1092 927 ef-

341 942 436 977 fectu.
471 942 613 977 Clericos
646 954 773 996 quoque
799 943 974 982 rernlares
1012 954 1092 996 qnos

341 992 512 1027 canonicos
540 1000 665 1035 vocant,
692 1003 745 1038 qni
782 991 829 1025 vel
858 992 886 1024 in
922 991 999 1024 locis
1025 991 1090 1024 suis

340 1041 451 1076 salvari
467 1053 530 1075 non
548 1048 691 1090 possunt
715 1040 760 1074 vel
777 1052 834 1086 pro
850 1039 1089 1074 necessitatibus

340 1090 378 1124 ad
401 1090 469 1125 loca
492 1099 591 1125 vestra
612 1089 809 1134 confugiunt,
833 1088 1037 1134 suscipiendi
1060 1098 1089 1123 et

339 1147 478 1174 vestrum
498 1139 694 1186 propositum
710 1116 902 1172 eadmittendi
930 1137 1086 1172 licentiam

340 1189 549 1236 impertimur.
564 1188 772 1222 Decernimus
791 1195 960 1233 praeterea,
976 1195 1006 1220 et
1024 1199 1088 1220 om-

340 1238 417 1273 nino
438 1237 678 1278 constituimus,
705 1245 739 1270 ut
761 1236 911 1283 praedicti
940 1236 1000 1270 loci
1024 1236 1088 1270 ob-

339 1296 433 1322 eunte
451 1287 574 1330 abbate,
593 1299 655 1321 non
673 1286 714 1320 ibi
733 1286 1005 1332 alicninacunique
1024 1298 1088 1331 per-

339 1348 435 1371 sonae
463 1336 608 1371 violentia
632 1335 841 1370 constituatur
870 1334 1086 1375 ordinandiis;

339 1386 395 1420 sed
412 1386 451 1420 ab
474 1386 541 1432 ipsa
563 1385 807 1431 congregatione
830 1384 888 1418 loci
910 1384 1085 1418 secundum

340 1435 484 1470 timorem
503 1435 571 1477 Dei,
598 1443 628 1469 et
648 1434 874 1468 institutionem
899 1433 1087 1478 legislatoris

340 1483 519 1523 Benedicti,
541 1484 646 1527 Pater,
663 1483 720 1529 qui
735 1483 794 1517 sibi
814 1494 946 1530 praeesse
965 1482 1085 1522 debeat,

339 1533 484 1579 eligatur,
506 1541 600 1580 atque
626 1532 665 1567 ad
687 1544 759 1566 eum
783 1532 992 1566 ordinandum
1009 1543 1087 1577 qua-

340 1581 516 1629 liscumque
538 1582 601 1616 illis
628 1582 780 1628 placuerit
802 1581 972 1627 episcopus
987 1580 1086 1614 advo-

339 1639 438 1666 cetur.
471 1631 636 1666 Praeterea
662 1630 905 1674 constituimus,
941 1638 973 1663 ut
1007 1629 1083 1663 nulli

339 1681 470 1715 omnino
497 1680 662 1715 bominum
689 1680 779 1714 liceat
803 1687 938 1713 vestrum
964 1690 1087 1712 venera-

341 1729 402 1764 bile
420 1730 608 1765 coenobium
645 1738 674 1763 et
691 1729 756 1763 loca
779 1729 805 1762 ei
829 1728 952 1762 subdita
969 1736 1085 1762 temere

341 1779 534 1826 perturbare,
550 1779 605 1813 sed
620 1790 728 1813 eorum
745 1777 913 1821 Ecclesiae,
932 1777 1084 1817 decimae,

340 1829 567 1875 possessiones,
601 1836 633 1862 et
657 1827 738 1862 bona
760 1835 899 1868 caetera,
927 1838 1006 1873 quae
1030 1838 1085 1872 pro

340 1878 515 1912 animarum
538 1877 636 1911 salute
659 1877 718 1911 iani
741 1876 853 1910 donata
876 1884 960 1913 sunt,
983 1875 1030 1909 vel
1054 1876 1084 1909 in

340 1926 493 1966 futurum,
520 1926 658 1961 Domino
676 1926 853 1968 miserante,
876 1923 985 1958 donari
1009 1936 1086 1958 con-

340 1976 456 2021 tigerit,
483 1977 570 2010 firma
598 1975 685 2009 vobis
710 1975 882 2021 vestrisque
916 1985 1086 2008 successo—

341 2025 452 2070 ribus,
491 2033 520 2060 et
555 2024 671 2059 illibata
712 2031 925 2071 permaneant.
965 2022 998 2056 Si
1025 2035 1086 2069 qua

341 2074 438 2120 igitur
463 2074 674 2109 ecclesiastica
700 2073 907 2107 saecularisve
938 2084 1086 2118 persona,

341 2123 423 2159 lianc
437 2132 573 2158 nostram
583 2122 836 2158 constitutionem
852 2123 965 2164 sciens,
980 2129 1087 2155 contra

342 2184 410 2207 earn
443 2181 561 2208 temere
596 2173 702 2207 venire
737 2171 911 2210 tentaverit,
947 2170 1087 2204 secundo

342 2222 472 2257 tertiove
508 2221 712 2264 commonita,
738 2221 763 2255 si
788 2232 849 2254 non
876 2219 1088 2254 satisfactione

343 2282 478 2317 congrua
501 2270 731 2314 emendaverit,
760 2269 921 2316 potestatis
943 2268 1089 2302 lionoris-

343 2332 405 2366 que
438 2321 485 2355 sui
521 2319 672 2366 dignitate
718 2326 843 2359 careat,
879 2330 1026 2364 reamque
1056 2330 1089 2352 se

344 2369 450 2404 divino
472 2369 587 2404 iudicio
605 2369 738 2403 existere
759 2368 797 2402 de
819 2375 995 2422 perpetrata
1022 2366 1090 2400 ini-

344 2418 461 2464 quitate
495 2426 680 2464 cognoscat,
707 2425 737 2452 et
757 2429 773 2452 a
796 2417 993 2451 sanctissimo
1020 2427 1091 2450 cor-

345 2479 421 2514 pore
443 2475 473 2501 et
497 2467 647 2513 sanguine
670 2467 725 2501 Dei
750 2474 780 2501 et
801 2466 925 2500 Domini
947 2464 1090 2499 Redem-

345 2517 444 2571 ptoris
460 2517 554 2550 nostri
570 2509 638 2550 Iesu
655 2515 772 2550 Cliristi
792 2515 891 2549 aliena
908 2514 974 2555 liat,
996 2522 1089 2560 atque

346 2566 379 2600 iu
401 2573 540 2600 extremo
558 2565 700 2600 examine
722 2564 880 2600 districtae
895 2563 1006 2598 ultioni
1021 2562 1092 2597 sub-

1141 316 1202 350 que
1222 304 1297 338 locis
1312 304 1509 338 servantibus
1525 305 1563 338 sit
1581 318 1638 350 pax
1650 305 1776 339 Domini
1796 307 1892 340 nostri

1139 353 1208 387 Iesu
1228 353 1363 392 Cliiisti;
1384 354 1535 408 quitinns
1558 353 1607 387 liic
1631 354 1766 389 trucium
1791 355 1892 390 bonae

1139 403 1270 437 actionis
1306 403 1501 449 periipiant,
1529 411 1559 436 et
1593 403 1676 450 apud
1713 404 1891 439 districtum

1140 451 1281 486 liidiceni
1299 453 1461 498 praemia
1453 460 1596 487 aeternae
1619 452 1705 500 pacis
1720 453 1890 488 inveniant.

1140 502 1254 535 Amen.

1189 550 1301 585 Datum
1331 551 1473 585 Laterani
1507 550 1623 585 vidus
1657 550 1804 595 ianuarii,
1843 552 1892 587 iu-

1137 600 1275 635 dictione
1294 613 1323 634 v.

1189 656 1249 687 Dat.
1272 657 1318 687 die
1337 657 1354 688 9
1373 657 1498 687 ianuarii
1518 667 1593 687 anno
1612 656 1727 687 Domini
1746 658 1833 696 1097,

1383 702 1485 741 pontif.
1507 712 1583 731 anno
1603 711 1639 732 lx.

1472 847 1556 882 XLI.

1118 928 1356 961 nonasterium
1382 930 1416 963 S.
1446 929 1554 962 Mauri·
1582 929 1832 974 Glciimafoliense
1854 933 1887 965 i'n

1185 979 1291 1009 (ii-ittae
1315 978 1541 1011 fossatensibus
1563 980 1790 1024 abi'wlicatum,
1814 981 1886 1014 Cas-

1179 1027 1325 1060 si‘naci'ttin
1353 1027 1466 1061 dicioni
1485 1029 1654 1062 restituitur
1677 1031 1733 1072 (l).

1307 1142 1311 1145 Δ
1400 1105 1614 1136 stimuum

1131 1168 1160 1198 S.
1180 1169 1298 1199 Maurus
1319 1169 1348 1200 S.
1367 1169 1518 1201 Benedicti
1537 1172 1713 1211 discipulus:
1731 1190 1771 1195 —
1785 1173 1884 1203 Mona·

1170 1215 1292 1244 sterium
1319 1215 1559 1246 Glannasoliense
1585 1217 1756 1248 construxit:
1782 1235 1822 1240 —
1848 1218 1882 1248 Et

1168 1258 1372 1289 Cassinatibus
1401 1261 1563 1297 regendum
1585 1260 1673 1291 dedit:
1708 1278 1748 1284 -—
1773 1261 1881 1292 lisdem

1168 1303 1204 1332 ab
1223 1303 1370 1333 Hadriano
1398 1304 1452 1334 Pt‘.
1473 1305 1684 1335 adiudicatum:
1707 1323 1746 1328 —
1770 1305 1882 1335 Dehinc

1168 1357 1182 1376 a
1215 1347 1349 1377 barbaris
1376 1348 1559 1378 destructum
1596 1349 1818 1379 Fossatentibus
1851 1350 1882 1379 in

1168 1392 1298 1429 regimen
1319 1393 1427 1422 datum.
1456 1410 1495 1415 —
1516 1392 1633 1422 Urbano
1652 1393 1706 1423 Pt‘.
1730 1398 1881 1432 porrectae

1168 1446 1269 1476 preces
1302 1446 1353 1476 pro
1380 1437 1566 1467 restitutione
1597 1437 1800 1468 Cassinatibus
1834 1438 1880 1468 sa-

1167 1481 1281 1510 cieiida.
1302 1497 1342 1502 —
1363 1480 1411 1509 Lis
1434 1490 1532 1510 corani
1564 1482 1666 1511 eodem
1697 1483 1814 1520 agitata.
1843 1500 1883 1506 -—

1167 1524 1305 1554 Hadriani
1324 1525 1509 1563 privilegium
1529 1526 1760 1564 supposititium.
1775 1526 1878 1556 —De-

1167 1575 1298 1606 cretum,
1336 1574 1366 1598 ut
1400 1570 1537 1608 proprius
1578 1569 1619 1599 ibi
1651 1570 1881 1600 constitueretur

1166 1613 1275 1649 abbas,
1304 1615 1574 1653 monasteriumque
1595 1613 1801 1644 Cassiiiatibus
1829 1624 1880 1644 re-

1166 1658 1309 1687 stitutum.
1327 1675 1366 1680 —-
1383 1657 1460 1687 Bona
1477 1659 1573 1687 omnia
1591 1659 1685 1687 eidem
1702 1659 1881 1688 confirman-

1167 1707 1221 1731 tiir.
1247 1719 1285 1725 —
1307 1702 1337 1731 ln
1365 1708 1512 1741 posterum
1540 1701 1662 1731 abbates
1685 1711 1699 1731 a
1724 1703 1877 1732 monachis

1165 1747 1200 1776 de
1229 1748 1340 1785 gremio
1364 1747 1501 1784 eligendi.
1530 1762 1570 1767 —
1591 1744 1642 1774 Sin
1662 1755 1728 1775 vero
1752 1747 1878 1776 idoneus

1166 1801 1250 1820 nemo
1270 1792 1309 1821 ibi
1328 1792 1500 1830 reperiatur,
1518 1791 1554 1820 de
1570 1789 1722 1819 Cassinen.
1741 1790 1876 1828 eligatur.

1164 1852 1204 1858 —
1221 1836 1319 1865 Abbas
1338 1836 1471 1875 quolibet
1496 1836 1699 1874 quinquennio
1723 1834 1878 1865 Cassinuin

1165 1881 1259 1910 adeat.
1289 1897 1329 1903 —-
1358 1881 1447 1910 Cuius
1476 1880 1676 1910 tantummodo
1705 1879 1809 1909 ditioni
1838 1880 1877 1910 sit

1166 1924 1341 1954 subiectum.
1359 1941 1398 1946 —
1416 1923 1639 1954 conclusiones.

1127 1996 1247 2023 Urbanus
1267 1995 1406 2031 episcopus
1430 2001 1524 2022 servus
1553 2000 1692 2022 servorum
1715 1993 1779 2026 Dei,
1801 1999 1877 2021 reve-

1172 2045 1327 2073 rentissimo
1344 2046 1371 2073 et
1389 2044 1530 2072 carissimo
1542 2043 1625 2072 fratri
1641 2043 1759 2072 uderisio
1776 2042 1879 2070 nostris

1172 2102 1220 2130 pei·
1244 2094 1288 2122 Dei
1307 2094 1427 2129 gratiam
1446 2093 1586 2126 manibus,
1611 2094 1638 2122 et
1662 2093 1691 2120 in
1714 2091 1880 2120 cardinalem

1173 2145 1283 2172 sanotae
1308 2144 1439 2171 Romanae
1463 2142 1605 2174 Ecclesiae,
1629 2141 1773 2173 sacerdoti,
1800 2141 1827 2168 et
1850 2140 1879 2168 in

1174 2194 1297 2221 abbatem
1325 2192 1493 2221 cassinensis
1512 2190 1671 2219 monasterii
1706 2190 1878 2221 consecrato.

1174 2243 1283 2279 eiusque
1305 2242 1503 2270 suecessoribus
1522 2240 1688 2276 regulariter
1712 2239 1879 2268 substituen-

1175 2293 1227 2326 dis,
1247 2293 1275 2320 in
1293 2293 1462 2328 perpetuum.

1179 2360 1272 2395 Patei
1297 2369 1325 2394 et
1354 2360 1499 2406 princeps
1523 2357 1725 2393 monachicae
1748 2356 1877 2390 institu-

1132 2410 1235 2449 tionis,
1257 2409 1356 2455 gratia
1385 2417 1414 2443 ct
1442 2408 1569 2442 nomine
1591 2406 1798 2444 Benedictus
1824 2404 1876 2438 di-

1131 2459 1287 2506 scipuluin
1310 2471 1403 2493 suum
1426 2457 1642 2491 beatissimum
1666 2454 1809 2488 Maurum
1834 2453 1874 2487 ob

1167 2533 1205 2567 (l)
1221 2534 1260 2559 Ex
1286 2531 1403 2566 originali
1422 2530 1505 2558 edidit
1522 2527 1629 2557 Gattuia
1653 2527 1721 2554 Hist.
1741 2526 1878 2553 Cassinen.

1131 2580 1200 2600 saec.
1223 2581 1260 2605 Vt,
1278 2580 1336 2607 pag.
1357 2572 1419 2598 205.

1914 206 1964 234 An.
1986 207 2012 234 C.
2029 207 2095 237 1097

1929 2368 1951 2389 S.
1968 2368 2052 2388 Maurus
2062 2367 2085 2388 S.

1902 2395 2012 2415 Benedicti
2023 2394 2087 2415 disci-

1902 2422 1970 2447 putus.-
