2180 3205
7 285 15 293 ¹
29 311 77 340 An.
97 311 125 338 C.
143 311 209 338 1107

61 691 120 718 Qute
132 690 206 711 omnta

24 719 183 740 confirmantur
194 722 206 737 a

23 744 120 767 hanun
135 744 175 767 PP.

23 796 201 828 Perpetuumque

23 823 134 846 nitentium
168 828 204 843 su-

23 855 61 878 per
69 851 110 871 hoe
119 850 206 874 utrique

22 877 77 906 {nni
84 877 206 904 tmponttur

23 1111 181 1139 Pksubsertpt?
182 1117 203 1133 o.

48 2539 175 2564 Exordium.

855 293 1030 316 tuscanas
1057 293 1081 314 tt
1111 293 1158 314 ΡΡ.

1660 279 1724 312 931

238 350 267 385 in
285 357 468 395 perpetuum
492 355 604 383 statuta
626 347 792 390 possessio.
815 347 898 383 Sane
914 347 987 382 liuic
1028 354 1108 380 Γυςιι·
1137 353 1248 380 statuta
1272 353 1356 388 sunt,
1378 344 1525 385 statatum
1552 343 1669 379 idcirco
1698 344 1780 379 ‹lile-

235 399 400 434 nobiscum
443 398 556 432 iudicio
594 397 749 432 all'nrrnnt
793 398 986 433 venerabiles

235 449 387 495 episcopi,
421 447 622 493 Lendvgarus
651 447 865 486 Rittiricensis,
894 448 985 483 Addo

233 497 448 533 Placentinus,
471 495 623 531 Girardus
650 496 917 541 Engolismrnsis,
942 499 984 533 Il-

233 546 382 580 ‹lebertus
409 545 674 589 Cenomanensis,
701 553 732 579 et
755 553 878 580 nostrae
903 560 984 582 san—

233 604 300 630 ctat·
322 595 486 630 Romanae
514 594 672 628 Ecclesiae
699 595 865 629 cardinalis
899 596 983 631 Ian-

233 644 340 679 dull'us
375 644 413 678 de
446 644 537 678 titulo
571 643 677 677 Sancti
713 643 891 682 Laurentii
927 647 980 693 qui

233 694 374 728 dicitur
368 706 398 727 tn
422 693 550 727 Iucina.
575 692 671 738 Igitur
697 701 725 726 et
749 706 804 727 nos
826 696 980 730 sanctioni

232 742 483 798 piaedtctssoris
505 743 600 776 nostri
626 749 749 777 nostrae
771 756 898 799 quoque
914 757 982 779 san-

231 793 345 827 ctionis
368 791 462 826 tobur
487 791 667 825 adiicitnus:
697 793 927 839 praecipientes
951 803 980 828 tt

233 841 357 888 penitus
389 839 629 882 interdicentes,
673 854 711 876 ue
746 843 816 888 quis
849 843 981 878 ulterius

229 903 326 937 super
353 889 411 924 boc
444 889 570 935 negotio
604 898 739 926 vestrum
768 891 980 928 Cluniacense

229 938 416 980 coenobium
434 938 606 993 inquietare
621 949 810 987 praesumat.
830 941 890 983 Qui
907 955 980 977 vero

231 988 486 1043 praesumpserit,
509 990 677 1026 canonicae
697 990 901 1025 districtionis
916 992 980 1026 ani-

229 1038 447 1077 madversione
470 1037 648 1074 mulctetur.

277 1086 348 1122 Eoo
385 1085 570 1122 essemus
612 1088 783 1124 catholicae
819 1088 978 1125 Ecclesiae

228 1141 408 1188 episcopus.

228 1209 337 1250 <Locus
353 1207 452 1251 sigilli
466 1207 602 1251 plumbei
616 1213 646 1239 ul
662 1217 768 1251 supra,
787 1218 862 1251 paq.
884 1208 976 1249 ⁶251).

275 1273 390 1308 Datum
414 1271 572 1307 Silviniaci
597 1283 652 1318 per
678 1284 806 1306 manum
829 1272 978 1307 Iohannis

227 1331 353 1359 sanctae
373 1322 536 1356 Romanae
559 1320 718 1355 Ecclesiae
741 1321 884 1364 diaconi,
916 1334 976 1356 viu

228 1373 289 1408 kal.
317 1372 412 1412 iunii,
439 1371 548 1405 indict.
583 1383 636 1409 xv,
665 1370 888 1405 incarnationis
920 1371 978 1405 do-

226 1422 361 1456 minicae
387 1432 470 1454 anno
502 1431 609 1456 tucvn.
645 1420 844 1465 pontificatus
872 1428 975 1455 autem

227 1471 335 1506 domni
362 1469 523 1504 Pasrlialis
549 1469 575 1503 II
597 1468 713 1516 Papae,
736 1481 807 1503 viu.

286 1528 346 1558 Dat.
365 1528 412 1558 die
434 1527 472 1556 *25
494 1526 562 1556 maii
586 1536 661 1556 anno
690 1526 805 1557 Domini
832 1528 916 1561 1107,

382 1572 483 1612 pontif.
503 1571 654 1601 Paschalis
673 1581 749 1601 anno
767 1581 826 1602 vui.

526 1699 673 1734 xxxin.

229 1769 429 1813 Confirmatio
456 1768 558 1801 bullae
587 1767 715 1800 Nicolai
748 1768 812 1800 ΡΡ.
842 1767 975 1804 secundi,

276 1829 337 1862 qua
373 1817 599 1850 Corbt'w'acensi
615 1817 756 1849 coenobio
780 1817 929 1859 exemptio
957 1828 974 1849 α

275 1867 454 1900 subiectione
474 1866 713 1899 Flam·n›·acensis
734 1866 907 1898 conceditur
921 1867 929 1907 (
938 1870 945 1897 t
954 1868 974 1908 ).

494 1929 708 1960 St'ititantt‘n

227 1987 394 2018 Exordium.
408 2004 448 2009 -—
466 1987 614 2026 Exemptio
635 1987 805 2016 huiusmodi
824 1991 908 2017 antea
927 1997 977 2017 co-

267 2033 345 2069 gnita
362 2041 376 2061 a
395 2031 500 2069 legatis
519 2030 688 2069 apostolicis
709 2031 737 2059 in
755 2030 870 2060 Galliis.
888 2049 927 2053 —
944 2031 976 2061 Et

267 2076 381 2106 abbatis
408 2075 641 2105 Flaviniacensis
674 2075 893 2114 subscriptione
923 2076 975 2105 t‘ir-

269 2125 360 2157 mata;
381 2136 422 2142 —
442 2120 531 2149 Antea
552 2129 565 2149 a
583 2119 702 2149 Nicolao
722 2119 758 2155 tl;
779 2136 818 2141 ——
839 2119 940 2149 Postea
961 2129 974 2149 a

268 2164 409 2194 Pascbale
431 2165 630 2193 confirmatur.
648 2181 687 2185 —
704 2163 842 2202 Apposita
861 2163 976 2192 (livinae

267 2209 389 2238 ultionis
408 2217 500 2247 poena
519 2209 548 2238 in
572 2208 737 2238 violatores.
760 2223 799 2228 —
819 2207 873 2236 ΡΡ.
900 2208 976 2237 sub-

269 2252 399 2291 scriptio.

228 2313 365 2342 Paschalis
384 2313 524 2348 episcopus
540 2320 634 2342 servus
654 2319 793 2340 servorum
811 2313 866 2346 Dei.
880 2314 978 2342 dilecto

272 2362 327 2390 mio
343 2361 445 2397 Rugoni
461 2362 562 2394 abbati,
575 2362 602 2390 et
613 2361 748 2390 fratribus
765 2362 978 2391 corbiniacensis

271 2410 442 2443 monasterii,
456 2411 572 2439 satutem
583 2412 610 2440 et
620 2411 798 2447 apostoticam
816 2412 977 2441 benedictin·

272 2468 342 2490 nem.

278 2518 381 2554 Officii
409 2530 466 2553 nos
492 2517 634 2552 hortatur
655 2518 823 2553 auctoritas
847 2531 900 2564 pro
923 2519 978 2553 Ee·

229 2568 395 2603 elesiarum
429 2575 511 2602 statu
541 2566 681 2601 solicitos
716 2579 796 2610 esse,
837 2577 866 2601 et
899 2580 978 2615 quae

265 2633 304 2668 (1)
323 2632 483 2660 Sammartb.
502 2632 569 2660 Gall.
588 2632 686 2659 Christ.
701 2635 764 2659 tom.
778 2639 807 2658 ιιι
819 2632 886 2658 inter
899 2632 977 2659 lustr.

231 2672 329 2700 Eccles.
350 2673 463 2707 Eduen.‚
481 2680 554 2699 num.
574 2679 648 2698 xcix.

1026 400 1137 433 ctionis
1150 407 1267 433 restrae
1283 400 1464 445 petitionem
1483 399 1653 433 clementer
1670 398 1779 432 admi-

1025 454 1137 497 simus,
1166 462 1197 486 ut
1219 452 1408 487 coenobium
1433 460 1568 486 vestrum
1591 464 1606 486 a
1625 451 1778 486 Flavinia·

1025 508 1167 544 censium
1189 506 1415 541 monachorum
1439 506 1618 541 incursibus
1638 506 1774 540 liberum

1027 562 1239 597 redderemus.
1265 559 1411 593 Vidimus
1432 560 1587 606 siquidem
1616 559 1777 594 venerabi-

1025 615 1100 649 lium
1125 614 1252 648 fratrum
1278 612 1422 659 lIugonis
1440 621 1469 646 et
1487 612 1590 647 Amati
1613 613 1776 660 episcopo-

1025 681 1091 702 rum
1132 666 1363 709 definitionem,
1407 666 1460 713 qui
1507 675 1581 701 tune
1623 667 1776 714 temporis

1025 720 1222 769 Apostolicae
1238 719 1331 754 Sedis
1358 720 1514 766 legatione
1542 721 1570 754 in
1599 720 1772 755 Galliarum

1025 774 1164 822 partibus
1203 773 1425 818 fungebantur,
1459 786 1551 820 quam
1592 786 1687 821 snper
1715 775 1775 809 boc

1025 829 1149 875 negotio
1178 829 1207 861 in
1237 827 1453 862 Exoldunensi
1482 827 1616 861 concilio
1644 840 1775 874 perege-

1023 891 1105 917 runt.
1135 880 1260 915 Auditis
1282 881 1366 915 enim
1390 881 1554 927 utriusque
1578 882 1673 928 partis
1695 882 1773 916 alle-

1021 935 1214 984 gatiouibus,
1224 935 1398 969 visisetiam
1412 935 1509 969 literis
1520 943 1549 969 et
1559 936 1772 977 monimentis,

1021 1002 1102 1037 quae
1126 990 1275 1036 utrinque
1305 989 1546 1037 proferebantur
1569 989 1597 1023 in
1622 990 1773 1034 medinm,

1021 1056 1058 1078 ex
1085 1043 1210 1078 concilii
1233 1043 1386 1078 sententia
1415 1051 1590 1078 statuerunt
1614 1051 1647 1077 ut
1673 1043 1774 1078 Flavi-

1021 1097 1176 1133 niacensis
1201 1096 1359 1137 monachi,
1382 1096 1435 1143 qui
1459 1104 1597 1131 restrum
1621 1105 1773 1132 monaste-

1021 1153 1102 1187 rium
1119 1152 1149 1186 in
1164 1152 1239 1186 cella
1254 1151 1397 1197 redigere
1418 1150 1625 1195 conabantur,
1641 1151 1771 1185 omnino

1020 1206 1172 1253 deinceps
1197 1205 1236 1240 ab
1263 1205 1322 1239 bac
1345 1205 1542 1239 infestatione
1570 1204 1769 1239 desisterent.

1020 1260 1152 1294 Abbatis
1174 1260 1266 1294 etiam
1282 1258 1536 1293 Flaviniaeenses
1550 1263 1592 1302 (t)
1612 1258 1641 1292 in
1659 1271 1770 1293 manus

1019 1326 1091 1349 suas
1133 1313 1317 1348 refutatione
1353 1320 1511 1358 suscepta,
1551 1311 1770 1347 definitionem

1019 1369 1117 1415 ipsam
1133 1367 1363 1414 subscriptione
1379 1378 1446 1405 sua,
1463 1374 1493 1400 et
1510 1366 1693 1409 multorum,
1712 1367 1765 1413 qui

1018 1422 1183 1460 affuerant,
1203 1420 1424 1467 episcoporum
1447 1420 1628 1454 nominibus
1648 1421 1769 1455 munie-

1019 1484 1101 1511 runt.
1114 1475 1154 1510 Et
1169 1486 1226 1509 nos
1245 1486 1330 1521 erge,
1346 1474 1428 1508 sicut
1446 1482 1475 1508 et
1492 1473 1767 1520 praedecessorem

1019 1538 1158 1564 nostrum
1182 1537 1306 1563 sanctae
1326 1528 1496 1563 memoriae
1515 1527 1678 1562 Nicolaum
1701 1528 1769 1563 Pa-

1019 1596 1088 1631 pam
1112 1583 1270 1626 statuisse,
1297 1582 1459 1617 literarum
1483 1582 1595 1616 indicia
1624 1583 1767 1617 manife—

1017 1646 1111 1678 stant,
1144 1637 1316 1684 praesentis
1343 1637 1458 1672 decreti
1481 1636 1654 1671 assertione
1688 1637 1769 1671 lianc

1016 1691 1302 1726 Flaviniacensium
1340 1690 1565 1725 monachorum
1606 1690 1766 1736 querelam

1018 1757 1146 1793 prorsus
1167 1757 1183 1779 a
1207 1752 1308 1779 vestro
1331 1743 1485 1778 coenobio
1508 1755 1720 1789 removemus,
1737 1753 1767 1779 et

1017 1800 1151 1846 sopitam
1167 1799 1197 1832 in
1214 1807 1400 1845 perpetuum
1411 1808 1532 1831 cessare
1543 1797 1765 1843 praecipimus.

1017 1853 1116 1888 Porro
1144 1852 1168 1886 si
1190 1851 1490 1897 Augustodunensis
1517 1850 1701 1897 episcopus,
1728 1851 1767 1885 ad

1017 1907 1106 1941 cuius
1132 1906 1362 1941 ordinationem
1397 1917 1453 1952 pro
1488 1904 1659 1951 parochiali
1701 1905 1769 1939 iure

1017 1960 1105 1995 locus
1128 1967 1228 1994 vester
1255 1959 1400 2006 pertinet,
1422 1958 1526 2004 aliqua
1548 1958 1636 1992 vobis
1662 1970 1768 2004 grava-

1018 2014 1100 2048 mina
1116 2013 1230 2048 inferre
1245 2012 1472 2060 perstiterit‚ad
1483 2011 1597 2046 Sedein
1610 2012 1769 2058 Apostoli-

1017 2080 1084 2103 cam
1104 2067 1284 2102 recurrendi
1304 2066 1430 2100 liberam
1452 2065 1539 2099 vobis
1558 2065 1765 2099 concedimus

1019 2116 1207 2151 facultatem.
1250 2115 1281 2149 Si
1317 2116 1387 2162 quis
1424 2123 1527 2148 autem
1566 2115 1769 2160 pertinaciter

1018 2166 1167 2200 adversus
1182 2166 1238 2200 ista
1254 2165 1360 2199 venire
1374 2164 1620 2211 praesumpserit
1642 2171 1765 2209 aposto-

1018 2215 1094 2249 licae
1122 2214 1345 2260 indignationis
1369 2213 1488 2247 ultione
1505 2212 1667 2257 plectatur.
1698 2212 1762 2247 Vos

1020 2264 1123 2310 igitur,
1147 2263 1200 2297 filii
1222 2264 1254 2297 in
1276 2262 1403 2297 Christo
1419 2261 1536 2299 dilecti,
1559 2261 1616 2295 Dei
1639 2273 1767 2307 semper

1020 2315 1162 2347 timorem
1190 2320 1220 2346 et
1246 2323 1384 2346 amorem
1416 2312 1446 2344 in
1474 2310 1586 2344 vestris
1618 2310 1768 2345 cordibus

1020 2362 1133 2397 babere
1154 2361 1296 2406 satagite,
1320 2369 1352 2395 ut
1374 2368 1491 2407 quanto
1513 2372 1527 2393 a
1551 2359 1768 2393 saecularibus

1021 2411 1205 2446 tumultibus
1227 2409 1391 2444 liberiores
1412 2409 1498 2452 estis,
1521 2416 1606 2442 tanto
1628 2408 1768 2455 amplius

1021 2461 1141 2507 placere
1163 2460 1230 2494 Deo
1257 2459 1352 2493 totius
1375 2458 1487 2493 mentis
1508 2466 1538 2492 et
1564 2457 1686 2492 animae
1711 2458 1770 2492 rir-

1019 2510 1140 2544 tutibus
1166 2508 1328 2543 anbeletis.

1069 2559 1140 2593 Eoo
1174 2558 1356 2592 PASCtIALtS
1396 2555 1567 2591 catholicae
1608 2555 1768 2591 Ecclesiae

1021 2609 1188 2655 episcopus
1210 2606 1394 2652 subscripsi.

1056 2671 1094 2704 (t)
1111 2669 1177 2703 Lege
1193 2669 1403 2694 auriniacensis.

1636 2666 1674 2701 (a.
1694 2666 1734 2701 T.)

1805 308 1894 335 Aac.
1916 309 1985 336 1107

1804 585 1919 610 Exempuo
1947 586 1986 605 hu·

1804 618 1825 632 lu
1829 618 1883 631 ttttttt
1885 614 1898 631 ΙΙ
1922 615 1985 632 ΗΙΗΕΡΙ

1803 642 1891 662 cognita
1915 644 1927 658 a
1957 640 1985 658 te-

1803 669 1859 689 gatis
1883 666 1986 690 apostoti-

1803 693 1834 712 cis
1844 698 1866 712 ιιι
1878 692 1961 717 Ga.1iis;

1859 1285 1883 1305 Et
1897 1285 1984 1307 abbatis

1807 1311 1976 1334 flaviniacensis

1807 1340 1969 1365 subscriptione

1807 1365 1902 1391 firmam

1812 1500 1879 1520 Antea
1890 1505 1902 1520 a
1917 1500 1982 1521 Nico-

1799 1526 1833 1547 lau
1848 1527 1881 1549 11:

1824 1715 1901 1735 Prstea
1917 1720 1928 1734 a
1943 1715 1981 1735 Pa-

1798 1742 1871 1761 senate
1902 1741 1982 1763 confir-

1798 1771 1880 1788 matur.

1822 2135 1924 2161 apposita
1943 2135 1978 2156 di-

1795 2162 1859 2181 vinae
1888 2163 1979 2183 ultionis

1794 2189 1905 2214 poenam
1933 2190 1978 2209 vio·

1796 2216 1884 2236 tutores.

1793 2575 1973 2602 PPsubscriptio,
