2180 3205
127 219 176 246 An.
195 219 222 246 C.
244 219 311 246 ¹¹38

139 524 164 545 Ei
188 531 199 545 a
221 524 310 545 Summis

148 556 284 576 Pontificibus

179 589 256 607 actum.

140 727 229 754 Propter
255 725 311 747 Ros-

127 759 220 779 sellauae
240 757 278 777 Ect
274 758 312 778 le-

134 791 176 810 siae
194 789 303 809 calamita-

140 824 181 840 tem
202 821 296 840 eiusdem

127 850 255 877 episcopalis
277 856 298 870 sc

127 883 163 902 des
185 881 309 901 Grossetum

127 912 260 933 transfertur.

141 1364 253 1385 Decretum
264 1371 314 1385 con-

160 1396 283 1416 firmationis

130 1428 249 1453 praesentis
268 1427 315 1453 pri-

129 1457 209 1482 vile-gii.

146 1807 224 1827 Famae
244 1807 303 1827 clau-

134 1844 140 1856 Ξ
154 1838 200 1857 dae.

381 206 450 239 428

325 272 396 319 Aug
384 273 533 310 ustinus,
556 269 700 316 egregius
722 268 756 303 S.
779 267 940 303 Ecclesiae
963 266 1073 302 doctor

325 330 356 356 et
378 329 490 359 r·ectoi
514 321 606 354 certis
630 331 668 353 ex
690 317 793 352 causis
817 317 846 352 id
870 317 1074 351 fieriannua-

326 371 347 404 ti
371 373 427 413 tl),
466 369 626 407 videlicet
659 375 713 401 aut
740 379 796 413 pro
837 374 1072 412 persecutorum

326 419 456 462 feritate,
484 426 536 452 aut
560 418 698 451 locorum
719 415 911 454 difficultate,
934 423 986 449 aut
1009 427 1074 449 ma-

325 468 425 502 lornm
461 467 619 501 societate.
662 465 724 499 Sed
753 473 784 500 et
818 464 1074 512 praedecessores

327 517 435 559 nostri,
457 516 510 562 qui
534 515 664 549 diversis
686 514 773 549 fuere
794 514 961 554 aetatibus,
981 525 1074 550 earn-

325 566 394 600 dem
418 565 653 599 translationem
673 564 711 598 ad
727 563 785 598 alia
813 564 879 598 loca
905 563 1073 597 munitiora

325 616 419 648 unius
457 614 661 660 eiusdemque
699 613 881 647 dioeceseos
913 624 1074 667 saepenu—

325 676 411 697 meio
450 663 515 697 iic-ii
559 663 777 718 permiserunt.
817 662 886 696 Hoc
926 662 1073 695 nimirum

325 713 590 767 dispensationis
585 713 711 750 intuitu
726 724 795 745 v.en
813 711 844 745 fr·
841 719 888 745 :⁸ttt
894 725 905 744 ι
918 710 1074 746 Rollande

325 775 484 809 episcope
507 762 612 809 quoni
607 774 654 795 im
673 761 854 796 Rossellana
871 760 1010 794 Ecclesii
1029 761 1073 801 (2)

326 812 495 846 multorum
530 811 720 856 guinedonum
754 811 783 843 in
816 810 946 844 circuitu
982 808 1075 842 habi—

325 862 457 895 tantium
485 860 621 894 stimulis
645 867 675 893 et
700 859 955 893 infestationibus
976 858 1075 899 arita-

326 918 392 944 tur:
420 919 451 945 et
468 910 603 956 populus
625 908 766 943 eiusdem
791 909 850 942 loci
875 908 910 941 ad
929 919 1073 952 magnam

324 959 549 994 desolationem
584 967 678 1004 atque
707 957 908 1004 paucitatem,
936 956 1074 1003 peccatis

324 1008 542 1054 exigentibus,
577 1015 624 1041 est
655 1006 813 1045 redactus,
841 1005 1074 1040 communicato

324 1056 454 1092 fratrum
489 1065 668 1096 nostrorum
707 1055 855 1093 consilio,
889 1055 1073 1100 dignitatem

325 1107 512 1154 episcopalis
533 1105 618 1140 sedis
634 1105 665 1138 in
687 1105 796 1139 eadem
821 1104 898 1138 urbe
924 1104 1076 1138 hactenus

324 1155 483 1195 habitam,
512 1156 543 1189 in
566 1154 790 1189 Grossetanam
813 1154 968 1187 civitatem
995 1164 1075 1199 apo-

325 1205 435 1239 stolica
475 1205 659 1239 auctontate
698 1202 931 1243 transferimus3
966 1210 1074 1248 atque,

326 1262 360 1288 ut
382 1254 465 1289 idem
494 1254 583 1288 locus
604 1253 642 1287 de
661 1260 784 1287 caetero
807 1251 995 1299 episcopalis
1013 1251 1077 1306 api-

327 1303 372 1337 cis
395 1303 534 1338 culmine
568 1302 753 1343 decoretur,
781 1302 955 1348 praesentis
978 1300 1076 1348 privi-

326 1352 400 1398 legii
427 1353 590 1387 sanctione
629 1328 838 1386 decernimus.
879 1349 963 1384 Nulli
1002 1361 1076 1394 ergo

328 1403 457 1436 omnino
478 1401 644 1435 hominum
671 1400 715 1434 fas
746 1401 797 1440 sit,
824 1407 853 1433 te
876 1400 922 1434 vel
949 1411 1078 1433 succes-

328 1463 416 1485 sores
437 1459 507 1485 tuos
529 1463 624 1496 supet·
642 1449 701 1484 hac
728 1457 832 1483 nostra
853 1449 1077 1483 constitutione

330 1509 447 1534 temere
473 1500 674 1546 perturbare,
711 1499 876 1532 autetiam
908 1509 1002 1544 super
1029 1497 1077 1531 his

328 1548 447 1595 aliquid
473 1550 656 1588 immutare;
685 1547 739 1582 sed
764 1548 867 1594 potius
888 1547 1076 1582 Grossetana

329 1599 438 1632 civitas
456 1598 642 1644 episcopalis
658 1597 743 1631 sedis
759 1597 909 1641 dignitate
926 1603 1077 1642 perpetuo

330 1647 478 1693 gaudeat,
498 1647 589 1693 eique
609 1654 766 1692 tamquam
785 1646 904 1680 matrici
918 1645 1078 1679 Ecclesiae

330 1697 368 1730 ab
380 1696 528 1730 omnibus
549 1704 611 1730 tam
632 1695 755 1730 clericis
777 1707 870 1741 quam
886 1695 975 1729 laicis
997 1694 1079 1728 Ros-

331 1745 466 1780 sellanae
481 1745 663 1779 dioeceseos
676 1744 852 1779 obedientia
867 1752 897 1778 et
908 1743 1079 1778 reverentia

332 1795 494 1829 humiliter
519 1794 686 1829 deferatur.
712 1794 746 1828 Si
775 1806 835 1840 qua
863 1805 938 1827 sane
970 1793 1079 1839 impo—

331 1852 447 1878 sterum
476 1843 685 1878 ecclesiastica
708 1842 914 1877 saecularisve
935 1853 1079 1888 persona,

332 1893 426 1927 liuius
441 1901 565 1927 nostrae
577 1892 793 1939 dispositionis
806 1893 950 1938 paginam
966 1891 1080 1929 sciens.

332 1951 439 1976 contra
461 1954 530 1976 eam
552 1950 670 1976 temere
691 1953 798 1975 venire
825 1948 1008 1983 tentaverit,
1031 1952 1081 1974 se-

332 1991 436 2025 cundo
471 1991 599 2025 tertiove
627 1991 831 2034 commonita,
858 1990 883 2024 si
907 2002 968 2023 non
992 2001 1082 2036 prae-

333 2041 546 2087 sumptionem
578 2052 666 2074 suam
700 2052 837 2085 congrua
871 2039 1081 2073 satisfactione

334 2089 514 2129 correxerit,
551 2089 710 2135 potestatis
732 2089 924 2135 honorisque
950 2088 999 2123 sui
1028 2100 1083 2134 pe-

335 2139 468 2173 riculum
497 2140 642 2185 patiatur,
673 2146 703 2172 et
732 2150 747 2171 a
770 2139 981 2172 sacratissimo
1003 2136 1084 2172 Cor-

336 2200 410 2233 pore
432 2200 467 2222 ae
488 2188 650 2233 Sanguine
667 2187 724 2221 Dei
741 2199 777 2221 ac
794 2187 921 2221 Domini
946 2186 1084 2221 Redem-

336 2238 434 2282 ptoris
480 2237 576 2270 nostri
615 2237 682 2271 lesu
721 2235 837 2271 Cliristi
876 2237 977 2271 aliena
1011 2236 1083 2276 fiat,

336 2294 429 2331 atque
452 2287 481 2319 in
509 2294 648 2320 extremo
670 2287 814 2320 examine
836 2285 994 2320 districtae
1006 2285 1085 2320 sul)-

337 2334 435 2368 iaceat
471 2334 595 2369 ultioni.
631 2335 864 2369 Constituimus
895 2344 1016 2379 antem,
1053 2343 1086 2368 ut

338 2384 519 2428 privilegiis,
542 2395 558 2417 a
580 2384 663 2418 Sede
685 2385 864 2430 Apostolica
887 2384 1086 2419 monasteriis

339 2442 393 2465 seu
416 2432 484 2466 aliis
506 2435 566 2478 piis
589 2434 666 2467 locis
688 2434 829 2472 indultis,
848 2435 943 2467 liuius
963 2441 1086 2468 nostrae

375 2496 414 2531 (1)
430 2496 549 2523 Forsitan
565 2502 677 2524 annuat.
705 2498 742 2533 (n.
763 2499 802 2533 τ.)
840 2498 879 2533 (⁶2)
901 2498 971 2525 Urbs
991 2506 1087 2533 peran-

341 2542 412 2575 tiqua
427 2541 567 2568 Hetruriae
584 2549 660 2568 cuius
685 2543 710 2568 in
735 2549 861 2577 praeseus
885 2541 959 2574 nihil,
980 2547 1087 2577 praeter

339 2587 453 2619 Εριιπων,
469 2589 600 2619 superest.
624 2585 662 2620 (n.
678 2586 717 2620 T.)

923 210 1112 233 BULLARIUM
1139 209 1300 232 nominum

1116 264 1330 300 concessionis
1351 264 1483 299 obtentu
1499 263 1619 298 nullum
1637 262 1864 311 praeiudicium

1116 311 1277 354 inferatur.
1306 318 1438 353 Cunctis
1464 326 1570 353 autem
1592 318 1694 352 eidem
1715 318 1785 353 loco
1808 330 1865 353 sua

1118 374 1181 407 iura
1202 373 1399 407 servantibus
1412 373 1451 407 sit
1467 385 1527 419 pax
1539 371 1579 406 D.
1593 371 1632 406 N.
1650 371 1865 414 Iesu‘Christi‚

1116 435 1272 474 quatenus
1301 435 1331 461 et
1366 426 1416 460 hic
1443 425 1579 460 fructum
1605 425 1706 459 bonae
1733 425 1865 460 actionis

1117 482 1308 529 percipiant.
1343 488 1374 514 et
1405 479 1488 526 apud
1522 479 1698 514 districtum
1724 478 1862 513 Iudicem

1118 535 1253 582 praemia
1275 541 1419 568 aeternae
1447 533 1532 579 pacis
1553 533 1723 568 inveniant.
1746 533 1865 575 Amen,

1116 602 1219 632 amen,
1241 600 1344 623 anien.

1166 643 1236 677 Eoo
1258 642 1471 676 {ssocssxrms
1504 641 1677 676 catholicae
1705 641 1867 678 Ecclesiae

1117 695 1285 743 episcopus
1307 707 1348 729 ss.

1166 749 1204 783 N.

1165 803 1233 848 Ego
1251 801 1411 838 Corradus
1432 801 1617 837 Sabinensis
1634 803 1802 850 episcopus
1821 817 1865 840 ss.

1164 856 1233 902 Ego
1255 855 1422 890 Albericus
1445 855 1622 891 Hostiensis
1637 857 1808 904 episcopus
1821 871 1864 894 ss.

1164 909 1233 956 Ego
1258 909 1370 943 Petrus
1391 909 1559 943 cardinalis
1581 910 1744 958 presbyter
1759 912 1807 946 tit.
1829 912 1863 948 S.

1116 963 1281 1004 Susannae
1307 975 1350 997 ss.

1164 1017 1231 1063 Ego
1252 1015 1414 1051 Gerardus
1446 1017 1608 1064 presbyter
1629 1018 1796 1055 cardinalis
1816 1020 1865 1055 tit.

1116 1070 1149 1105 S.
1177 1070 1290 1104 Crucis
1312 1070 1343 1103 in
1366 1069 1565 1104 Hierusalem
1588 1083 1631 1106 ss.

1165 1124 1233 1170 Ego
1254 1123 1427 1158 Anselmus
1455 1124 1559 1171 presb.
1595 1125 1764 1161 cardinalis
1785 1128 1867 1164 tituli

1117 1176 1151 1212 S.
1178 1177 1340 1211 Laurentii
1363 1177 1395 1210 in
1416 1176 1539 1211 Lucina
1562 1189 1604 1211 ss.
1635 1186 1639 1189 *

1165 1231 1233 1277 Ego
1268 1230 1372 1265 Lucas
1404 1231 1509 1278 presb.
1545 1231 1713 1268 cardinalis
1736 1234 1784 1268 tit.
1815 1234 1866 1270 Ss.

1118 1267 1244 1319 Ioaniiis
1265 1293 1296 1319 et
1322 1284 1412 1319 Pauli
1433 1297 1476 1320 ss.

1167 1339 1235 1385 Ego
1256 1338 1410 1373 Martinus
1431 1339 1536 1386 presb.
1562 1316 1730 1376 cardinalis
1763 1341 1808 1376 tit.
1831 1341 1866 1378 S.

1119 1375 1271 1438 Strpliani
1295 1405 1336 1426 55

1166 1446 1235 1492 Ego
1257 1446 1428 1492 Gregorius
1449 1445 1602 1482 diaconus
1627 1447 1796 1484 cardinalis
1816 1449 1868 1485 Ss.

1119 1499 1220 1546 Sergii
1243 1508 1274 1533 et
1296 1499 1411 1534 Bacchi
1439 1512 1481 1534 ss.

1168 1553 1235 1600 Ego
1247 1553 1341 1588 Oddo
1355 1553 1508 1588 diaconus
1520 1553 1688 1590 cardinalis
1701 1555 1740 1590 ad
1756 1555 1869 1592 Velum

1120 1607 1261 1641 Aureum
1287 1619 1329 1642 ss.

1169 1661 1236 1706 Ego
1251 1660 1356 1696 Guido
1370 1661 1522 1696 diaconus
1535 1657 1703 1697 cardinalis
1719 1662 1770 1698 Ss.
1789 1662 1871 1699 Cos-

1123 1727 1190 1749 mae
1213 1722 1241 1749 ct
1264 1715 1407 1749 Datniani
1432 1728 1475 1750 ss.

1171 1768 1237 1815 Ego
1251 1767 1356 1803 Guido
1373 1768 1453 1802 diac.
1469 1768 1870 1806 cardinalisS.Adrianiss.

1171 1823 1238 1868 Ego
1267 1822 1494 1870 Chrysogonus
1526 1823 1680 1859 diaconus
1705 1825 1872 1861 cardinalis

1122 1876 1155 1911 S.
1184 1876 1298 1911 Mariae
1327 1877 1355 1910 in
1379 1876 1506 1911 Porticu
1532 1889 1574 1911 ss.

1174 1930 1239 1976 Ego
1266 1929 1440 1977 Gregorius
1462 1928 1615 1965 diaconus
1640 1930 1810 1966 cardinalis
1836 1931 1871 1967 S.

1124 1984 1235 2030 Angeli
1258 1997 1299 2019 ss.

1174 2038 1240 2084 Ego
1263 2038 1454 2072 Octavianus
1474 2037 1626 2073 diaconus
1649 2038 1817 2074 cardinalis
1837 2038 1873 2074 S.

1126 2091 1245 2126 Nicolai
1274 2092 1304 2126 in
1333 2091 1467 2126 Car-cere
1488 2104 1530 2126 ss.

1175 2145 1290 2180 Datum
1314 2145 1456 2180 Laterani
1485 2157 1540 2192 per
1561 2157 1690 2180 manum
1715 2145 1873 2194 Aymerici

1126 2211 1251 2235 sanctae
1280 2200 1440 2234 Romanae
1461 2199 1624 2234 Ecclesiae
1656 2199 1779 2234 diaconi
1806 2211 1875 2234 car-

1127 2253 1241 2288 dinalis
1267 2262 1297 2288 et
1318 2265 1420 2293 canc„
1445 2265 1464 2286 v
1492 2253 1560 2287 idus
1583 2253 1704 2300 aprilis,
1726 2253 1876 2288 indictio-

1128 2320 1166 2342 ne
1192 2320 1215 2347 ι,
1238 2309 1356 2341 incarn.
1381 2307 1560 2341 dominicae
1576 2318 1659 2340 anno
1676 2318 1874 2350 mcxxxvm,

1129 2362 1328 2410 pontificatus
1349 2373 1422 2396 vero
1444 2360 1554 2395 domni
1580 2360 1752 2395 Innocentii
1774 2360 1802 2394 ll
1817 2359 1876 2394 Pa-

1129 2429 1183 2463 pae
1210 2428 1292 2450 anno
1319 2427 1364 2449 ix.

1186 2481 1249 2511 Dat.
1271 2481 1318 2510 die
1339 2481 1358 2510 9
1379 2480 1482 2520 aprilis
1498 2489 1575 2509 anno
1592 2479 1708 2510 Domini
1730 2479 1816 2517 1138,

1374 2528 1477 2568 pontif.
1494 2537 1570 2558 anno
1592 2536 1630 2557 rx.

1877 206 1928 235 An.
1947 207 1975 235 C.
1996 209 2061 237 1158

1894 650 2012 673 inocentii
2022 651 2061 672 ΙΨ.

1880 816 1901 833 et
1915 813 1936 834 S.
1952 813 1975 834 R.
1990 813 2064 835 Recto-

1893 845 1937 865 siao
1956 845 2051 865 cardina·-

1892 875 1942 896 lium
1957 875 2052 897 subseri-

1925 907 2017 932 ptionen.
