2180 3205
158 290 208 316 An.
229 289 339 318 c.110¹
419 283 493 316 21ss

185 356 271 377 Ροεωο
294 362 343 377 con-
368 347 402 382 Si
435 359 496 394 qua
530 345 624 392 igitur
649 344 680 378 in
709 342 878 378 crastinum
906 341 1115 377 ecclesiastica

158 384 190 403 tra
207 386 344 404 temeratores
513 400 518 406 ,

157 410 262 435 privilegii
273 409 342 430 huius·
367 400 577 437 saecularisve
601 409 746 446 persona,
777 396 860 431 hanc
881 404 1004 430 nostrae
1033 406 1117 429 con-

366 454 538 490 stitutionis
570 454 675 488 sciens
709 450 873 498 paginam,
906 457 1015 484 contra
1048 460 1115 483 eam

367 508 486 552 temere
514 506 618 541 venire
632 505 809 545 tentaverit,
831 503 972 538 secundo
987 502 1116 537 tertiove

367 561 580 600 commonita,
607 559 633 593 si
656 570 719 593 non
741 557 952 593 satisfactione
978 568 1115 602 congrua

367 614 600 657 emendaverit,
636 612 797 659 potestatis
839 611 1033 657 honorisque
1067 609 1115 644 sui

366 677 469 703 careat
501 668 670 712 dignitate,
698 677 846 712 reamque
871 677 905 699 se
932 664 1039 698 divino
1061 663 1117 697 iu-

365 722 450 756 dicio
492 722 624 755 existere
661 720 701 754 de
735 727 913 766 perpetrata
950 718 1117 764 iniquitate

365 783 537 821 cognoscat
570 783 600 808 et
631 786 648 808 a
679 774 878 808 sanctissimo
912 771 1054 818 Corpore
1081 782 1117 805 ac

364 829 528 875 Sanguine
544 828 598 863 Dei
614 837 645 863 et
656 828 785 862 Domini
803 827 899 861 nostri
911 825 982 860 Iesu
998 824 1115 860 Christi

364 882 589 930 Redemptoris
611 882 711 917 aliena
735 882 800 922 siat,
818 889 911 927 atque
929 881 957 914 in
979 888 1118 913 extremo

364 936 510 971 examine
532 935 690 970 districtae
710 935 819 969 ultioni
843 934 1013 969 subiaceat.
1029 932 1119 967 Cun-

363 991 423 1025 ctis
445 998 548 1024 autem
571 989 674 1024 eidem
697 988 859 1023 Ecclesiae
886 989 966 1022 iusta
989 999 1119 1022 servan-

364 1044 449 1079 tibus
471 1044 511 1078 sit
539 1055 597 1090 pax
620 1042 747 1077 Domini
772 1042 868 1076 nostri
890 1041 961 1075 Iesu
984 1040 1116 1079 Christi,

364 1107 520 1143 quatenns
542 1104 570 1129 et
598 1096 648 1130 hic
685 1095 821 1129 fructum
849 1094 950 1129 bonae
985 1095 1119 1128 actionis

365 1151 561 1197 percipiant,
597 1159 627 1183 et
662 1149 744 1196 apud
773 1148 952 1182 districtum
974 1147 1117 1181 Iudicem

365 1204 503 1251 praemia
525 1211 669 1238 aeternae
693 1203 778 1250 pacis
801 1203 971 1236 inveniant.
1003 1202 1118 1241 Amen,

366 1270 471 1292 amen.

419 1310 579 1356 Scriptum
603 1300 806 1356 per-manum
830 1309 912 1343 Petri
936 1309 1045 1342 notarii
1073 1319 1122 1342 re-

368 1364 500 1409 gionarii
524 1372 553 1397 et
575 1363 718 1397 scrinarii
740 1364 818 1397 sacri
843 1363 956 1409 palatii.

372 1417 447 1452 Eoo
469 1416 651 1451 Pascnfms
676 1416 847 1450 catholicae
868 1415 1030 1450 Ecclesiae
1051 1415 1122 1462 epi-

421 1482 538 1517 scopus
564 1469 740 1504 subscribo.
1100 1466 1103 1468 ’

421 1524 534 1558 Datum
558 1523 703 1558 Laterani
737 1535 792 1569 per
820 1534 946 1556 manum
975 1522 1123 1556 Iohannis

370 1584 497 1611 sanctae
522 1576 684 1610 Romanae
712 1575 872 1610 Ecclesiae
898 1575 1021 1610 diaconi
1048 1588 1124 1610 car-

370 1631 498 1671 dinalis,
521 1629 664 1664 secundo
691 1641 791 1664 nonas
813 1630 927 1673 martii,
950 1629 1123 1664 indictione

369 1692 489 1722 octava,
506 1683 730 1717 incarnationis
752 1682 928 1716 dominicae
955 1695 1038 1716 atino
1052 1694 1123 1723 mel,

370 1736 572 1784 pontificatus
594 1745 697 1771 autem
713 1737 819 1770 domni
843 1735 1006 1770 Paschalis
1021 1735 1124 1783 Papae

370 1789 515 1829 secundi,
537 1802 620 1824 anno
643 1789 794 1824 secundo.

439 1845 500 1875 Dat.
519 1846 566 1876 die
583 1847 601 1876 6
619 1847 717 1876 martii
735 1855 812 1876 anno
830 1846 945 1876 Domini
969 1847 1055 1883 1101,

533 1890 636 1928 pontif.
658 1890 810 1920 Paschalis
831 1899 907 1920 anno
926 1899 956 1919 11.

188 1413 297 1434 paschatis
308 1413 346 1433 Pa-

162 1445 203 1466 pae
213 1440 347 1467 subscriptio,

718 2034 800 2069 VIII.

378 2115 578 2160 Confirmatio
599 2116 788 2160 episcopatus
820 2117 1026 2149 Atre-batensis
1042 2143 1049 2155 ,
1079 2117 1129 2149 cui

424 2169 565 2201 distincti
585 2180 605 2202 α
634 2168 844 2202 Cameracensi
867 2170 995 2202 dioecesi
1017 2170 1127 2203 limites

426 2222 652 2255 constituuntur
675 2226 732 2266 (Ι).

645 2299 860 2330 SUMMARIUM

378 2363 522 2403 Antiquas
534 2364 614 2403 leges
627 2374 684 2394 non
701 2374 766 2394 esse
783 2366 1130 2396 infirmandas—Atre-

419 2407 533 2437 batensi
545 2408 693 2439 Ecclesiae
707 2410 841 2449 proprius
858 2410 943 2440 datur
959 2412 1130 2450 episcopus;

417 2467 458 2474 -—
484 2451 519 2482 Et
535 2453 654 2491 antiqua
683 2454 746 2483 iura
766 2453 874 2490 omnia,
892 2464 926 2483 ac
947 2454 1024 2484 bona
1043 2455 1131 2484 resti-

422 2499 560 2533 tuuntur;
586 2513 626 2519 —
649 2497 720 2527 Cum
747 2498 851 2528 iisdem
877 2499 1033 2535 limitibus,
1055 2508 1129 2537 quos

421 2540 582 2578 antiquitus
613 2541 748 2571 habebat.
776 2559 816 2565 —
847 2542 953 2573 Solitae
979 2544 1130 2573 clausulae

421 2587 522 2613 contra
540 2584 695 2614 violatores
714 2586 836 2616 Chartae
855 2587 955 2618 huius.

417 2643 459 2680 (1)
474 2644 514 2670 Ex
530 2648 594 2672 tom.
612 2653 642 2672 ιιι
658 2646 787 2682 Spicilegii
803 2648 969 2676 Dacheriani.

965 286 1152 310 BULLARH'M
1176 284 1339 306 Rouana!

1160 337 1279 368 Posi-halis
1290 337 1496 375 episcopusservus
1511 337 1688 375 serrorumDei‚
1706 336 1832 368 venerabili
1848 336 1910 367 tratri

1201 381 1324 411 Latnberto
1339 380 1486 410 atrebatensi
1503 382 1620 421 episcopo,
1638 383 1732 420 eiusque
1742 381 1912 412 successoribus

1202 426 1313 455 canonice
1334 424 1510 463 substituendis,
1533 426 1557 455 iu
1578 430 1726 465 perpetuum.

1207 486 1296 529 Quae
1311 499 1326 521 a
1344 486 1492 523 Patribus
1507 488 1674 522 constituta
1688 496 1771 532 sunt,
1788 496 1912 535 oportet

1161 537 1320 583 prosectu,
1356 545 1388 570 ut
1425 536 1484 571 sub
1523 545 1608 571 metu
1648 545 1678 571 et
1708 537 1911 583 irrefragabili

1159 587 1343 620 auctoritate
1358 593 1534 620 teneantur.
1562 585 1700 632 Dignum
1720 587 1805 620 enim
1819 595 1912 621 estut

1160 635 1244 669 nulla
1259 635 1376 669 desidia
1393 634 1601 680 negligantur,
1617 636 1700 670 nulla
1715 635 1911 670 dissensione

1160 684 1327 723 violentur,
1363 684 1449 718 nulla
1475 685 1710 718 concertatione
1734 684 1909 720 turbentur.

1160 732 1252 767 Unde
1274 741 1304 767 et
1317 745 1386 771 nos,
1410 732 1494 779 quod
1516 746 1530 766 a
1549 734 1616 780 piae
1639 734 1809 768 memoriae
1828 734 1914 780 prae-

1159 782 1327 816 decessore
1357 791 1463 816 nosti·o
1490 782 1619 817 Urbano
1646 782 1684 816 de
1718 783 1912 818 restitutione

1160 831 1376 865 Atrebatensis
1403 830 1564 866 Ecclesiae
1603 832 1807 866 constitutum
1847 840 1913 876 est,

1161 880 1276 914 iustum
1305 880 1446 920 omnino,
1463 889 1492 914 et
1513 882 1611 915 sacris
1634 880 1810 916 canonibus
1834 894 1914 916 con-

1160 941 1272 975 gruum
1297 929 1540 976 perpendentes,
1568 930 1666 965 nostri
1697 942 1824 977 quoque
1850 931 1914 964 de-

1161 979 1235 1012 creti
1264 979 1448 1012 auctoritatc
1483 979 1658 1013 sancimus:
1699 989 1731 1013 ut
1764 979 1913 1014 videlicet

1162 1026 1300 1060 Ecclesia
1328 1027 1456 1066 eadem,
1484 1028 1565 1062 sicut
1591 1029 1765 1075 antiquitus
1785 1029 1914 1075 episco—

1163 1077 1223 1122 pali
1251 1075 1403 1122 dignitate
1427 1077 1550 1115 claruit,
1573 1077 1615 1111 ita
1640 1078 1732 1111 etiam
1752 1078 1783 1111 in
1808 1086 1915 1124 poste-

1163 1137 1231 1158 rum
1255 1124 1444 1159 cardinalem
1466 1138 1520 1171 per
1541 1125 1599 1160 Dei
1621 1128 1752 1171 gratiam
1767 1127 1915 1161 sortiatur

1161 1175 1346 1208 antistitem.
1370 1173 1502 1209 Divinae
1523 1175 1679 1221 siquidem
1703 1176 1914 1210 miserationis

1162 1223 1321 1265 affectum,
1343 1235 1437 1269 quem
1460 1224 1490 1257 in
1509 1223 1721 1259 Ecclesiarum
1744 1237 1871 1259 suarum
1886 1233 1917 1258 et

1164 1272 1351 1318 populorum
1368 1273 1620 1307 restitutionibus
1635 1283 1794 1319 operatur,
1816 1273 1916 1308 debe—

1165 1334 1234 1355 nius
1267 1331 1296 1355 et
1322 1334 1379 1355 nos
1405 1322 1658 1368 competentibus
1694 1323 1844 1369 subsequi
1879 1335 1916 1357 ac

1165 1370 1295 1416 implere
1322 1370 1490 1416 suffragiis.
1517 1370 1562 1405 Te
1589 1372 1692 1417 igitur,
1714 1372 1916 1406 dilectissime

1164 1431 1199 1453 ac
1221 1419 1482 1453 reverendissime
1512 1420 1615 1458 frater,
1643 1433 1736 1467 quem
1759 1421 1788 1454 in
1818 1421 1917 1455 Atre-

1166 1467 1283 1501 batensi
1313 1467 1452 1502 Ecclesia
1471 1469 1694 1514 praedecessor
1716 1477 1833 1513 noster,
1854 1469 1917 1505 Do-

1166 1516 1251 1550 mino
1275 1518 1471 1557 restituente,
1499 1518 1672 1557 constituit,
1699 1530 1756 1552 nos
1789 1531 1917 1565 quoque

1165 1577 1235 1599 cum
1260 1565 1357 1599 divini
1380 1565 1493 1599 favoris
1513 1567 1670 1613 praesidio
1686 1568 1715 1601 in
1731 1567 1918 1614 episcopalis

1165 1614 1328 1659 dignitatis
1353 1614 1514 1648 functione
1543 1615 1715 1650 firmamus.
1750 1616 1915 1663 Quidquid

1166 1671 1270 1697 autem
1306 1663 1481 1710 praedictae
1508 1664 1670 1699 Ecclesiae
1691 1664 1729 1698 Β.
1752 1664 1918 1711 Remigius

1166 1712 1322 1755 contulit,
1349 1712 1502 1759 quidquid
1530 1713 1667 1760 antiquis
1699 1714 1916 1760 temporibus,

1167 1760 1243 1795 dum
1278 1761 1449 1808 episcopali
1485 1761 1636 1807 dignitate
1669 1762 1822 1809 polleret,
1848 1775 1916 1797 eam

1169 1809 1330 1856 possidere
1357 1811 1548 1851 constiterit3
1579 1811 1674 1845 salvis
1696 1811 1850 1858 legalibus
1872 1812 1917 1846 in-

1167 1859 1296 1902 stitutis,
1317 1867 1347 1892 et
1374 1858 1536 1894 Romanae
1559 1860 1718 1894 Ecclesiae
1746 1861 1918 1907 privilegiis

1167 1915 1290 1941 tantum
1316 1907 1372 1941 tibi
1405 1919 1440 1942 ac
1466 1909 1705 1943 successoribus
1743 1909 1804 1943 tuis
1838 1922 1919 1956 per-

1168 1968 1295 1990 manere
1322 1968 1501 1991 censemus.
1529 1957 1563 1991 ln
1588 1957 1703 2004 quibus
1730 1957 1917 1992 nominatim

1168 2005 1413 2040 archidiaconias
1439 2005 1529 2046 duas,
1548 2018 1681 2053 quarum
1703 2019 1763 2041 una
1786 2006 1918 2041 Atreba-

1169 2055 1288 2093 tensis,
1327 2054 1420 2088 altera
1455 2054 1570 2089 dicitur
1606 2054 1917 2099 obstrevandensis,

1170 2102 1323 2149 praefatae
1350 2103 1510 2138 Ecclesiae
1531 2104 1769 2139 confirmamus:
1793 2114 1824 2139 et
1849 2105 1919 2139 illos

1170 2151 1299 2185 oinnino
1337 2151 1452 2186 limites
1491 2153 1571 2187 inter
1610 2152 1848 2188 Atrebateusem
1889 2161 1920 2187 et

1170 2199 1429 2235 Caincraccnsem
1446 2201 1604 2236 Ecclesias
1617 2201 1680 2236 fore
1695 2201 1918 2248 praecipimus,

1170 2261 1250 2295 quos
1287 2249 1460 2295 antiquitus
1492 2250 1612 2290 fuisse,
1648 2250 1695 2285 vel
1728 2251 1918 2298 scriptorum

1172 2299 1411 2337 monumentis,
1452 2299 1498 2332 vel
1534 2299 1762 2333 territoriorum
1801 2299 1920 2333 direm-

1173 2347 1289 2393 ptione,
1305 2346 1352 2381 vel
1365 2347 1458 2381 certis
1472 2347 1629 2394 aliquibus
1644 2348 1767 2382 indiciis
1785 2347 1921 2393 potuerit

1172 2395 1387 2442 comprobari3
1404 2403 1435 2429 ut
1453 2404 1610 2430 annuente
1624 2396 1692 2431 Deo
1707 2396 1919 2430 Ecclesiarum

1173 2456 1228 2490 pax
1267 2444 1352 2478 nulla
1389 2445 1555 2479 occasione
1588 2444 1751 2485 turbetur;
1784 2453 1814 2479 et
1839 2456 1921 2491 quae

1175 2505 1229 2539 pro
1252 2493 1390 2527 fidelium
1413 2493 1512 2528 salute
1537 2501 1650 2527 statuta
1678 2500 1764 2537 sunt,
1791 2493 1920 2540 perenni

1173 2549 1314 2588 tempore
1341 2542 1523 2577 inconvulsa
1549 2542 1715 2577 stabilitate
1744 2543 1920 2588 persistant.

1173 2589 1206 2624 Si
1251 2602 1310 2636 qua
1351 2602 1427 2625 sane
1468 2591 1676 2625 ecclesiastica
1715 2591 1922 2625 saecularisve

1175 2651 1319 2686 persona,
1341 2639 1422 2674 hanc
1436 2648 1559 2675 nostrae
1579 2640 1811 2675 constitutionis
1832 2641 1922 2688 pagi-

1932 292 1982 319 An.
2002 293 2031 321 C.
2048 293 2112 322 1101
2162 271 2163 289 i

1950 486 2079 516 Antiquasle
2094 492 2118 508 οι

1933 519 1974 534 nnn
1995 519 2041 534 esse
2105 523 2118 529 -

1933 545 1954 562 m
1963 540 2028 561 audas.

1985 736 2120 758 Atrebatium

1935 764 2044 786 Ecclesiae
2071 769 2120 789 pro·
2167 762 2170 766 “

1935 791 1994 818 prins
2003 790 2065 811 datur
2076 789 2120 816 epi-
2168 790 2170 793 ’

1936 823 2012 844 scopus
2019 824 2025 842 J

1942 1646 1946 1650 ⁸
1983 1619 2009 1640 Et
2036 1620 2126 1646 antiqua

1942 1652 1987 1667 tura
2002 1652 2085 1671 omnia,
2099 1653 2126 1666 ac

1941 1673 1997 1693 bona
2013 1673 2127 1694 restituun-

1941 1702 1985 1724 tur;

1978 2066 2029 2087 Cum
2052 2066 2128 2087 iisdem

1943 2093 2044 2123 limitibus
2055 2109 2060 2117 ,
2075 2098 2128 2119 quos

1943 2122 2066 2167 ἓὲἓὲἓιιπ
2089 2119 2128 2140 ha·

1956 2544 2037 2565 Solitas
2046 2545 2129 2565 clausu-

1943 2571 1976 2590 lae
1995 2574 2068 2591 eontra
2083 2571 2128 2591 vio·

1944 2598 2021 2617 ratores
2036 2597 2126 2618 Chartae
2176 2598 2180 2626 ¹i

2177 2632 2180 2640 ι

1941 2622 2011 2644 huius.
