2180 3205
208 270 254 297 An.
272 271 300 298 c.
318 273 384 299 ¹17ss
454 263 523 295 774

206 326 477 380 N'Jch'fflfs522¹thseris
510 335 537 361 et
567 325 784 365 infructiferis,
815 326 926 372 aquis.
961 338 1149 372 aquarumve

206 392 225 408 οι
242 377 388 417 {miraeanis}
403 376 600 413 decursibus,
637 375 759 422 plebem
786 374 893 409 Sancti
930 375 1082 413 Victoris,
1121 383 1150 410 et

205 422 299 473 Jssfisslss
314 425 334 442 ⁸²
349 423 389 442 ⁸¹⁰·
402 426 525 473 pli-bein
549 425 656 459 Sancti
678 424 836 466 Venantii,
863 433 892 459 et
916 424 1038 471 plebem
1066 424 1148 459 San-

400 484 468 509 ctae
481 474 596 509 Mariae
619 474 700 508 inter
722 474 838 512 vineas,
857 474 1019 509 ecclesiam
1041 474 1147 509 Sancti

400 524 483 558 Petri
511 523 547 558 ad
553 550 610 558 .....
638 523 803 558 ecelesiam
826 523 932 559 Sancti
954 524 1089 565 Erasini,
1119 534 1148 559 et

399 573 522 620 plebem
546 575 585 607 tle
606 573 737 620 Ragano
764 586 835 608 cuin
863 573 1000 621 capitulo
1022 582 1051 608 et
1069 586 1149 608 mor-

398 624 526 663 tuariis,
562 622 685 670 pli-bem
720 623 759 657 (le
795 623 921 663 Cruce,
954 623 1078 670 plebem
1112 624 1146 658 S.

398 673 539 716 Antimi,
578 672 701 720 plebem
741 672 780 707 dc
818 672 1039 720 Casaraguano
1074 685 1145 707 cum

398 722 546 757 omnibus
589 722 787 769 pertinentiis
824 730 855 756 et
896 722 1147 769 possessionibus

397 773 475 817 suis,
501 771 665 807 ecclesiam
693 771 799 806 Sancti
821 771 983 806 Benedicti
1006 772 1045 806 de
1063 772 1147 806 Fon-

397 821 537 868 dagrano
559 834 630 856 cum
653 821 802 856 omnibus
823 821 955 864 Vanuis,
982 830 1013 855 et
1039 821 1145 856 Gual—

398 872 475 906 tei-io
496 883 568 906 cum
595 880 677 906 sorte
704 884 771 912 sua,
806 879 837 905 et
867 870 1017 915 Guiilino,
1044 873 1146 906 eccle-

397 921 473 955 siam
496 920 630 956 Sanctae
651 921 767 955 Mariae
794 920 833 955 de
861 921 959 955 l‘odio
988 934 1059 955 cum
1083 920 1146 956 Be-

397 971 524 1006 nedicto
540 969 697 1005 Dominici
720 978 836 1005 etcum
853 970 1053 1005 consortibus
1067 971 1144 1015 suis,

396 1021 561 1055 ecclesiam
576 1020 683 1055 Sancti
705 1019 858 1066 Stephani
880 1032 952 1055 cuin
976 1020 1146 1055 aliisi-tmi-

396 1070 485 1105 conis
516 1069 690 1110 Teaerade,
724 1069 889 1104 ecclesiam
923 1070 1029 1104 Sancti
1060 1070 1145 1105 Lau-

396 1120 487 1154 rentii
508 1120 547 1154 de
570 1119 662 1159 Rivo,
680 1127 710 1153 et
728 1119 827 1154 Adam
850 1131 921 1154 euin
944 1127 1057 1165 nepote
1074 1132 1144 1164 suo,

395 1169 561 1204 ecclesiam
597 1168 732 1205 Sanctae
758 1168 875 1203 Mariae
908 1169 937 1202 in
975 1169 1142 1211 Marzano,

394 1220 556 1254 ecclesiam
580 1217 686 1253 Sancti
710 1217 816 1262 Pauli,
842 1226 871 1252 ct
899 1218 948 1252 ius
974 1219 1058 1265 quod
1087 1219 1144 1254 ha-

393 1268 475 1303 betis
496 1269 527 1303 in
549 1267 666 1303 Sancto
693 1267 850 1302 Venantio
871 1267 910 1302 de
932 1268 1049 1312 Plagis,
1083 1281 1144 1304 ec—

394 1318 522 1353 clesiam
561 1317 669 1353 Sancti
704 1317 866 1352 Benedicti
901 1318 932 1352 in
967 1317 1142 1359 Par-alena,

394 1368 560 1403 ecclesiam
592 1368 726 1402 Sanctae
748 1367 864 1401 Mariae
891 1367 921 1401 in
945 1367 1080 1413 Veneri,
1113 1377 1143 1404 et

394 1425 536 1465 quartam
560 1425 678 1464 partem
712 1416 745 1451 S.
773 1416 857 1451 Petri
884 1417 922 1451 atl
947 1416 1052 1462 Colle,
1088 1429 1143 1453 cc-

395 1467 523 1502 clesiam
545 1466 651 1502 Sancti
673 1466 811 1501 Massimi
835 1466 865 1500 in
892 1466 1061 1511 Summati,
1083 1468 1143 1501 ‹lo-

394 1529 480 1551 mum
503 1517 638 1551 filiorum
661 1524 691 1551 et
713 1524 863 1563 nepotum
886 1516 994 1550 Asiani
1013 1516 1142 1552 Ruberti

394 1579 466 1601 cum
495 1574 676 1602 tenimentis
702 1573 732 1600 et
758 1574 891 1600 servitus
917 1577 1046 1606 eorum,
1074 1579 1143 1601 ser-

394 1616 501 1650 vitium
528 1615 669 1651 Simonis
701 1627 772 1651 cum
800 1615 953 1650 beneficio
979 1628 1056 1660 suo,
1084 1616 1143 1651 do-

395 1678 481 1700 mum
504 1665 696 1700 Odoniscam
719 1677 791 1699 cum
814 1664 987 1700 tenimento
1013 1673 1043 1700 et
1077 1678 1143 1700 ser-

392 1715 470 1750 vitio
496 1728 567 1759 suo,
589 1724 619 1750 et
646 1715 750 1749 omnia
772 1714 866 1755 bona,
895 1727 974 1762 quae
991 1716 1057 1749 Azo
1081 1715 1143 1750 Va-

393 1765 505 1800 lentini
545 1765 632 1800 dedit
668 1773 699 1798 et
735 1764 892 1799 concessit
929 1765 959 1798 in
993 1765 1143 1800 canonica

393 1823 508 1857 vestra,
534 1823 565 1850 et
586 1814 668 1849 hona
689 1814 805 1855 omnia,
829 1825 910 1861 quae
931 1813 1078 1849 Gerallus
1092 1815 1144 1849 de·

393 1864 440 1899 dit
461 1873 491 1900 et
509 1865 663 1899 concessit
685 1863 787 1898 eidem
809 1863 986 1907 Ecclesiae,
1013 1864 1143 1899 (lonium

392 1915 598 1962 Aponiscam‚
624 1922 655 1949 et
676 1913 836 1948 servitium
858 1913 1002 1948 beneficii
1024 1913 1142 1949 Nicolai

393 1963 558 2011 Stephani,
592 1972 622 1998 et
643 1963 818 2007 servitium,
851 1963 934 2010 quod
961 1962 1038 1998 Giso
1077 1965 1144 2011 pri—

394 2014 542 2049 micerius
571 2013 731 2048 Ecclesiae
768 2020 886 2047 vestrae
914 2013 944 2046 in
972 2012 1058 2048 obitu
1086 2026 1143 2048 suo

393 2063 537 2111 reliquit,
580 2063 723 2098 videlicet
765 2061 896 2109 spallam
927 2074 999 2097 cum
1035 2063 1142 2108 lonza,

393 2121 424 2147 et
444 2113 597 2148 sarcinam
620 2113 714 2148 musti
737 2124 809 2147 cum
832 2111 973 2147 dominio
1000 2121 1030 2147 et
1057 2112 1144 2148 fide-

393 2162 479 2198 litate
501 2163 653 2197 heredum
680 2174 822 2202 suorum,
849 2161 1012 2196 ecclesiam
1034 2161 1142 2197 Sancti

394 2212 478 2247 Petri
506 2213 588 2247 inter
617 2211 743 2257 Sulcos,
777 2210 940 2246 ecclesiam
963 2211 1068 2246 Sancti
1090 2211 1143 2246 lu-

393 2262 524 2307 venalis,
550 2269 664 2296 terram
688 2262 719 2295 in
747 2261 849 2308 capite
876 2260 987 2295 Pontis
1016 2261 1143 2296 Maioris

394 2312 479 2346 iuxta
502 2312 624 2346 vineam
646 2312 799 2358 episcopi,
820 2310 986 2346 ecclesiam
1008 2310 1142 2345 Sanctae

393 2361 510 2396 Mariae
533 2361 563 2395 in
590 2361 701 2402 Plano,
727 2360 891 2395 ecclesiam
920 2360 1028 2395 Sancti
1058 2360 1143 2395 Lau-

395 2411 487 2445 rentii
509 2411 593 2445 iuxta
616 2419 742 2457 pontem
768 2410 985 2453 solestanum,
1013 2417 1043 2444 et
1069 2421 1142 2443 ser-

397 2460 506 2494 vitium
528 2460 668 2507 quinque
687 2460 885 2494 denariorum
901 2459 1040 2499 Henrici,
1062 2471 1142 2505 quos

396 2509 451 2543 filii
473 2509 604 2544 Stabilis
625 2509 760 2549 castelli,
795 2517 824 2543 ct
852 2509 985 2543 heredes
1015 2520 1141 2549 eorum,

396 2558 557 2593 Ecclesiae
572 2567 692 2593 vestrae
713 2559 872 2593 annuatim
898 2557 1140 2605 persolvendum

398 2607 524 2651 debent,
551 2608 712 2642 ecclesiam
746 2607 852 2642 Sancti
880 2607 962 2642 Petri
986 2609 1014 2641 in
1039 2607 1141 2641 Pane-

397 2656 519 2707 perdito
558 2657 588 2691 in
627 2657 823 2704 Tolcgnano⁷
861 2656 1022 2692 servitium
1058 2656 1140 2704 quod

991 271 1090 294 BsLLA
1097 273 1115 293 ll
1122 274 1128 293 Ι
1134 272 1179 294 ΓΜ
1207 272 1296 294 timu
1302 272 1367 294 Nm!

1161 2292 1164 2297 ·
1182 2284 1351 2320 Theodori.

1953 270 2004 297 An.
2017 269 2048 297 C.
2067 269 2132 296 ¹¹7&

1191 325 1243 359 lilii
1268 325 1383 360 Actutii
1420 325 1588 373 presbyteri
1624 325 1768 369 Ioannis,
1794 325 1938 361 videlicet

1189 377 1269 409 duos
1291 375 1437 410 denarios
1453 375 1578 409 ilenrici
1597 376 1756 410 annuatim
1779 374 1938 411 Ecclesiae

1191 433 1309 459 vestrae
1337 425 1512 471 persolvere
1530 424 1623 458 (lebet
1645 436 1716 459 cum
1739 424 1879 459 hominio
1894 428 1937 470 (t)

1189 482 1219 508 et
1242 474 1400 517 fidelitate,
1423 482 1452 509 et
1467 475 1516 509 ius
1530 474 1613 521 quod
1637 473 1756 508 habetis
1775 474 1804 507 in
1819 473 1936 509 Sancto

1188 523 1318 558 Nicolao
1336 524 1375 558 ad
1391 523 1519 564 Canale,
1541 523 1705 558 ecclesiam
1726 522 1832 558 Sancti
1852 523 1936 558 Petri

1188 573 1218 606 in
1257 572 1413 615 Castello,
1440 582 1471 608 et
1502 573 1702 608 medietatem
1742 572 1935 608 oblationum

1188 622 1408 658 defunctorum
1430 623 1469 657 cle
1491 622 1658 664 Summati,
1682 630 1713 657 ct
1725 622 1841 663 omnia,
1856 635 1935 670 quae

1187 673 1336 707 canonica
1370 681 1469 708 vestra
1497 672 1575 706 infra
1601 680 1632 707 et
1658 680 1742 707 extra
1777 672 1934 707 civitatem

1186 721 1377 757 Esculanam
1405 723 1482 756 inste
1505 722 1608 763 habet,
1636 721 1683 756 vel
1709 729 1757 756 est
1777 721 1932 756 habitura.
2155 764 2159 768 1

1185 770 1234 805 Ad
1267 771 1344 806 hacc
1373 773 1559 807 auctoritate
1579 771 1668 807 vobis
1689 771 1858 817 apostolica
1881 772 1933 806 in-
1959 781 2077 803 eunome-0⁵
2106 782 2160 815 ³¹²¹?

1186 820 1366 868 dulgemus,
1390 822 1473 869 quod
1501 822 1526 856 si
1554 821 1648 869 aliqui
1677 821 1716 856 de
1751 821 1931 869 episcopatu
1947 815 2035 870 21:323ssss
2063 819 2132 864 ῃζξῖζ
2151 818 2161 834 “’

1186 879 1288 905 vestro
1310 871 1540 919 impositiones,
1563 879 1617 906 aut
1637 871 1667 905 in
1690 870 1750 905 alia
1772 871 1852 906 bona
1878 884 1933 906 ca-
1947 875 1988 895 ⁵²³³
2002 874 2082 895 ΨΜ·
2151 872 2161 878 ’“

1186 920 1317 955 nonicae
1350 930 1469 956 vestrae
1503 921 1679 956 violentiam
1715 921 1932 966 exercuerint,

1186 969 1232 1004 vel
1255 971 1407 1018 rapinam,
1430 979 1461 1005 et
1481 970 1520 1005 ad
1543 971 1712 1006 secundam
1737 970 1782 1005 vel
1810 971 1931 1005 tertiam

1185 1020 1463 1056 commonitionem
1486 1029 1618 1055 vestram
1643 1021 1931 1068 praesumptionem

1184 1081 1272 1103 suam
1301 1070 1468 1105 emendare
1498 1071 1755 1116 contempserint,
1782 1070 1932 1117 episcopo

1185 1126 1287 1153 vestro
1311 1120 1395 1167 ipsos
1413 1120 1451 1155 ad
1473 1120 1644 1154 secundam
1668 1119 1714 1155 vel
1737 1120 1858 1154 tertiam
1876 1132 1932 1154 re—

1184 1168 1388 1215 quisitionem
1417 1178 1568 1210 vestram,
1591 1169 1701 1204 devote
1722 1177 1753 1203 et
1775 1169 1933 1204 humiliter

1186 1229 1240 1264 per
1271 1219 1487 1254 convenientia
1521 1218 1680 1254 intervalla
1710 1218 1860 1265 temporis
1886 1219 1932 1253 fa-

1184 1276 1277 1308 ctam,
1306 1269 1427 1304 volente
1454 1269 1499 1304 vel
1533 1281 1596 1304 non
1622 1269 1746 1303 volente
1781 1273 1826 1313 (⁰2)
1859 1280 1932 1302 cor-

1185 1317 1297 1363 rigere,
1316 1319 1361 1353 fas
1393 1319 1478 1354 vobis
1505 1318 1546 1354 sit
1566 1319 1605 1353 de
1628 1318 1810 1353 auctoritate
1831 1326 1933 1353 vestra

1185 1367 1215 1400 in
1246 1379 1299 1402 eos
1338 1368 1495 1403 interdicti
1531 1376 1561 1403 et
1596 1368 1932 1403 excommunicationis
2152 1412 2154 1414 v

1183 1418 1369 1452 sententiam
1385 1418 1593 1466 promulgare.
1616 1418 1826 1453 Decernimus
1844 1429 1931 1464 ergo,
1957 1424 2037 1447 Sofflue
2071 1425 2130 1447 cnu-
2150 1419 2157 1449 ι’

1184 1474 1217 1500 nt
1251 1467 1328 1502 nulli
1355 1469 1485 1503 omnino
1520 1467 1682 1502 hominum
1711 1468 1803 1502 liceat
1841 1479 1932 1514 prae·
1945 1456 2013 1477 ⁵⁸¹³&

1184 1515 1275 1550 fatam
1297 1518 1480 1552 canonicam
1505 1526 1621 1552 temere
1644 1517 1825 1564 perturbare
1846 1524 1900 1552 etc.

1232 1565 1304 1601 Eoo
1337 1567 1540 1602 Amxfflumz
1574 1567 1745 1602 catholicae
1771 1566 1933 1602 Ecclesiae
1959 1570 2129 1593 A¹0¹³¹²tlri¹³R
2152 1596 2154 1598 ,

1183 1616 1361 1663 episcopus.

1231 1665 1299 1712 Ego
1327 1666 1469 1701 Ubalslus
1495 1666 1652 1703 Ostiensis
1678 1667 1857 1714 episcopus.
1946 1675 1969 1694 οι
1985 1671 2128 1709 5·,Β-,Βπῑ-
2150 1683 2153 1686 ·

1232 1715 1300 1762 Ego
1326 1715 1508 1751 Bernardus
1539 1716 1724 1751 portuensis
1746 1725 1776 1751 et
1797 1716 1932 1752 Sanctae
1946 1703 2124 1762 ,ηἷῖᾞῖἶξᾏᾛῃ

1183 1764 1316 1800 Rulinae
1343 1766 1428 1800 sedis
1458 1767 1635 1813 episcopus.

1232 1814 1301 1860 Ego
1323 1815 1480 1850 Henricus
1501 1815 1690 1850 Albauensis
1716 1816 1898 1864 episcopus.

1232 1864 1301 1911 Ego
1328 1864 1372 1899 lo.
1399 1865 1495 1900 Neor.
1518 1866 1568 1900 Ss.
1594 1865 1636 1900 lo.
1659 1874 1690 1900 et
1707 1865 1797 1900 Pauli
1825 1865 1930 1914 presb.

1184 1914 1363 1949 cardinalis.

1184 2012 1206 2048 S
1232 1963 1300 2010 Ego
1322 1963 1446 2000 Cintins
1469 1965 1628 2013 presbyter
1657 1964 1822 2000 cardinalis
1850 1964 1931 2000 tituli

1211 2041 1216 2047 .
1240 2013 1406 2049 Caeciliae.

1232 2067 1302 2114 Ego
1324 2068 1394 2115 Ugo
1411 2068 1570 2116 presbyter
1584 2067 1664 2102 tituli
1686 2067 1720 2103 S.
1743 2067 1929 2104 Clementis.

1231 2122 1301 2169 Ego
1322 2123 1499 2158 Matthaeus
1520 2122 1682 2170 presbyter
1703 2123 1868 2159 cardinalis
1883 2123 1929 2158 tit.

1183 2176 1215 2211 S.
1244 2176 1392 2212 Marcelli.

1230 2231 1300 2278 Ego
1338 2230 1466 2266 Ardicio
1505 2231 1659 2267 diaconus
1694 2231 1859 2267 cardinalis
1892 2232 1927 2268 S.

2148 568 2160 601 ,ς

2146 731 2160 762 su*
2144 684 2160 723 ν
2146 666 2159 678 δ
2147 627 2161 659 «x.-

1230 2340 1299 2386 Ego
1326 2339 1466 2374 Gratian.
1500 2339 1652 2375 diaconus
1685 2340 1850 2375 cardinalis
1876 2340 1927 2376 Ss.

1183 2394 1290 2429 Cosm.
1320 2402 1349 2428 et
1370 2394 1462 2429 Dam.

1230 2448 1298 2494 Ego
1318 2448 1363 2483 Io.
1386 2449 1538 2483 diaconus
1556 2448 1722 2484 cardinalis
1743 2448 1776 2483 S.
1800 2449 1927 2496 Angeli.

1230 2503 1299 2550 Ego
1320 2503 1430 2538 Matth.
1452 2503 1586 2538 Sanctae
1612 2502 1727 2538 Mariae
1743 2503 1847 2538 Novae
1865 2503 1928 2538 ‹lia-

1181 2570 1281 2592 conus
1305 2557 1481 2592 cardinalis.

1217 2628 1256 2663 (l)
1272 2627 1338 2654 Vide
1353 2627 1486 2663 superius,
1504 2635 1560 2662 pag.
1588 2627 1649 2654 603.
1667 2627 1704 2663 (n.
1729 2627 1768 2662 τ.)
1805 2627 1844 2662 (2)
1869 2627 1895 2653 Ν
1910 2641 1926 2648 -

1182 2670 1249 2695 lente
1265 2668 1306 2695 vel
1325 2677 1379 2695 non
1395 2670 1497 2694 valente
1513 2667 1604 2704 (Cocq.
1621 2675 1654 2694 ex
1671 2670 1736 2694 Ami.
1754 2671 1778 2693 e!
1793 2667 1889 2703 corr.).

2115 2348 2145 2723 3⁵⁴*oe-erkvzrc:
2135 2276 2145 2310 .’-
2138 2229 2146 2236 ι

2117 2839 2122 2850 .,
2114 2744 2130 2822 ut«
