2180 3205
233 246 282 273 An.
301 247 328 274 C.
352 249 417 276 1153

251 510 333 535 &ltaque
349 508 372 527 ab
384 507 416 527 ln-

234 547 259 558 nv»
277 538 416 559 vntiol'l’no-

234 575 325 590 minutim
342 570 416 590 contir-

256 1645 333 1665 fuldae
350 1646 408 1665 clau*

302 1678 367 1697 nilne.

261 1899 263 1910 ι
282 1897 294 1907 x
319 1893 340 1912 Ιῐ.
358 1892 429 1912 Κουιν-

272 1931 289 1942 ..2
330 1925 428 1944 rai-din&

278 1963 294 1975 Ίι
334 1955 429 1975 subscri-

248 1990 338 2012 mani-s.

482 236 552 270 606

431 302 594 343 panzano,
623 306 652 333 et
674 297 805 332 Sanctae
828 294 943 329 Mariae
971 292 1120 334 Norolae7
1150 298 1178 324 et

430 350 535 385 Sancti
565 349 638 383 lusti
663 348 692 381 in
722 347 840 384 satie-0,
867 352 988 377 curtem
1012 342 1049 376 de
1073 341 1178 387 Agna,

429 400 595 434 ecclesiam
632 397 739 431 Sancti
777 393 947 429 Alexandri
982 404 1053 426 cum
1091 398 1179 425 curte

430 462 484 483 sua
514 450 594 482 iuxta
631 456 765 480 castrum
796 443 910 477 montis
942 440 1086 475 Carboli:
1122 439 1178 473 alia

430 510 556 545 qnoque
579 496 723 539 castella,
752 494 859 537 villas,
887 501 916 526 et
950 491 1027 526 alias
1055 501 1180 536 posses-

429 549 545 587 siones,
581 547 658 581 sicut
690 546 720 579 in
744 542 906 591 privilegio
930 538 1180 588 praedecessoris

431 597 525 631 nostri
555 596 655 630 bonae
682 593 851 629 memoriae
878 592 983 638 Papae
1004 587 1179 623 Innocentii

431 646 617 681 nominatim
642 644 730 679 robis
754 643 937 678 confirmata
965 648 1048 674 snut.
1077 637 1182 671 Ordi—

431 697 572 731 nationes
597 695 690 729 etiam
720 692 950 740 praedictorum
974 687 1182 723 monasterio-

431 758 519 783 rum,
547 754 577 779 et
597 743 828 789 baptismalium
852 739 1079 781 Ecclesiarum‚
1102 748 1182 783 quae

431 795 606 830 Fesulanac
629 793 788 829 Ecclesiae
816 790 942 825 subdita
965 795 1050 831 sunt,
1077 786 1182 821 nullus

431 846 550 892 absque
575 852 675 878 restro
691 854 823 877 assensu
846 839 904 874 sibi
929 849 1081 884 usurpare
1098 848 1181 883 prae·

431 904 549 934 sumatg
572 894 602 928 in
625 892 754 940 capellis
784 899 886 926 autem
916 896 1087 923 vestrarum
1117 886 1183 932 plc-

434 945 519 978 binm
547 944 674 978 liberam
717 941 947 976 ordinationem
985 945 1016 971 et
1042 935 1182 970 debitam

433 994 643 1028 obedientiam
655 992 774 1039 absque
788 989 920 1024 alicuius
934 985 1184 1021 contradictione

435 1043 559 1090 plebani
595 1042 740 1080 babeant,
779 1041 860 1074 sicut
895 1049 950 1085 per
984 1034 1183 1084 privilegium

436 1093 485 1127 l'cl.
511 1105 604 1126 niem.
633 1091 793 1126 Pasclialis
814 1089 917 1135 Papae
939 1086 984 1121 eis
999 1095 1184 1120 concessum

436 1152 496 1178 ist:
531 1142 612 1176 salva
647 1141 765 1188 proprii
795 1137 934 1186 episcopi
969 1135 1071 1170 debita
1095 1145 1186 1167 reve-

437 1193 545 1227 rentia.
574 1191 698 1226 Partem
724 1202 795 1224 vero
822 1187 1027 1228 decimarum⁷
1051 1182 1186 1218 oblatio-

438 1256 524 1284 num,
548 1249 818 1278 testamentorum,
841 1245 870 1271 et
893 1244 1087 1271 caeterorum
1113 1232 1185 1267 red-

436 1293 560 1325 dituum
584 1290 869 1325 ecclesiasticorum
893 1298 947 1333 per
969 1292 1106 1318 vestrum
1119 1282 1188 1329 epi-

437 1350 599 1388 scopatum
613 1339 789 1374 secundnm
803 1344 916 1371 statuta
928 1345 1085 1370 canonum
1100 1332 1188 1366 vobis

437 1395 680 1433 contirnianuis,
708 1397 737 1423 et
761 1396 792 1422 ut
816 1386 900 1421 nulla
927 1384 1059 1419 ecclesia
1086 1382 1117 1415 in
1140 1394 1190 1416 eo-

438 1441 509 1475 dem
528 1441 712 1487 episcopatu
732 1444 946 1477 construatur,
963 1443 992 1468 et
1011 1440 1188 1467 constructa

438 1491 556 1537 absque
581 1497 681 1523 xestra
706 1487 827 1522 licentia
841 1484 970 1520 cuilibet
992 1481 1189 1523 sublimatur,

440 1540 672 1574 interdicimus:
707 1538 789 1572 salva
813 1535 961 1570 nimirum
984 1533 1015 1566 in
1042 1530 1191 1566 omnibus

441 1589 640 1636 apostoticae
667 1587 761 1622 Sedis
794 1585 909 1619 iustitia
935 1591 966 1618 et
993 1580 1188 1616 auctoritate.

442 1639 650 1674 Decernimus
672 1649 762 1683 ergo,
792 1644 823 1670 ut
858 1633 934 1668 nulli
959 1634 1107 1668 omnino,
1130 1637 1189 1664 etc.

440 1690 472 1723 Si
501 1700 561 1735 qua
591 1688 704 1734 igitur,
735 1695 794 1721 ete.
822 1683 956 1719 Cunctis
982 1690 1104 1719 autent,
1131 1688 1190 1713 etc.

442 1740 556 1773 Anien.

493 1788 563 1822 Eoo
593 1788 794 1820 Ammius
830 1781 1001 1818 catholicae
1032 1778 1193 1813 Ecclesiae

443 1839 612 1885 episcopus
634 1849 676 1870 ss.

494 1888 560 1932 Ego
582 1885 651 1931 Ugo
678 1883 835 1919 Ostiensis
855 1881 1026 1928 episcopus
1053 1890 1094 1911 ss.

493 1937 560 1982 Ego
589 1935 628 1970 G.
656 1934 694 1969 G.
725 1933 828 1980 presb.
851 1930 937 1966 card.
960 1930 992 1964 S.
1017 1926 1149 1962 Callisti.

495 1986 560 2031 Ego
588 1985 694 2019 Guido
718 1982 880 2030 presbyter
903 1977 1072 2015 cardinalis
1085 1975 1194 2010 Sancti

444 2039 641 2086 Chrysogoni
665 2037 770 2072 subsc.

497 2094 563 2139 ligo
580 2091 761 2127 Manl'redus
778 2089 940 2137 presbyter
957 2085 1042 2121 card.
1063 2086 1197 2120 Sanctae

446 2149 581 2183 Sabinae
599 2146 706 2181 subsc.

497 2202 564 2247 Ego
584 2200 749 2234 ,xi-ibertus·
772 2197 935 2244 presbyter
957 2194 1041 2230 card.
1065 2193 1198 2227 Sanctae

449 2255 632 2290 Anastasiae
658 2252 764 2287 subse.

500 2310 566 2356 Ego
584 2308 682 2343 lulius
706 2306 808 2354 presb.
825 2303 909 2339 card.
932 2303 980 2337 tit.
995 2302 1029 2336 S.
1049 2300 1198 2335 Marcelli.

501 2364 568 2409 Ego
583 2362 725 2397 Ubaldus
749 2358 851 2406 presb.
867 2356 952 2392 card.
970 2356 1014 2390 tit.
1039 2354 1072 2389 S.
1089 2353 1200 2388 Crucis

454 2418 483 2451 in
506 2417 702 2451 Hierusalem
727 2415 831 2448 subsc.

504 2471 569 2516 Ego
592 2470 740 2504 Astaldus
763 2466 866 2515 presb.
889 2464 974 2500 card.
999 2464 1044 2498 tit.
1067 2463 1201 2498 Sanctae

456 2525 579 2559 Priscae
605 2525 710 2558 subsc.

506 2578 572 2622 Ego
596 2577 727 2610 loannes
756 2574 857 2621 presb.
890 2573 973 2608 card.
1003 2573 1048 2607 tit.
1071 2570 1121 2606 Ss.
1150 2569 1202 2604 lo-

458 2632 546 2667 annis
568 2640 597 2666 et
620 2631 706 2665 Pauli
735 2630 777 2664 tit.
803 2626 993 2663 l’ainmacliii
1016 2625 1121 2660 subsc.

1027 237 1210 260 sst't.1..uut'.u
1240 233 1401 256 ttonANmi

1271 289 1338 334 ligo
1370 287 1504 321 Ioannes
1532 283 1635 332 presb.
1669 282 1753 317 card.
1782 281 1828 315 tit.
1860 279 1967 316 Sanct.

1221 337 1362 372 Silxestri
1390 343 1420 370 et
1445 334 1572 369 Martini
1593 333 1700 367 subsc.

1271 388 1337 433 Ego
1363 385 1438 420 Otto
1473 384 1552 418 diac.
1580 382 1665 418 card.
1698 381 1732 416 S.
1769 379 1896 426 Georgii
1930 377 1969 412 ad

1223 437 1333 471 Vclnm
1358 436 1498 469 Aureum
1518 432 1625 467 subsc.

1273 487 1338 532 ligo
1361 484 1512 519 Martinus
1539 483 1619 516 diac.
1647 479 1732 515 card.
1755 478 1888 514 Sanctae
1904 477 1972 511 Ma-

1222 537 1284 570 riae
1313 536 1342 569 in
1365 532 1538 569 Cosmedin
1565 531 1672 566 subsc.

1273 585 1339 631 Ego
1362 584 1495 618 loannes
1517 581 1597 616 diac.
1613 577 1781 616 cardinalis
1795 576 1845 612 Ss.
1868 575 1971 622 Sergii

1223 643 1253 670 ct
1278 633 1395 670 Bacchi
1423 632 1530 667 subsc.

1271 683 1385 718 Datum
1410 679 1555 716 Laterani
1590 690 1645 726 per
1679 688 1808 711 manum
1837 673 1973 710 Rolandi

1223 744 1349 769 sanetae
1371 733 1534 767 Romanae
1555 727 1717 763 Ecclesiae
1753 724 1857 772 presb.
1886 723 1973 758 card.

1224 793 1252 819 et
1280 782 1469 825 cancellarii,
1485 793 1508 815 11
1532 779 1591 814 kal.
1615 777 1690 821 ian.⁷
1718 775 1827 810 indict.
1858 786 1895 817 u,
1917 773 1974 807 in-

1224 833 1414 868 carnationis
1437 829 1616 865 dominicae
1637 838 1720 862 anno
1746 836 1864 864 moun,
1888 830 1973 870 pont.

1224 883 1262 917 D.
1292 881 1448 917 Anastasii
1478 880 1581 926 Papae
1609 876 1650 911 lV
1671 888 1753 910 anno
1777 888 1797 909 ι.

1245 940 1307 970 Dat.
1330 940 1377 970 die
1400 938 1432 968 3¹
1456 935 1623 967 decembris
1641 943 1718 964 anno
1735 931 1851 962 Domini
1870 930 1956 967 1153,

1485 980 1588 1021 pontis.
1604 988 1680 1009 anno
1699 987 1717 1008 ι.

1569 1099 1638 1134 VII.

1231 1178 1397 1213 Decretum,
1426 1181 1458 1207 ut
1481 1172 1697 1207 monasterium
1726 1169 1978 1213 Glannafoliense

1277 1226 1387 1259 Sancti
1423 1225 1531 1257 Mauri
1568 1222 1795 1256 Antisiodoren.
1837 1218 1978 1252 dioecesis

1280 1275 1472 1320 ,ipos-tollent:
1507 1273 1582 1305 sedi
1616 1271 1787 1304 immediate
1813 1267 1979 1301 subiectum

1277 1327 1314 1358 sic
1347 1336 1414 1358 cum
1447 1323 1532 1357 bonis
1558 1322 1620 1354 suis
1642 1320 1792 1360 omm'bus7
1821 1318 1875 1351 snb
1902 1317 1979 1350 obe-

1279 1377 1393 1408 dientia
1422 1381 1524 1406 tamen
1550 1371 1726 1404 monasterii
1758 1367 1953 1401 Cassinensis.

1233 1448 1455 1481 Δ11οιιαείιίἰίιιη
1489 1445 1595 1482 hocce,
1629 1440 1858 1475 Fussalensibus
1889 1443 1981 1471 antea

1279 1498 1455 1533 subiectum,
1492 1493 1699 1527 Cassinacibus
1733 1490 1834 1524 subdit
1873 1487 1981 1521 Urba-

1280 1558 1336 1579 nus
1359 1546 1404 1582 ΙΙ,
1435 1552 1528 1577 const.
1554 1542 1647 1576 Pater
1680 1547 1710 1574 et
1737 1539 1883 1587 princeps
1914 1543 1981 1576 etc„

1281 1598 1345 1629 (lut.
1374 1606 1457 1628 anno
1482 1593 1586 1626 4097.

1503 1660 1716 1693 SUMMARtml

1234 1727 1401 1757 Exordium.
1424 1741 1463 1747 —
1484 1723 1691 1754 monasterium
1724 1720 1779 1750 sub
1803 1718 1984 1758 protectione

1275 1772 1359 1802 Sedis
1378 1769 1562 1810 Apostolicae
1586 1766 1690 1806 recipit
1718 1764 1860 1800 l'ontil‘ex3
1875 1779 1916 1784 —
1932 1761 1983 1791 Ei—

1275 1816 1342 1846 dem
1354 1815 1428 1844 bona
1441 1813 1538 1843 omnia
1552 1811 1718 1841 confirmat:
1730 1826 1769 1832 —
1780 1807 1985 1846 Nonnullaque

1276 1863 1428 1891 enumerat
1439 1857 1564 1897 propriis
1577 1855 1737 1891 vocabuli53
1746 1870 1785 1876 -
1797 1852 1984 1892 Sepulturam

1276 1906 1386 1936 ibidem
1419 1903 1543 1932 liberam
1568 1902 1629 1930 l'ore
1647 1900 1790 1936 deelarat3
1805 1914 1846 1920 —-
1862 1896 1984 1926 Abbatis

1277 1950 1449 1981 electionem
1468 1947 1504 1977 ad
1522 1945 1681 1976 monachos
1711 1948 1858 1983 spectar03
1873 1959 1914 1964 -
1929 1940 1985 1976 Qui

1278 2001 1373 2025 tamen
1405 2003 1419 2022 a
1438 1991 1608 2022 Cassinensi
1638 1989 1742 2019 abbate
1774 1988 1879 2018 debeat
1910 1995 1984 2016 con-

1278 2037 1398 2074 tii-marn
1421 2053 1461 2058 —
1482 2035 1574 2075 Eique
1599 2034 1796 2064 obedientiam
1826 2035 1985 2072 praestare.

1276 2100 1315 2106 —
1337 2082 1489 2111 Decretum
1507 2079 1712 2109 immunitatis.
1729 2094 1769 2099 —
1784 2076 1893 2106 Solitae
1905 2075 1987 2105 clau-

1278 2128 1370 2158 sulae.
1391 2142 1432 2148 —
1452 2123 1601 2154 Anastasii
1634 2122 1687 2152 PP.
1719 2121 1835 2160 signum
1868 2123 1896 2149 et
1916 2118 1987 2148 sub-

1279 2172 1409 2211 scriptio.
1427 2186 1467 2192 —
1485 2167 1724 2207 Subscriptiones
1759 2173 1876 2205 quoque
1907 2164 1987 2194 card.

1281 2219 1309 2247 S.
1332 2217 1364 2246 tt.
1387 2215 1416 2245 E.

1239 2275 1398 2304 Anastasius
1410 2273 1550 2309 episcopus
1563 2277 1657 2299 servus
1670 2275 1807 2298 servorum
1822 2267 1877 2301 Dei.
1890 2267 1988 2296 dilecto

1284 2325 1338 2353 filio
1349 2324 1474 2353 Guilelmo
1481 2322 1574 2350 abbati
1583 2318 1808 2349 Glannarotiensis
1818 2316 1987 2349 monasterii.

1285 2376 1394 2411 eiusque
1417 2372 1614 2402 successoribus
1636 2368 1802 2405 regulariter
1823 2367 1987 2396 substituen-

1285 2425 1338 2457 dis,
1361 2425 1390 2452 in
1409 2424 1578 2460 perpetuum.

1290 2483 1445 2525 Quotiens
1472 2480 1547 2516 illud
1582 2492 1597 2514 a
1625 2478 1716 2513 nobis
1750 2476 1876 2525 petitur,
1903 2474 1988 2522 quod

1243 2533 1354 2568 rationi
1377 2540 1407 2566 et
1433 2530 1587 2565 honestati
1610 2528 1776 2564 convenire
1802 2525 1987 2568 dinoscitur,

1278 2591 1316 2626 (t)
1334 2590 1371 2616 Ex
1389 2589 1506 2624 originali
1527 2589 1553 2614 in
1568 2586 1669 2614 archiv.
1687 2583 1770 2612 edidit.
1785 2581 1901 2614 Gattuta,
1921 2581 1986 2608 Hist.

1243 2632 1388 2659 Cassinen..
1405 2637 1472 2656 saec.
1495 2636 1532 2654 vi.

1983 221 2031 248 An.
2051 220 2079 247 C.
2098 220 2146 246 115

2033 2491 2153 2514 Exordium.
