2180 3205
138 290 186 315 Λη.
208 288 235 315 C.
256 286 320 315 1038

406 256 471 289 108

350 333 479 370 quaeso,
513 332 605 356 aures
636 326 753 354 vestras
785 317 823 352 atl
852 329 900 351 me
930 316 1097 356 inclinare,

351 383 463 418 meque
486 370 655 404 clementer
677 366 837 401 exaudire.

399 421 419 467 g
448 422 478 453 1.
505 418 586 460 Quia
621 416 758 451 veritatis
784 415 859 451 estis
893 414 1040 461 discipuli
1069 422 1098 447 et

350 477 517 507 amatores,
538 466 694 505 adiuvate,
716 473 749 500 ut
765 465 925 499 veritatem
949 463 1035 498 vobis
1050 463 1099 497 di-

350 530 431 561 cam,
448 516 534 552 omni
556 523 674 551 remota
698 514 842 555 falsitate,
861 525 954 561 quam
970 513 1098 547 omnino

350 565 563 610 detestamini,
589 572 623 600 ut
644 564 754 599 fratres
780 563 839 598 mei
874 562 988 597 melius
1023 561 1097 596 mihi

349 616 562 663 acquiescant,
583 622 614 649 et
634 613 736 649 sciant
761 620 792 648 et
818 612 994 658 intelligant
1024 611 1097 658 quia

350 678 387 700 ex
411 673 514 700 vestra
541 663 657 698 fiducia
687 670 756 710 post
781 662 885 697 Deum
911 669 942 696 et
966 660 1097 695 Matrem

350 715 418 749 eius
439 725 564 761 semper
585 712 746 759 Virginem
768 711 910 749 Mariam,
934 710 1036 757 pravis
1070 716 1100 743 et

351 764 470 811 iniquis
492 762 614 803 resisto,
635 761 747 796 vestris
762 768 865 795 autem
880 758 1027 794 fidelibus
1041 770 1100 792 au-

351 814 460 848 xilium
484 819 619 859 praesto.
641 810 706 846 Vos
720 810 803 845 enim
827 809 925 849 scitis,
947 808 1020 855 quia
1038 819 1098 841 non

352 863 486 897 libenter
507 861 545 897 ad
578 872 701 896 sacrum
736 858 879 894 ordinem
915 857 1044 896 accessi,
1071 863 1100 890 et

353 912 470 947 invitus
496 910 577 946 ultra
602 917 726 944 montes
752 920 824 943 cum
846 907 886 942 D.
914 906 997 953 Papa
1018 905 1100 940 Gre-

353 961 442 1008 gorio
474 960 555 1001 abii,
589 958 643 994 sed
677 957 778 1003 tnagis
805 957 920 991 invitus
954 967 1026 990 cum
1060 953 1099 988 D.

354 1022 425 1045 meo
457 1009 544 1057 Papa
575 1007 682 1043 Leone
708 1007 748 1042 ad
774 1013 906 1040 vestram
934 1003 1099 1051 specialem

353 1059 526 1094 Ecclesiam
553 1057 650 1101 redii,
678 1056 709 1090 in
731 1068 792 1103 qua
819 1063 991 1100 utcumque
1013 1052 1102 1087 vobis

353 1108 519 1143 deservivi.
564 1106 687 1141 Deinde
720 1104 810 1139 valde
851 1103 988 1143 invitus,
1028 1114 1100 1137 cum

353 1158 453 1192 multo
479 1156 600 1197 dolore,
626 1163 657 1190 et
678 1154 810 1201 gemitu,
837 1165 874 1187 ac
896 1152 1043 1199 planctu,
1070 1151 1101 1185 in

355 1207 468 1242 throno
490 1213 592 1240 vestro
615 1204 701 1238 valde
728 1202 876 1248 indignus
902 1213 972 1236 sum
1001 1200 1102 1236 collo-

355 1264 455 1291 catus.
478 1255 566 1289 Haec
586 1253 656 1288 ideo
671 1252 755 1292 dico,
777 1252 849 1299 quia
870 1263 933 1286 non
956 1263 1014 1297 ego
1036 1262 1102 1294 vos,

355 1305 410 1340 sed
445 1317 500 1339 vos
533 1303 666 1350 eligistis
706 1313 774 1342 me,
815 1308 845 1336 et
883 1300 1103 1346 gravissimum

357 1354 482 1402 pondus
509 1361 629 1388 vestrae
650 1351 809 1386 Ecclesiae
835 1361 929 1396 supra
958 1361 1008 1383 me
1039 1360 1103 1395 po-

356 1404 475 1438 suistis.
506 1402 547 1437 Et
572 1402 645 1449 quia
667 1412 761 1448 super
783 1407 922 1434 montem
944 1397 1103 1432 excelsum

358 1465 408 1488 me
430 1452 564 1487 iussistis
589 1450 771 1494 ascendere,
792 1457 822 1484 et
843 1449 989 1490 clamare,
1011 1455 1104 1494 atque

358 1501 550 1536 annunciare
572 1499 690 1547 populo
710 1499 768 1533 Dei
792 1497 909 1533 scelera
933 1509 1053 1535 eorum,
1075 1504 1106 1530 et

360 1551 432 1585 filiis
464 1550 624 1584 Ecclesiae
657 1555 783 1595 peccata
809 1559 937 1585 eorum;
967 1545 1105 1580 membra

359 1599 475 1634 diaboli
511 1606 617 1633 contra
640 1609 690 1632 me
723 1604 896 1643 coeperunt
926 1595 1105 1641 insurgere,

360 1658 390 1684 et
413 1660 512 1695 usque
537 1647 573 1682 ad
606 1646 792 1692 sanguinem
829 1651 1106 1692 praesumpserunt

361 1699 391 1733 in
418 1711 469 1732 me
504 1708 615 1731 manus
647 1708 720 1730 suas
755 1695 895 1729 iniicere.
931 1693 1106 1728 Astiterunt

360 1748 445 1783 enim
467 1759 555 1793 reges
570 1754 680 1785 terrae,
702 1752 733 1779 et
752 1744 910 1791 principes
931 1743 1108 1777 saeculares

361 1805 392 1832 et
412 1795 626 1834 ecclesiastici,
653 1793 745 1828 aulici
772 1801 802 1828 et
831 1793 973 1838 vulgares
999 1804 1110 1826 conve-

362 1854 476 1880 nerunt
498 1845 528 1879 in
552 1856 648 1878 unum
677 1842 827 1877 adversus
854 1841 1049 1880 Dominum,
1079 1850 1108 1875 et

362 1895 512 1930 adversus
546 1905 600 1928 vos
638 1891 782 1926 Christos
817 1890 908 1931 eius,
948 1891 1107 1925 dicentes:

364 1944 585 1990 dirumpamus
606 1941 728 1975 vincula
752 1953 872 1980 eorum,
900 1948 930 1975 et
956 1939 1109 1986 proiicia-

364 2006 437 2028 mus
458 2005 475 2027 a
496 1991 589 2026 nobis
619 1990 726 2036 iugum
754 1990 906 2036 ipsorum.
941 1989 979 2023 Et
1006 1997 1038 2022 ut
1060 2000 1110 2022 me

365 2042 495 2077 omnino
527 2043 626 2074 morte
656 2039 704 2074 vel
738 2038 831 2073 exilio
864 2037 1110 2078 confunderent,

366 2091 473 2126 multis
496 2089 598 2124 modis
632 2088 734 2123 conati
770 2095 844 2123 sunt
870 2089 901 2122 in
934 2099 983 2121 me
1006 2086 1111 2121 insur-

366 2152 450 2187 gere.
489 2139 573 2174 Inter
610 2149 690 2185 quos
724 2137 901 2184 specialiter
938 2136 1111 2176 Henricus,

367 2202 461 2237 quem
483 2189 592 2223 dicunt
618 2198 735 2232 regem,
766 2186 893 2221 Henrici
916 2185 1114 2233 imperatoris

370 2239 486 2279 filium,
517 2246 622 2272 contra
658 2244 791 2270 vestram
812 2236 990 2270 calcaneum
1018 2235 1114 2269 erexit

368 2287 554 2327 Ecclesiam,
576 2285 654 2320 facta
670 2298 741 2320 cum
765 2285 871 2319 multis
892 2284 1048 2331 episcopis
1064 2284 1115 2318 ul-

370 2336 574 2371 tramontanis
595 2342 625 2369 ct
647 2334 758 2369 italicis
784 2334 1036 2380 conspiratione,
1059 2345 1116 2367 an-

371 2386 484 2426 nitens,
508 2397 557 2419 me
573 2383 749 2428 deiicendo,
772 2395 840 2418 eam
857 2383 916 2418 sibi
937 2382 1116 2429 subiugare3

371 2435 462 2469 cuius
483 2433 650 2481 superbiae
674 2441 773 2467 vestra
796 2433 908 2467 restitit
932 2433 1116 2471 auctoritas,

371 2495 503 2530 eamque
520 2490 622 2517 vestra
635 2481 788 2516 destruxit
803 2489 952 2529 potestas,
974 2481 1028 2528 qui
1045 2493 1118 2515 con-

373 2532 461 2567 fusus
481 2540 511 2566 et
537 2530 719 2565 humiliatus
740 2531 777 2565 ad
802 2543 851 2566 me
878 2531 909 2565 in
932 2530 1119 2576 Longobar-

373 2581 457 2616 diam
490 2580 618 2615 veniens
651 2580 882 2616 absolutionem
918 2579 957 2614 ab
989 2591 1120 2614 excom-

372 2629 586 2665 municatione
611 2629 774 2676 quaesivit.

920 261 1105 284 nt'Ltattttat

1136 260 1201 281 ttmt
1209 261 1224 281 Α
1231 260 1295 281 Nm!

1188 315 1261 361 32.
1290 315 1392 355 Quem
1428 324 1485 358 ego
1521 311 1631 346 videns
1667 312 1885 356 humiliatum,

1141 363 1247 398 multis
1268 362 1307 397 ab
1329 374 1365 396 eo
1396 361 1655 408 promissionibus
1688 362 1825 408 acceptis
1846 361 1886 396 de

1140 425 1214 447 suae
1242 412 1320 446 vitae
1346 410 1583 450 emendatione,
1610 410 1708 444 solam
1735 411 1763 445 ei
1798 422 1887 445 com-

1140 461 1322 496 munionem
1351 459 1484 503 redtlidi,
1506 471 1568 493 non
1592 466 1696 494 tamen
1718 459 1749 494 in
1777 471 1887 506 regno,

1140 523 1155 545 a
1183 523 1246 558 quo
1277 522 1349 545 eum
1384 509 1414 543 in
1448 520 1576 543 romana
1621 508 1742 556 synodo
1785 509 1888 556 depo-

1140 572 1282 599 sueram,
1318 558 1508 603 instauravi,
1536 569 1593 593 nec
1616 557 1795 593 fidelitatem
1817 570 1888 593 om-

1141 610 1240 654 nium,
1262 609 1313 656 qui
1337 608 1394 643 sibi
1417 608 1604 648 iuraverant,
1627 607 1674 642 vel
1693 614 1781 642 erant
1802 607 1889 643 iura·-

1141 659 1213 699 turi,
1235 671 1252 693 a
1279 670 1338 705 qua
1361 669 1471 692 omues
1492 657 1610 692 absolvi
1637 657 1668 691 iu
1695 656 1806 692 eadem
1834 669 1890 704 sy-

1141 708 1236 752 nodo,
1260 715 1291 742 ut
1306 707 1363 742 sibi
1387 714 1573 748 servaretur,
1590 706 1798 753 praecepi.Et
1813 706 1889 745 liaeo

1141 757 1211 792 ideo
1232 756 1364 800 detinui,
1400 763 1433 790 ut
1459 756 1539 791 inter
1565 768 1638 790 eum
1665 763 1696 791 et
1722 755 1889 802 episcopos

1143 807 1186 841 vel
1211 806 1368 852 principes
1382 805 1644 849 ultramontanos,
1662 805 1716 852 qui
1731 805 1772 845 ei,
1794 817 1890 840 causa

1143 855 1291 890 iussionis
1314 863 1432 889 vestrae
1458 854 1619 889 Ecclesiae
1637 855 1825 895 restiterant,
1845 855 1891 889 iu-

1141 906 1256 939 stitiam
1279 904 1426 945 facerem,
1448 904 1496 938 vel
1519 916 1628 951 pacem
1651 913 1889 951 componerem,

1141 954 1222 989 sicut
1247 953 1314 1001 ipsc
1348 953 1505 988 Henricus
1528 954 1704 988 iuramento
1727 965 1782 1001 per
1809 953 1890 988 duos

1142 1003 1309 1051 episcopos
1329 1003 1402 1036 milii
1426 1003 1580 1049 promisit.

1191 1053 1211 1099 g
1235 1055 1266 1086 5.
1293 1051 1449 1086 Praedicti
1470 1060 1574 1086 autem
1596 1051 1736 1099 episcopi
1757 1060 1787 1086 et
1809 1051 1893 1099 prin-

1143 1101 1230 1149 cipes
1257 1101 1493 1141 ultramontani,
1516 1101 1681 1136 audientes
1710 1101 1798 1136 illum
1827 1114 1891 1136 non

1143 1163 1266 1186 servare
1292 1150 1380 1191 mihi,
1402 1149 1486 1197 quod
1510 1151 1707 1197 promiserat,
1734 1150 1823 1197 quasi
1842 1151 1892 1185 de·

1143 1200 1259 1247 sperati
1281 1199 1320 1234 de
1335 1211 1383 1243 eo,
1402 1200 1470 1234 sine
1488 1211 1559 1234 meo
1574 1211 1731 1234 consensu
1748 1200 1892 1246 legerunt

1144 1249 1203 1284 sibi
1230 1249 1438 1295 Rodulplium
1470 1249 1583 1284 ducem
1618 1249 1648 1284 in
1677 1261 1795 1295 regem.
1830 1249 1893 1291 Qui

1145 1311 1199 1334 rex
1219 1298 1410 1345 Rodulphus
1438 1298 1619 1333 festinanter
1640 1298 1679 1333 ad
1707 1311 1774 1339 me,
1796 1298 1894 1333 misso

1146 1349 1282 1391 nuncio,
1318 1348 1466 1382 indicavit
1491 1360 1525 1382 se
1557 1357 1700 1382 coactum
1723 1348 1809 1394 regni
1834 1360 1894 1394 gu-

1146 1397 1313 1432 bernacula
1343 1397 1540 1443 suscepisse,
1574 1404 1677 1431 tamen
1710 1408 1779 1431 sese
1802 1408 1894 1442 para-

1147 1455 1212 1481 tum
1240 1446 1315 1480 mihi
1339 1446 1487 1481 omnibus
1509 1445 1613 1480 modis
1638 1445 1779 1480 obedire.
1801 1445 1843 1480 Et
1861 1453 1894 1480 ut

1147 1496 1206 1530 ltoc
1233 1496 1338 1529 verius
1359 1495 1516 1540 credatur,
1543 1507 1668 1542 semper
1689 1507 1726 1529 ex
1753 1507 1791 1530 eo
1812 1503 1894 1530 tem-

1149 1557 1224 1592 pore
1246 1544 1391 1579 eumdem
1415 1545 1491 1579 milii
1519 1556 1644 1590 semper
1667 1544 1750 1579 misit
1772 1556 1895 1579 sermo-

1149 1607 1232 1632 nem,
1255 1594 1417 1633 adiiciens,
1440 1594 1533 1628 etiam
1558 1594 1637 1628 filios
1658 1606 1732 1628 suos
1756 1593 1894 1638 obsides,

1148 1652 1177 1679 et
1200 1643 1299 1677 fidelis
1327 1643 1374 1677 sui
1401 1643 1492 1677 ducis
1519 1643 1660 1678 Bertoldi
1681 1642 1779 1685 filios,
1810 1643 1895 1690 quod

1149 1692 1364 1740 promittebat,
1393 1693 1528 1727 firmare.

1198 1742 1217 1789 ξ
1245 1745 1276 1775 4.
1304 1742 1424 1776 Interea
1453 1741 1609 1776 Henricus
1635 1742 1738 1789 coepit
1760 1754 1810 1777 me
1829 1753 1897 1789 pre-

1149 1793 1224 1835 cari,
1250 1799 1284 1825 ut
1307 1791 1394 1825 illum
1422 1799 1527 1826 contra
1556 1791 1751 1838 praedictum
1780 1791 1898 1826 Rodut-

1151 1841 1247 1887 plium
1276 1840 1469 1879 adiuvarem2
1497 1841 1548 1875 cui
1585 1840 1753 1888 respondi,
1776 1853 1825 1875 me
1857 1841 1896 1875 ti-

1152 1891 1259 1924 benter
1280 1889 1394 1933 facere,
1421 1889 1525 1924 audita
1553 1892 1716 1937 utriusque
1745 1890 1839 1937 partis
1853 1902 1898 1924 ra-

1152 1939 1247 1982 tione,
1274 1947 1307 1972 ut
1334 1939 1460 1980 scirem,
1481 1939 1531 1974 cui
1554 1939 1670 1974 iustitia
1693 1939 1792 1985 magis
1813 1939 1898 1974 fave-

1151 1997 1208 2023 ret.
1237 1988 1291 2023 Ille
1317 2000 1408 2032 vero,
1443 1997 1556 2035 putans
1581 1988 1646 2023 suis
1676 1988 1795 2023 viribus
1822 2000 1897 2023 eum

1154 2049 1245 2085 posse
1277 2036 1461 2078 devincere,
1498 2050 1599 2072 meam
1626 2038 1814 2085 contempsit
1847 2050 1899 2073 re-

1153 2086 1367 2134 sponsionem.
1402 2087 1573 2134 Postquam
1600 2095 1703 2122 autem
1727 2087 1901 2134 praesensit

1154 2149 1186 2171 se
1214 2148 1277 2170 non
1305 2148 1408 2183 posse,
1431 2137 1511 2171 sicut
1534 2137 1680 2183 speravit,
1705 2148 1809 2183 agere,
1836 2136 1901 2171 duo

1155 2185 1307 2233 episcopi,
1329 2184 1538 2220 Yirdunensis
1561 2185 1705 2221 videlicet
1731 2194 1762 2221 et
1785 2184 1901 2220 Osem-

1155 2234 1333 2280 burgensis,
1361 2235 1399 2270 de
1420 2235 1641 2270 consentaneis
1668 2235 1744 2276 suis,
1765 2234 1901 2270 Romam

1156 2291 1326 2327 venerunt,
1359 2292 1389 2319 et
1412 2284 1442 2318 in
1465 2284 1585 2332 synodo
1607 2296 1644 2318 ex
1667 2292 1753 2332 parte
1775 2284 1903 2319 Henrici

1157 2345 1207 2367 me
1230 2340 1263 2367 ut
1289 2333 1316 2367 ei
1344 2333 1493 2368 iustitiam
1521 2334 1673 2374 facerem,
1702 2340 1903 2379 rogaverunt,

1158 2382 1241 2429 quod
1259 2390 1288 2416 et
1304 2383 1410 2417 nuncii
1429 2383 1588 2429 Rodnlphi
1604 2382 1671 2417 fieri
1687 2382 1904 2417 laudaverunt.

1207 2432 1227 2478 g
1258 2435 1290 2465 5.
1324 2432 1464 2466 Tandem
1506 2432 1662 2479 aspirante
1698 2431 1766 2466 Deo
1803 2432 1901 2475 (sicut

1160 2481 1275 2524 credo)
1310 2481 1403 2516 statui
1431 2481 1462 2515 in
1497 2481 1604 2516 eadem
1627 2479 1765 2528 synodo,
1789 2481 1820 2515 in
1840 2493 1895 2528 par

1162 2529 1245 2564 tibus
1279 2529 1521 2565 ultramontanis
1548 2530 1614 2565 fieri
1629 2529 1840 2576 colloquium,
1875 2538 1909 2564 ut

1162 2578 1224 2613 illic
1245 2587 1298 2613 aut
1321 2592 1378 2625 pax
1399 2587 1599 2623 statueretur,
1620 2587 1674 2614 aut
1701 2579 1750 2613 cui
1770 2579 1909 2627 amplius

1162 2628 1279 2663 iustitia
1301 2628 1428 2675 faveret,
1451 2637 1704 2676 cognosceretur.
1732 2628 1802 2676 Ego
1825 2629 1910 2665 enim

1915 259 1964 286 An.
1984 258 2012 287 C.
2031 258 2098 287 1080

1940 313 2052 333 Heni-icum
2075 318 2097 333 a·

1913 340 1953 360 tias
1966 339 2099 360 humitiatum

1921 367 1966 391 ipse
1994 365 2090 386 Pontifex

1914 392 2015 415 absolvit,
2030 394 2054 412 ut
2067 392 2100 412 in-

1914 422 1946 440 ter
1961 424 2008 439 enm
2025 420 2045 438 nt
2057 419 2100 444 epi-

1914 450 1990 470 scopos
2010 447 2030 465 et
2043 445 2100 471 prin-

1915 477 1973 498 cipes
1989 477 2028 497 pax
2043 476 2099 492 eom-

1915 500 2037 525 poneretur.

1950 1067 1995 1097 Sel
2018 1066 2108 1086 Hem-ico

1928 1099 2033 1120 promissa
2062 1098 2102 1113 uun

1923 1121 2058 1142 observante.
2072 1118 2109 1139 fuit
2123 1135 2126 1137 .

1923 1148 1950 1168 ab
1966 1147 2020 1168 illis.
2042 1146 2109 1166 inscio

1924 1174 1989 1199 Papa.
1999 1173 2079 1194 electus
2089 1172 2110 1192 'tn

1923 1199 2054 1247 ‘Sfissllui'm
2068 1198 2110 1245 ¹³81·

1925 1232 1996 1278 Papiaie
2021 1231 2111 1273 fiheltilu.

1925 1282 1968 1300 tem
1982 1279 2046 1300 vovit.

1950 1757 2034 1778 Henrici
2044 1759 2063 1777 et
2074 1756 2116 1777 Ro·

1931 1784 2003 1810 dulphi
2013 1789 2078 1804 cama
2088 1783 2116 1804 ad

1930 1812 2010 1858 {alapam
2029 1811 2115 1831 denta-

1960 1854 1964 1863 .

1961 2444 1999 2467 Qui
2010 2443 2037 2463 de
2049 2443 2089 2464 hoc
2100 2442 2120 2463 in

1936 2470 2047 2491 Germania
2078 2469 2120 2489 eol-

1942 2497 2036 2523 toquium
2068 2495 2114 2516 sieri

1936 2523 2016 2545 statuit:
2027 2522 2120 2548 illudque

1937 2549 2076 2575 impedientes
2085 2553 2121 2568 ex-

1936 2574 2106 2597 communicavit.

2173 2608 2175 2620 —
2172 2521 2178 2594 <ww
2154 685 2180 2513 &GMw—„⁴4
2164 668 2167 675 -
2164 650 2167 657 .
