2180 3205
42 265 92 293 An.
112 262 141 290 C.
158 260 226 290 1133

68 698 169 720 Nonnulla
183 697 225 718 alia

43 725 98 747 bona
140 729 225 745 enume—

43 753 114 773 rantur
135 752 156 771 nt
176 755 225 771 con-

41 778 156 800 limantur.

68 1078 148 1101 Sontas
176 1083 225 1100 con-

41 1105 154 1128 elusione—s.

54 1340 169 1363 iunocentii
185 1340 225 1362 PP.

42 1370 63 1390 ot
69 1367 93 1390 S.
101 1367 126 1389 tt.
133 1367 158 1389 E.
165 1367 223 1388 card,

41 1394 212 1421 abscriptiones.

873 251 1088 275 INNOCBN'TU'S
1112 252 1132 272 ΙΙ
1159 251 1203 273 vi.

1678 241 1747 271 507

256 313 407 348 ecclesiae
429 312 463 347 S.
487 311 628 347 Cassiani
651 309 882 345 doitotazrano
900 314 1008 340 ctom—
1050 306 1185 338 titiratus
1226 317 1297 338 γυνη
1339 305 1375 339 l).
1412 305 1585 339 lunai-eutii
1631 305 1735 352 Papae
1771 304 1797 339 ll

256 366 350 401 nibus
376 367 447 401 aliis
473 366 603 413 capellis
624 364 725 399 cidem
751 361 833 410 plebi
854 360 1008 407 pertinen·
1048 366 1129 387 amm
1160 366 1187 387 'X
1216 357 1271 395 (1)-

256 419 350 453 tibus.
385 418 427 454 Ut
453 428 559 454 autem
587 418 625 453 ad
654 417 920 463 complementum
956 425 1007 447 sc-

255 473 398 506 curitatis
423 484 479 506 seu
501 470 771 506 corroborationis
798 469 910 502 horum
937 479 1006 501 om-

255 527 342 560 nium
365 526 440 560 nihil
464 525 552 560 vobis
573 524 666 567 desit,
693 531 871 569 cunctaque
898 521 927 555 in
950 529 1007 554 ter-

255 579 372 614 ritoriis
399 579 629 626 praedictarum
658 577 811 624 plebium,
834 588 888 610 seu
913 574 1004 609 ctiam

254 633 332 668 infra
367 633 520 668 terminos
554 631 694 679 plebium
731 629 982 676 insi-apositarum
997 655 1005 669 ,

255 686 399 721 videlicet
422 685 522 732 plebis
543 685 582 719 de
604 685 748 724 Traiana,
772 683 873 730 plebis
894 682 932 715 de
953 681 1007 715 itt-

252 740 346 783 liana,
374 740 474 786 plebis
495 739 532 774 de
554 738 706 785 Tripallo‚
727 737 827 784 plebis
849 736 888 771 dc
915 735 1005 769 Gello

254 794 284 828 in
312 792 450 837 Colline⁷
483 791 582 839 plebis
609 791 648 826 de
671 790 807 834 Bibonc‚
842 789 944 836 plebis
965 788 1005 823 ‹le

254 847 412 884 Pararine,
439 858 520 893 quae
542 846 609 879 iure
637 843 836 890 proprietatis
858 842 894 876 ad
920 853 1006 888 prae-

252 900 346 935 fatam
368 899 514 934 Pisanam
538 895 712 932 Ecclesiain
735 897 905 944 pertinent,
927 907 1004 941 apo-

251 954 361 989 stoliea
384 953 472 988 vobis
492 952 679 987 auctoritate
704 952 881 985 firmamus:
919 949 1004 983 salvo

251 1006 400 1042 nimirum
424 1006 490 1041 iure
513 1005 594 1040 beati
621 1005 704 1039 Petri
732 1012 763 1039 et
789 1012 914 1038 sauctae
939 1003 1004 1037 tto-

250 1072 360 1095 manae
381 1059 552 1095 Ecclesiae.
575 1059 661 1093 Nulli
685 1058 781 1105 igitur
799 1057 928 1093 omuino
950 1056 1004 1091 lio-

249 1113 371 1148 minum
395 1113 440 1147 fas
466 1113 525 1151 sit,
556 1111 750 1158 praedictam
772 1111 919 1145 Pisanam
948 1110 1002 1144 Ec-

248 1166 377 1202 clesiam
400 1175 517 1201 temere
540 1165 736 1212 perturbare,
769 1174 821 1199 aut
847 1165 914 1199 eius
936 1176 1002 1211 pos-

249 1221 409 1256 sessiones
421 1219 554 1255 auserre.
570 1219 676 1266 Siqua
689 1218 784 1265 igitur
794 1225 852 1252 etc.
870 1217 1003 1252 Cunctis

249 1283 354 1310 autem
376 1282 435 1310 etc.
463 1275 579 1314 Amen,
605 1285 710 1313 amen,
732 1284 835 1307 amen.

299 1328 373 1364 Eoo
397 1327 614 1363 las-oceanus
642 1326 815 1362 catholicae
841 1325 1002 1360 Ecclesiae

251 1383 422 1430 episcopus
447 1394 489 1416 ss.

297 1435 367 1482 Ego
393 1433 616 1470 Theodevinus
637 1433 670 1469 S.
693 1433 829 1468 Rufinae
844 1432 941 1479 episc.
959 1445 1001 1467 ss.

297 1489 366 1535 Ego
379 1488 540 1524 Gerardus
555 1488 660 1536 presb.
677 1487 763 1523 card.
777 1487 823 1522 tit.
839 1486 874 1521 S.
890 1486 1003 1521 Crucis

249 1542 281 1578 in
307 1541 434 1578 Hierus.
457 1554 499 1577 ss.

298 1596 366 1643 Ego
387 1596 558 1631 Anselmus
579 1595 683 1644 presb.
707 1594 792 1630 card.
809 1594 857 1628 tit.
874 1593 908 1629 S.
923 1593 1004 1628 Lau-

249 1657 341 1685 rentii
367 1662 410 1685 ss.

299 1703 368 1751 Ego
389 1703 575 1738 Gotifredus
594 1703 696 1749 presb.
717 1701 803 1737 card.
820 1701 866 1736 tit.
885 1701 943 1736 S...
959 1714 1001 1737 ss.

298 1758 367 1804 Ego
393 1757 496 1792 Lucas
525 1758 629 1805 presb.
667 1756 752 1792 card.
777 1755 828 1790 Ss.
854 1755 1004 1791 Iohannis

249 1819 281 1848 et
301 1811 392 1847 Pauli
419 1824 462 1846 ss.

298 1865 368 1912 Ego
389 1865 442 1900 Ivo
457 1865 538 1900 diac.
556 1864 640 1899 card.
669 1863 704 1899 S.
729 1863 845 1898 Mariae
861 1862 890 1897 in
907 1863 1003 1909 Aqui-

252 1931 288 1954 ro
309 1931 351 1954 ss.

297 1972 366 2019 Ego
392 1971 567 2019 Gregorius
589 1972 670 2006 diac.
704 1970 789 2006 card.
817 1970 869 2005 Ss.
899 1969 1002 2018 Sergii

251 2033 283 2061 et
308 2024 428 2060 Bacchi
456 2037 498 2060 ss.

299 2079 369 2126 Ego
377 2077 488 2113 Guido
502 2078 654 2113 diaconus
667 2077 752 2112 card.
766 2076 800 2112 S.
817 2077 946 2112 Adriani
961 2090 1003 2112 ss.

300 2132 370 2179 Ego
392 2132 533 2168 Ubaldus
554 2132 635 2167 diac.
660 2132 744 2166 card.
773 2130 807 2165 S.
832 2131 949 2166 Mariae
972 2132 1003 2166 in

201 2215 203 2218 .
251 2186 310 2222 Via
331 2186 408 2222 Lata
425 2199 467 2221 ss.

298 2240 369 2288 Ego
390 2239 618 2288 Chrysogonus
646 2238 725 2273 diac.
753 2237 838 2272 card.
868 2237 1005 2272 Sanctae

253 2293 370 2330 Mariae
397 2293 426 2328 in
447 2292 575 2327 Porticu
598 2305 640 2327 ss.
950 2306 952 2309 ·

302 2346 371 2393 Ego
401 2345 585 2381 Bernardus
624 2344 729 2393 presb.
771 2345 855 2380 card.
890 2345 924 2378 tit
969 2344 1003 2379 S.

253 2400 452 2448 Chrysogoni
480 2412 522 2434 ss.

303 2454 420 2489 Datum
445 2454 528 2501 apud
565 2452 758 2500 Campilium
794 2464 849 2499 per
877 2463 1004 2486 manum

253 2508 413 2556 Aymerici
448 2507 483 2542 S.
529 2506 689 2541 Romanae
722 2505 884 2540 Ecclesiae
924 2504 1005 2539 diac.

255 2561 355 2603 card„
377 2573 417 2596 111
438 2573 537 2596 nonas
559 2560 674 2599 martii,
702 2560 809 2594 indict.
834 2570 886 2602 xv,
909 2559 1008 2592 incar-

258 2611 392 2647 nationis
421 2610 600 2646 dominicae
627 2620 709 2644 anuo
735 2619 897 2648 mcxxxiii,
925 2618 1007 2654 pon-

1109 409 1167 438 liat.
1191 410 1236 439 ‹lit-
1255 411 1272 437 ἴ)
1292 411 1385 440 inartii
1409 421 1484 440 anuo
1508 410 1620 440 llomini
1648 410 1738 449 ¹¹33,

1300 454 1399 493 pontis.
1419 465 1494 484 :intio
1512 464 1547 485 tx.

1366 586 1480 620 XXVI.

1050 661 1250 704 l'mtfirmnlin
1273 662 1420 694 (mitorum
1440 663 1573 695 munium
1597 664 1639 694 ar!
1660 670 1795 694 sanctam

1072 710 1253 743 fesulanam
1284 711 1449 743 Ecclesiam
1475 712 1686 754 pertinentiam
1715 715 1770 755 «2).

1311 782 1523 813 St'MMMtttltt

1045 842 1235 872 Prsia-mium.
1253 861 1292 865 —
1311 843 1386 872 Bona
1411 845 1518 881 omnia,
1537 845 1571 873 ad
1593 845 1666 874 lianc
1689 845 1794 875 Eccle-

1085 888 1156 915 sium
1189 888 1361 925 spot-tantia,
1383 887 1478 917 eidem
1511 890 1739 918 confirmamur:
1757 907 1796 912 -

1085 930 1114 960 ln
1135 931 1243 970 quibus
1264 932 1405 961 nonnulla
1429 932 1613 962 adnotantur.
1630 951 1669 955 —
1691 934 1794 964 Det-re-

1085 979 1144 1004 tum
1166 976 1362 1005 immunitatis
1382 986 1447 1005 cum
1472 977 1567 1006 solitis
1586 978 1738 1007 clausulis.
1757 996 1796 1001 —

1084 1019 1185 1049 Iunoc.
1203 1019 1256 1049 PP.
1275 1025 1303 1050 et
1320 1020 1347 1050 S.
1367 1020 1399 1050 [t.
1415 1020 1492 1050 Eccl.
1512 1022 1706 1050 cardinalium
1725 1023 1796 1052 sub-

1085 1063 1273 1102 scriptiones.

1043 1128 1191 1158 Innocentius
1212 1130 1424 1168 episcopusservus
1445 1139 1560 1159 seriorum
1589 1130 1640 1168 Dei,
1668 1131 1793 1162 t'riieralnist

1082 1172 1145 1202 [ratri
1161 1173 1255 1202 loliauni
1274 1173 1386 1202 fesulano
1409 1175 1524 1212 episcopo,
1546 1174 1640 1212 eiusque
1658 1178 1793 1206 sticcrssori-

1083 1217 1124 1247 bus
1146 1218 1285 1256 regulariter
1301 1218 1476 1256 substituendis,
1496 1220 1517 1247 in
1536 1223 1680 1257 perpetutuu.

1094 1283 1125 1317 ln
1149 1284 1300 1318 eminenti
1323 1284 1524 1330 Apostolicae
1540 1284 1632 1319 Sedis
1654 1285 1792 1332 specula,

1044 1332 1232 1380 disponente
1271 1332 1426 1373 Domino,
1461 1334 1642 1378 constituti,
1684 1335 1793 1369 fratres

1045 1390 1168 1416 nostros
1184 1382 1314 1428 diligere
1331 1383 1507 1429 episcopos,
1522 1391 1552 1416 et
1568 1382 1717 1418 Ecclesiis
1732 1383 1790 1418 sibi

1044 1444 1058 1465 a
1081 1431 1149 1465 Deo
1171 1432 1348 1466 commissis
1363 1444 1450 1466 suam
1470 1431 1623 1466 debemus
1644 1433 1791 1467 iustitiam

1044 1493 1240 1515 conservare.
1269 1480 1423 1519 Proinde,
1456 1481 1617 1516 carissime
1644 1481 1736 1516 frater
1761 1482 1792 1516 in

1044 1529 1172 1565 Christo
1211 1530 1369 1564 Iohannes
1403 1530 1568 1577 episcope,
1608 1531 1671 1565 tuis
1705 1532 1794 1565 iustis

1045 1578 1310 1626 postulationibus
1344 1579 1515 1614 clementer
1548 1580 1729 1620 annuimus,
1763 1588 1793 1614 et

1044 1636 1184 1663 sanctam
1212 1628 1399 1662 Fesulanam
1428 1628 1620 1671 Ecclesiam,
1652 1630 1702 1663 cui
1734 1641 1793 1663 au-

1044 1686 1129 1713 ctore
1156 1678 1292 1712 Domino
1314 1690 1449 1725 praeesse
1473 1677 1681 1725 dignosceris,
1707 1679 1794 1724 Apo-

1079 1748 1118 1782 (1)
1136 1748 1317 1774 Innocentium
1335 1749 1384 1774 PP.
1403 1751 1461 1782 post
1478 1748 1628 1779 concilium,
1650 1748 1794 1775 Placentiae

1045 1787 1173 1818 habitum⁷
1190 1795 1259 1814 anno
1279 1788 1344 1814 1152
1365 1788 1436 1814 Pisas
1451 1796 1479 1814 se
1495 1788 1646 1819 contulisse,
1675 1788 1717 1814 ubi
1742 1788 1794 1814 alio

1044 1831 1135 1854 coacto
1151 1827 1260 1853 concilio
1276 1835 1345 1854 anno
1361 1827 1394 1862 (si
1413 1828 1534 1861 velimus)
1546 1828 1678 1862 sequenti,
1693 1827 1732 1854 vel
1744 1828 1796 1853 sal-

1045 1871 1096 1893 tem
1112 1867 1187 1898 1154,
1199 1867 1316 1893 Pisanam
1333 1868 1467 1894 civitatem
1484 1871 1507 1894 ct
1527 1868 1653 1894 [bertum
1665 1867 1794 1902 archiepi-

1045 1915 1154 1941 scopum
1176 1906 1447 1934 honorificentissimis
1472 1907 1626 1934 honestasse
1641 1907 1794 1942 privilegiis,

1046 1949 1158 1972 testatur
1175 1947 1304 1973 Baronius
1319 1946 1351 1972 ad
1372 1954 1470 1972 aunum
1490 1947 1564 1976 1¹52,
1579 1946 1623 1972 sed
1635 1946 1741 1972 allatum
1755 1946 1796 1972 liic

1045 1985 1159 2020 diploma
1176 1984 1236 2020 (nisi
1247 1986 1446 2020 supposititium
1463 1986 1569 2012 omnino
1581 1985 1624 2019 sit)
1646 1985 1795 2019 suspicione

1046 2034 1098 2052 non
1115 2029 1197 2056 caret,
1216 2026 1372 2060 praesertim
1388 2026 1408 2051 si
1425 2025 1619 2060 perpendamus
1632 2029 1707 2051 notas
1717 2024 1795 2050 chro-

1046 2065 1178 2099 nologicas
1193 2065 1228 2091 ita
1245 2073 1291 2100 per
1307 2073 1364 2091 sese
1375 2065 1512 2099 implicari,
1527 2068 1555 2090 ut
1569 2065 1612 2090 vix
1626 2064 1705 2099 possit
1717 2064 1796 2098 quid-

1046 2113 1126 2140 quam
1142 2106 1244 2131 coniici.
1257 2105 1307 2131 Sed
1324 2105 1428 2131 saeculo
1441 2113 1458 2130 x
1473 2108 1496 2130 et
1508 2104 1613 2130 duobus
1624 2104 1796 2138 sequentibus

1046 2145 1198 2176 monachos,
1226 2144 1451 2178 ecclesiarumque
1477 2143 1657 2178 praepositos,
1685 2143 1796 2168 multum

1045 2185 1212 2211 adlabores-se
1232 2185 1257 2210 in
1275 2184 1402 2218 fingendis
1421 2192 1469 2210 suo
1486 2183 1558 2209 libito
1575 2182 1726 2217 privilegiis,
1738 2183 1797 2216 quis

1046 2225 1163 2259 ignorat?
1182 2224 1274 2258 Neque
1296 2232 1369 2254 vero,
1389 2223 1454 2248 utin
1471 2222 1632 2256 praefatione
1648 2225 1712 2246 tom.
1732 2221 1797 2247 iad-

1047 2265 1207 2294 notavimus,
1223 2271 1293 2298 quae
1312 2262 1372 2288 huic
1392 2262 1536 2288 collectioni
1563 2262 1724 2287 inseruimus
1751 2261 1796 2286 (li-

1047 2304 1170 2338 plomata,
1189 2302 1265 2329 fidem
1277 2310 1292 2328 a
1304 2302 1377 2328 nobis
1391 2304 1515 2328 maiorem
1533 2301 1645 2327 velimus
1655 2301 1796 2335 accipiant,

1046 2351 1125 2377 quam
1138 2348 1213 2368 antea
1226 2342 1373 2368 habuerint.
1387 2341 1412 2366 Si
1424 2341 1466 2366 cui
1476 2340 1614 2366 utilitatem
1624 2340 1702 2366 ullam
1715 2341 1798 2374 pariat

1048 2383 1106 2414 hoc,
1123 2382 1193 2416 quod
1211 2382 1243 2407 ab
1260 2381 1377 2415 L'gliellio
1394 2381 1493 2406 editum
1511 2379 1795 2414 retulimtis,(liploma,

1047 2423 1081 2448 ita
1099 2427 1193 2457 poterit
1211 2422 1348 2454 et'tingere:
1367 2421 1429 2445 Dal.
1448 2423 1495 2444 erc.
1513 2420 1529 2445 5
1545 2427 1608 2444 ηοη.
1626 2421 1729 2450 martii,
1752 2422 1796 2444 in-

1047 2465 1108 2488 dict.
1132 2470 1149 2488 1.
1170 2465 1232 2492 etc„
1252 2460 1292 2487 vel
1311 2462 1372 2486 Dal.
1394 2464 1441 2485 etc.
1459 2459 1476 2484 5
1498 2467 1560 2485 nou.
1582 2461 1794 2490 m‹1›·11'i‚in.licl.

1048 2509 1097 2532 xit,
1116 2502 1305 2526 incarnationis
1325 2502 1468 2525 ‹toniinicae
1493 2507 1563 2524 anno
1590 2499 1674 2527 11571.
1699 2498 1796 2531 pontis.

1048 2549 1108 2566 tero
1125 2541 1157 2566 D.
1181 2540 1272 2565 Innoc.
1307 2540 1393 2571 Papae
1418 2539 1445 2564 ΙΙ
1481 2547 1551 2563 anno
1577 2546 1602 2563 v.
1643 2537 1681 2572 (Ξ)
1709 2537 1798 2563 Edidit.

1048 2579 1161 2613 [glum.
1180 2579 1236 2605 ltal.
1250 2578 1321 2610 Sec„
1339 2582 1402 2605 tom.
1422 2585 1452 2610 u,
1471 2577 1514 2604 ubi
1536 2577 1568 2604 de
1593 2577 1724 2612 episcopis
1743 2577 1796 2604 Fe-

1048 2620 1157 2645 sulams.

1817 261 1865 289 An.
1887 262 1915 289 C.
1936 264 2002 291 1133

1844 1306 1968 1326 ementium.
