2180 3205
153 260 203 287 An.
223 259 253 287 C.
268 259 335 287 1091

182 2287 319 2308 ‘sarracena'
316 2293 344 2308 in-

164 2316 196 2334 tei-
224 2314 340 2334 nobiliores

171 2340 324 2365 Hispaniarum

170 2366 242 2388 iii-bes.

417 252 486 285 15ss

363 316 478 356 sciens,
506 323 613 350 contra
642 327 710 350 eam
738 322 855 349 temere
879 315 984 350 venire
1015 323 1117 350 tenta-

367 366 463 410 verit,
498 364 640 399 secundo
672 364 802 399 tertiove
829 364 1058 407 commonitus,
1093 365 1118 398 si

366 427 429 449 non
464 414 677 448 satisfactione
714 425 853 459 congrua
890 414 1117 455 emendaverit,

365 475 437 497 euni
459 463 590 497 lionoris
619 463 667 497 sui
699 471 729 497 et
758 462 850 497 officii
874 463 1014 509 periculo
1041 462 1118 497 sub-

366 513 466 547 iacere
484 512 699 554 decernimus,
721 520 752 546 et
766 524 781 546 a
798 511 929 551 Christi,
952 520 1045 559 atque
1060 512 1119 546 Ec—

366 560 479 596 clesiae
499 573 632 608 corpore
653 561 842 596 authoritate
866 563 1028 608 potestatis
1047 573 1118 608 apo-

364 609 493 645 stolicae
521 623 736 658 segregamus.
764 610 1033 645 Coiiservantibus
1062 623 1118 645 au-

367 668 429 693 tem
452 672 512 707 pax
540 672 556 694 a
585 660 652 695 Deo
674 669 704 695 et
735 660 949 694 misericordia
973 672 1118 707 praesen-

364 708 449 743 tibus
495 721 530 743 ac
578 709 691 744 futuris
734 709 868 744 saeculis
904 718 1116 744 conseretur

365 757 483 802 Amen,
510 770 614 799 amen,
636 771 738 794 amen.
767 758 929 813 Scriptum
963 770 1016 804 per
1051 771 1118 793 nia-

364 820 423 841 iius
444 807 611 843 Lanfrauci
639 808 751 842 notarii
778 808 858 842 sacri
886 807 1004 854 palatii.

413 856 529 891 Datum
559 857 731 892 Beuetenti
768 870 822 903 pei·
856 869 968 891 manus
989 856 1117 891 Ioannis

364 905 398 940 S.
420 905 460 940 R.
483 905 520 940 E.
544 906 668 941 diaconi
692 906 776 940 card.
800 918 883 940 anno
911 905 1037 940 Doinin.
1069 906 1118 939 in-

364 967 450 989 carn.
475 967 574 998 mxci,
610 955 675 989 ind.
708 967 779 999 xiv,
801 955 861 989 kat.
895 955 1003 1002 aprilis
1035 967 1119 989 anno

365 1004 565 1051 pontificatus
587 1004 625 1039 D.
648 1004 766 1039 Urbani
791 1004 854 1038 PP.
879 1004 906 1038 ΙΙ
929 1016 973 1038 tv.

423 1061 483 1091 Dat.
504 1062 550 1091 die
574 1062 586 1091 Ι
612 1062 714 1100 aprilis
732 1070 809 1091 anno
827 1060 943 1091 Domini
969 1061 1058 1097 1091,

612 1101 715 1140 pontis.
735 1110 811 1130 anno
834 1109 870 1130 iv.

720 1247 760 1282 X.

367 1325 607 1359 Tarraconensis
634 1325 783 1364 Ecclesia,
810 1324 930 1357 civitate
958 1334 1052 1367 nuper
1080 1324 1118 1356 ab

415 1376 633 1419 Ayarenorum
659 1375 801 1407 manibus
826 1375 993 1411 vindicata,
1022 1374 1118 1406 Auso-

414 1436 483 1457 nen.
523 1423 669 1468 episcopis
703 1423 915 1460 committitur,
949 1423 1118 1466 usquedum

415 1474 547 1518 pristino
565 1474 660 1506 statui
674 1484 711 1506 ac
724 1473 883 1517 splendori
891 1472 1039 1505 reddatur
1055 1472 1116 1513 (l).

631 1554 846 1585 SUMM.t1tttJ.tt

365 1620 531 1651 Tarracona
545 1620 790 1650 internobiliores
802 1618 1008 1658 Hispaniarum
1030 1619 1118 1649 urbes

402 1677 442 1683 -
459 1661 502 1690 Ab
522 1662 563 1698 Ag
566 1669 724 1689 arenorum
754 1659 891 1688 manibus
923 1658 1058 1694 liberata,
1079 1675 1118 1682 --

402 1700 436 1730 Et
453 1699 482 1730 S.
500 1670 586 1729 Petgro
613 1708 665 1739 per
686 1707 817 1728 annuum
851 1707 974 1728 censuu.
999 1682 1115 1728 doiifflita

401 1739 626 1777 ——Privilegia‚
643 1739 862 1777 libertatesque,
899 1738 939 1767 illi
972 1747 986 1766 3
1010 1737 1118 1768 Beren-

402 1779 483 1817 gario
501 1779 607 1808 comite
625 1787 780 1814 concessa,
803 1783 863 1807 rata
891 1777 1047 1807 habentur.
1078 1795 1118 1800 —

402 1819 485 1849 Illius
504 1818 635 1848 Ecclesia
651 1817 839 1856 Berengario,
866 1826 899 1846 ac
932 1819 1118 1847 successori-

402 1858 459 1888 bus
474 1859 623 1888 Ausonen.
646 1858 794 1903 episcopis
813 1866 863 1895 reg
849 1857 941 1886 ⁰enda
960 1859 1118 1887 committi-

404 1903 469 1936 tur,
491 1898 659 1938 usquedum
691 1898 815 1937 pristino
845 1897 995 1936 splendori
1031 1899 1117 1926 resti-

404 1943 512 1968 tuatur.
532 1955 572 1961 —
588 1937 674 1967 Pallii
693 1947 776 1967 usus.
787 1936 917 1966 ——Bona
929 1936 964 1966 ab
977 1945 1009 1966 ea
1021 1936 1114 1966 ablata

403 1978 497 2008 eidem
518 1978 678 2008 reddenda.
695 1994 736 1999 —
752 1976 918 2007 Clausulae

364 2048 487 2077 urbanus
506 2048 646 2085 episcopus
666 2055 760 2076 servus
784 2054 923 2076 servorum
946 2046 1001 2079 Dei.
1019 2046 1118 2074 dilecto

407 2093 493 2122 fratri
510 2094 672 2129 Bet-angaria
684 2094 830 2121 ausonensi
844 2092 967 2127 episcopo
980 2092 1007 2119 in
1019 2091 1117 2119 ‘tarra-

409 2145 549 2167 conensem
568 2138 740 2174 metropolim
760 2137 908 2169 translato,
923 2137 1033 2171 eiusque
1058 2143 1116 2164 suc·

409 2183 562 2212 cessortbus
581 2183 706 2211 canonice
731 2182 939 2214 substituendis.
965 2181 993 2208 in
1024 2187 1116 2216 perpe-

409 2229 497 2256 tuum.

414 2290 499 2325 Inter
526 2291 643 2338 primas
672 2290 898 2345 Hispaniarum
929 2288 1023 2323 urbes
1045 2287 1119 2323 Tar-

367 2351 513 2375 raconem
551 2340 646 2375 fu¹sse
681 2351 836 2394 ¹¹¹S¹3nem
878 2346 908 2373 et
949 2337 1141 2384 genulem
1110 2366 1117 2379 '
1137 2353 1141 2401 l
1158 2365 1247 2398 garius
1262 2371 1351 2390 comes
1363 2363 1523 2398 praedictus.
1535 2370 1626 2389 amore
1638 2363 1684 2389 Dei
1695 2362 1802 2395 ductus,
1814 2363 1913 2390 donavi

1137 2406 1142 2446 ᾖ
1159 2404 1271 2430 Domino
1286 2404 1350 2435 Deo,
1367 2408 1393 2430 et
1418 2403 1599 2437 apostolorum
1627 2402 1736 2437 principi
1760 2402 1912 2430 beatissimo

367 2389 461 2423 etiam
478 2390 666 2424 christianae
690 2391 819 2435 paginae
841 2387 967 2423 iudiciis
990 2387 1118 2422 demon-

964 262 1062 284 BELLA
1069 262 1150 283 tucn
1178 261 1340 283 ttOMANt‘M

1162 314 1326 349 hensihilis
1361 314 1531 356 habeatur,
1572 315 1602 349 in
1640 315 1726 350 nullo
1761 328 1910 362 umquam

1162 364 1240 399 ralet
1266 364 1522 410 reprehensibilis
1545 364 1696 399 extimari.
1721 364 1791 411 lpse
1813 373 1912 400 trans-

1161 413 1218 448 fert
1247 425 1359 459 regna,
1381 422 1410 447 et
1431 421 1528 447 mutat
1548 422 1704 461 tempora:
1729 414 1787 461 ipsi
1808 415 1909 449 visum

1160 463 1262 497 estin
1291 462 1400 497 eadem
1440 462 1518 497 urbe
1556 462 1630 497 olim
1666 462 1911 499 Tarraconensis

1161 511 1247 546 urbis
1268 511 1399 558 gloriam
1427 511 1580 547 exaltare:
1605 512 1665 559 ipsi
1688 513 1788 547 visum
1812 514 1909 548 estin

1159 540 1286 595 eademD
1301 561 1378 596 urbe
1407 569 1533 607 peccata
1563 561 1670 608 populi
1693 561 1741 596 sui
1771 562 1906 597 visitare.

1159 609 1238 644 Cum
1272 610 1354 644 enim
1379 611 1409 644 in
1436 623 1470 645 ea
1499 610 1741 645 cliiistianorum
1774 611 1912 659 populus

1159 659 1325 700 habitaiffet
1349 660 1494 694 ιί5ἰι3νίῑ
1506 659 1537 694 in
1561 660 1646 706 viiga
1670 660 1849 707 iniquitates
1862 673 1910 696 eo·

1161 721 1241 750 rum,
1264 717 1293 743 et
1308 709 1338 743 iu
1359 708 1542 744 verberibus
1561 717 1684 756 peccata
1707 722 1827 745 eorum.
1846 710 1910 745 Sed

1159 770 1232 792 ecce
1266 770 1326 793 iam
1362 766 1526 793 transactis
1560 766 1707 794 trecentis
1741 760 1910 806 nonaginta

1159 807 1261 851 anuis,
1283 820 1321 842 ex
1343 820 1405 855 quo
1428 808 1595 855 praefatam
1620 808 1731 844 urbem
1752 809 1912 855 Agareuo-

1161 869 1229 890 ruin
1257 869 1333 902 gens
1362 869 1459 904 prope
1480 857 1649 892 solitaiiam
1679 858 1805 899 fecerat
1830 859 1910 906 prin-

1159 905 1264 952 cipum
1288 918 1363 940 suoi
1367 919 1419 940 um
1434 906 1604 941 cordibus
1599 907 1750 963 inspirare
1765 907 1911 954 dignatus

1160 963 1217 994 est,
1246 962 1278 988 ut
1304 955 1446 990 eiusdem
1476 956 1562 990 urbis
1590 957 1776 992 restitutioni
1800 969 1911 992 secun-

1161 1003 1235 1037 dum
1261 1014 1462 1050 praeceptum
1499 1005 1699 1052 Apostolicae
1720 1006 1829 1047 Sedis,
1856 1007 1908 1042 cui

1160 1053 1344 1088 auctoritate
1359 1052 1429 1093 Dei,
1452 1055 1521 1089 licet
1543 1055 1664 1101 indigui
1682 1056 1908 1102 praesidemus,

1161 1102 1350 1137 insisterent.
1373 1103 1585 1149 Berengarius
1605 1105 1760 1150 siquidem
1785 1105 1910 1140 Barchi-

1162 1152 1313 1186 nonensis
1339 1164 1457 1193 comes,
1484 1153 1674 1188 auctoritatis
1701 1162 1826 1189 nostrae
1845 1164 1910 1201 per·

1161 1201 1307 1235 suasione
1334 1201 1564 1240 commonitus
1593 1215 1649 1250 pro
1682 1204 1807 1238 animae
1833 1216 1909 1239 suae

1160 1249 1277 1290 salute,
1312 1263 1383 1285 cum
1411 1263 1486 1286 suae
1522 1252 1684 1307 potestatis
1711 1253 1911 1299 magnatibus

1161 1311 1223 1333 non
1241 1300 1342 1334 solum
1365 1301 1552 1335 restitutioni
1573 1301 1736 1356 praefatae
1759 1302 1872 1337 urbis
1866 1315 1912 1337 in·

1160 1349 1257 1389 sistit;
1287 1349 1342 1384 sed
1371 1358 1400 1384 et
1428 1350 1534 1384 urbem
1572 1351 1689 1398 ipsam,
1717 1359 1748 1386 et
1780 1364 1908 1387 omnem

1160 1410 1233 1433 suae
1246 1400 1420 1453 potestatis
1443 1408 1572 1440 terram,
1602 1400 1637 1434 B.
1661 1400 1755 1435 Petro
1777 1401 1910 1448 eiusque

1161 1447 1282 1482 vicariis
1303 1448 1393 1494 legali
1417 1448 1620 1495 stipulatione
1649 1449 1797 1491 tradidit,
1830 1463 1910 1485 cen-

1159 1509 1294 1544 sumque
1328 1498 1469 1545 quinque
1500 1498 1649 1533 librarum
1671 1500 1792 1546 argenti
1816 1500 1910 1535 [ate—

1161 1546 1282 1580 ranensi
1308 1547 1422 1593 palatio
1447 1548 1616 1594 quotannis
1642 1548 1830 1583 solvendum
1859 1549 1910 1584 in-

1158 1597 1278 1630 stituit
1274 1600 1331 1640 Ι).
1366 1596 1429 1631 Nos
1463 1598 1584 1644 itaque,
1616 1605 1793 1645 praestante
1820 1598 1907 1639 Deo,

1194 1687 1232 1722 (t)
1253 1688 1330 1714 luvat
1356 1688 1397 1715 liic
1422 1688 1520 1715 referre
1537 1690 1742 1716 instrumentum
1758 1689 1911 1717 donationis

1158 1726 1239 1754 sactae
1249 1727 1282 1754 de
1297 1729 1405 1755 civitate
1420 1729 1612 1756 Tarraconensi
1628 1730 1762 1756 Romanae
1778 1730 1910 1757 Ecclesiae

1157 1774 1171 1792 a
1200 1768 1356 1802 Berengario
1386 1769 1481 1795 comite
1501 1769 1705 1801 Barcinonensi,
1731 1777 1800 1797 anno
1828 1771 1906 1802 ¹090,

1157 1807 1282 1841 quodque
1294 1808 1571 1841 praeterllarduinum
1582 1813 1608 1835 et
1619 1809 1754 1836 Labbeum
1767 1811 1792 1836 in
1809 1811 1907 1837 Conci-

1158 1846 1252 1873 liorum
1269 1847 1390 1878 Collect.,
1406 1851 1432 1874 et
1448 1848 1603 1875 Gretserum
1620 1849 1713 1884 imper.
1730 1850 1756 1876 S.
1771 1851 1803 1876 Α.
1821 1851 1910 1876 muni-

1158 1886 1259 1913 ficentia
1276 1894 1334 1921 pag.
1356 1888 1389 1913 55
1415 1887 1513 1921 publici
1527 1888 1592 1914 iuris
1616 1888 1686 1915 fecit.
1708 1889 1854 1916 Cardinalis
1878 1889 1911 1916 de

1159 1927 1270 1961 Aguirre
1286 1927 1379 1953 concii.
1398 1927 1507 1962 Hispan.
1526 1931 1590 1954 tom.
1603 1935 1643 1959 ιιι,
1655 1936 1714 1962 pag.
1727 1929 1789 1960 ⁹290,
1802 1933 1827 1955 et
1837 1929 1911 1964 quod

1157 1966 1190 1993 ab
1206 1966 1312 1993 Urbano
1330 1968 1354 1992 in
1375 1974 1454 2001 super
1469 1967 1547 1994 allato
1572 1976 1621 2002 pro
1647 1968 1758 1995 Ecclesia
1781 1969 1911 1996 Tarraco-

1159 2008 1231 2033 nensi
1248 2007 1390 2040 diplomate
1410 2006 1542 2033 laudatur.

1194 2058 1206 2069 a
1225 2046 1356 2079 Quoniam
1373 2046 1535 2079 audivimus,
1555 2055 1655 2074 necnon
1666 2048 1745 2075 etiam
1756 2048 1912 2083 saepissime

1159 2087 1274 2113 vidimus
1291 2094 1333 2113 res
1349 2088 1417 2113 verti
1434 2087 1458 2113 in
1475 2088 1640 2113 contrarium
1657 2087 1770 2114 mortuis
1782 2087 1909 2120 testibus3

1158 2127 1348 2161 principalibus
1359 2147 1365 2157 ,
1392 2129 1415 2152 et
1442 2126 1647 2160 sapientioribus
1672 2126 1789 2161 placuit,
1816 2130 1844 2152 ut
1869 2134 1912 2153 res

1157 2169 1245 2200 gestas
1262 2166 1356 2192 litteris
1375 2164 1541 2197 denotarent,
1564 2170 1590 2192 et
1615 2166 1650 2192 ita
1670 2166 1806 2200 quomodo
1822 2174 1865 2193 res
1883 2174 1912 2193 se

1160 2206 1250 2232 habuit
1275 2210 1388 2240 posteris
1413 2205 1468 2231 suis
1493 2205 1637 2231 traderent.
1665 2206 1837 2240 Quapropter
1863 2213 1912 2240 ego

1158 2246 1333 2280 Berengarius
1358 2244 1500 2271 Raimundi
1524 2252 1614 2271 comes
1642 2244 1862 2272 Barchinonensis
1885 2248 1912 2271 et

1159 2284 1276 2311 marchio
1293 2285 1358 2311 hanc
1374 2284 1493 2311 chartam
1508 2284 1589 2310 scribi
1606 2284 1679 2316 iussi,
1698 2289 1726 2310 ut
1741 2293 1843 2319 semper
1853 2289 1911 2312 sta-

1136 2329 1200 2351 ·ret
1217 2332 1343 2351 memoria
1363 2324 1443 2351 huius
1460 2324 1511 2356 rei;
1528 2324 1642 2350 scilicet:
1662 2323 1733 2358 quod
1746 2331 1794 2358 ego
1812 2324 1913 2351 Beren-

368 2446 476 2472 strant.
501 2438 607 2473 Iustus
624 2447 728 2472 autem
745 2437 901 2472 Dominus
917 2439 947 2471 ln
968 2438 1023 2471 viis
1040 2439 1117 2480 suis,
1137 2452 1142 2480 t
1161 2444 1247 2473 Petro.
1265 2445 1374 2477 eiusque
1391 2444 1493 2470 Vicario
1512 2444 1643 2469 Romanae
1659 2442 1734 2469 Sedis
1749 2443 1911 2477 Apostolico,

368 2495 400 2521 et
433 2496 559 2521 sanctus
594 2489 624 2521 in
662 2487 812 2522 omnibus
846 2486 996 2532 operibus
1030 2487 1118 2525 suis,

368 2536 422 2583 qui
444 2548 515 2571 cum
540 2538 569 2570 in
595 2536 753 2583 plerisque
787 2537 912 2570 iudiciis
939 2537 1119 2581 incompre-

406 2607 444 2640 (t)
461 2606 500 2633 Ex
516 2605 615 2633 Concil.
633 2609 697 2648 tom.
715 2613 775 2638 xiii,
791 2611 818 2634 et
833 2614 867 2634 ex
883 2604 1143 2640 Concil.1{ispan'

370 2646 450 2676 eard.
467 2647 536 2682 d'A¹³
527 2646 619 2674 uirre.

1159 2491 1264 2510 omnem
1283 2491 1369 2510 meum
1387 2484 1513 2509 honorem
1530 2483 1574 2517 qui
1593 2482 1653 2508 milii
1670 2483 1796 2517 competit
1811 2490 1845 2509 eit
1857 2483 1914 2510 iure

1160 2530 1282 2558 paterno,
1300 2523 1522 2558 quemadmodum
1538 2530 1586 2557 ego
1602 2522 1680 2548 divisi
1691 2530 1751 2548 cum
1765 2522 1913 2549 Raiinundo

1162 2565 1317 2597 Berengario
1337 2563 1416 2590 fraite
1443 2571 1512 2594 meo,
1528 2565 1598 2589 sicut
1617 2570 1664 2597 ego
1681 2570 1741 2589 eum
1759 2562 1853 2595 liabeo,
1872 2562 1913 2589 vel

1162 2604 1257 2628 haum
1274 2604 1356 2629 istest>
1385 2604 1535 2637 Specmliter
1563 2603 1632 2628 (lv-inu
1649 2604 1670 2628 ci
1699 2612 1722 2627 ni
1742 2603 1785 2629 Dei
1808 2602 1914 2629 nomine

1161 2644 1383 2670 Taiiaconcnscni
1402 2651 1494 2670 urncin
1518 2650 1579 2670 cuin
1603 2645 1727 2669 ominbus
1745 2650 1814 2678 quae
1830 2642 1914 2679 perti-

1933 256 1983 283 An.
2004 256 2032 284 C.
2049 257 2112 285 ¹091

1961 712 1991 733 Ab
2010 714 2121 738 Agareno-

1943 745 1988 760 rum
2015 739 2111 761 manibus

1936 765 2034 791 liberata,

1946 1354 1973 1375 Et
1983 1354 2075 1375 &Petro
2084 1359 2124 1380 por

1938 1387 2029 1402 annuum
2037 1386 2123 1402 censum

1939 1409 2026 1429 donata.
