<?xml version="1.0" encoding="UTF-8"?>
<!DOCTYPE html PUBLIC "-//W3C//DTD XHTML 1.0 Transitional//EN"
    "http://www.w3.org/TR/xhtml1/DTD/xhtml1-transitional.dtd">
<html xmlns="http://www.w3.org/1999/xhtml" xml:lang="en" lang="en">
 <head>
  <title>
</title>
<meta http-equiv="Content-Type" content="text/html;charset=utf-8" />
  <meta name='ocr-system' content='tesseract 3.04.00' />
  <meta name='ocr-capabilities' content='ocr_page ocr_carea ocr_par ocr_line ocrx_word'/>
</head>
<body>
  <div class='ocr_page' id='page_1' title='image "./bullarumdiplomat02cath_0580.png"; bbox 0 0 2180 3205; ppageno 0'>
   <div class='ocr_carea' id='block_1_1' title="bbox 220 239 537 277">
    <p class='ocr_par' dir='ltr' id='par_1_1' title="bbox 220 239 537 277">
     <span class='ocr_line' id='line_1_1' title="bbox 220 239 537 277; baseline -0.013 -2"><span class='ocrx_word' id='word_1_1' title='bbox 220 249 271 276; x_wconf 75' lang='lat' dir='ltr'>An.</span> <span class='ocrx_word' id='word_1_2' title='bbox 290 250 320 277; x_wconf 84' lang='lat' dir='ltr'>e.</span> <span class='ocrx_word' id='word_1_3' title='bbox 334 250 403 277; x_wconf 80' lang='lat'>¹150</span> <span class='ocrx_word' id='word_1_4' title='bbox 468 239 537 272; x_wconf 74' lang='lat'><strong>56⁶.)</strong></span> 
     </span>
    </p>
   </div>
   <div class='ocr_carea' id='block_1_2' title="bbox 716 301 862 337">
    <p class='ocr_par' dir='ltr' id='par_1_2' title="bbox 716 301 862 337">
     <span class='ocr_line' id='line_1_2' title="bbox 716 301 862 337; baseline -0.014 0"><span class='ocrx_word' id='word_1_5' title='bbox 716 301 862 337; x_wconf 84' lang='lat' dir='ltr'>XXXVI.</span> 
     </span>
    </p>
   </div>
   <div class='ocr_carea' id='block_1_3' title="bbox 418 374 1165 569">
    <p class='ocr_par' dir='ltr' id='par_1_3' title="bbox 418 374 1165 569">
     <span class='ocr_line' id='line_1_3' title="bbox 418 374 1162 420; baseline -0.004 -11"><span class='ocrx_word' id='word_1_6' title='bbox 418 378 619 420; x_wconf 70' lang='lat' dir='ltr'>Prr&#39;rileqium</span> <span class='ocrx_word' id='word_1_7' title='bbox 666 376 817 408; x_wconf 79' lang='lat' dir='ltr'><em>Ecclesiae</em></span> <span class='ocrx_word' id='word_1_8' title='bbox 862 375 1079 407; x_wconf 77' lang='lat' dir='ltr'>canonicorum</span> <span class='ocrx_word' id='word_1_9' title='bbox 1128 374 1162 406; x_wconf 86' lang='lat' dir='ltr'>B.</span> 
     </span>
     <span class='ocr_line' id='line_1_4' title="bbox 465 425 1165 468; baseline -0.004 -10"><span class='ocrx_word' id='word_1_10' title='bbox 465 427 588 459; x_wconf 79' lang='lat' dir='ltr'>Mariae</span> <span class='ocrx_word' id='word_1_11' title='bbox 616 427 647 458; x_wconf 75' lang='lat' dir='ltr'>in</span> <span class='ocrx_word' id='word_1_12' title='bbox 677 425 865 458; x_wconf 58' lang='lat' dir='ltr'>Rauennae-lt</span> <span class='ocrx_word' id='word_1_13' title='bbox 893 425 1062 468; x_wconf 75' lang='lat' dir='ltr'>Frisinqen.</span> <span class='ocrx_word' id='word_1_14' title='bbox 1086 425 1165 456; x_wconf 79' lang='lat' dir='ltr'>dioe-</span> 
     </span>
     <span class='ocr_line' id='line_1_5' title="bbox 463 474 1164 518; baseline -0.004 -10"><span class='ocrx_word' id='word_1_15' title='bbox 463 477 534 508; x_wconf 71' lang='lat' dir='ltr'>cesis</span> <span class='ocrx_word' id='word_1_16' title='bbox 548 476 602 508; x_wconf 80' lang='lat' dir='ltr'>sub</span> <span class='ocrx_word' id='word_1_17' title='bbox 624 475 731 517; x_wconf 75' lang='lat' dir='ltr'>requla</span> <span class='ocrx_word' id='word_1_18' title='bbox 747 476 782 507; x_wconf 80' lang='lat' dir='ltr'>S.</span> <span class='ocrx_word' id='word_1_19' title='bbox 803 474 972 518; x_wconf 68' lang='lat' dir='ltr'>Azaqustini</span> <span class='ocrx_word' id='word_1_20' title='bbox 993 474 1164 517; x_wconf 63' lang='lat' dir='ltr'>regularem</span> 
     </span>
     <span class='ocr_line' id='line_1_6' title="bbox 462 525 862 569; baseline -0.003 -12"><span class='ocrx_word' id='word_1_21' title='bbox 462 525 558 558; x_wconf 78' lang='lat' dir='ltr'>citum</span> <span class='ocrx_word' id='word_1_22' title='bbox 572 525 782 569; x_wconf 78' lang='lat' dir='ltr'>profitentium</span> <span class='ocrx_word' id='word_1_23' title='bbox 804 526 862 567; x_wconf 70' lang='grc'>(1).</span> 
     </span>
    </p>
   </div>
   <div class='ocr_carea' id='block_1_4' title="bbox 679 596 893 628">
    <p class='ocr_par' dir='ltr' id='par_1_4' title="bbox 679 596 893 628">
     <span class='ocr_line' id='line_1_7' title="bbox 679 596 893 628; baseline -0.009 0"><span class='ocrx_word' id='word_1_24' title='bbox 679 596 893 628; x_wconf 64' lang='grc' dir='ltr'><strong>ΞΗΜΜΑΒΙΠΜ</strong></span> 
     </span>
    </p>
   </div>
   <div class='ocr_carea' id='block_1_5' title="bbox 410 652 1163 1365">
    <p class='ocr_par' dir='ltr' id='par_1_5' title="bbox 414 652 1163 1095">
     <span class='ocr_line' id='line_1_8' title="bbox 414 652 1163 691; baseline -0.004 -6"><span class='ocrx_word' id='word_1_25' title='bbox 414 655 580 685; x_wconf 81' lang='lat' dir='ltr'>Exordium.</span> <span class='ocrx_word' id='word_1_26' title='bbox 601 672 641 677; x_wconf 88' lang='lat'><em>-</em></span> <span class='ocrx_word' id='word_1_27' title='bbox 662 654 790 684; x_wconf 82' lang='lat' dir='ltr'><strong>Ecclesia</strong></span> <span class='ocrx_word' id='word_1_28' title='bbox 815 654 887 684; x_wconf 88' lang='lat' dir='ltr'>haec</span> <span class='ocrx_word' id='word_1_29' title='bbox 910 652 964 683; x_wconf 90' lang='lat' dir='ltr'>sub</span> <span class='ocrx_word' id='word_1_30' title='bbox 986 653 1070 683; x_wconf 85' lang='lat' dir='ltr'>Sedis</span> <span class='ocrx_word' id='word_1_31' title='bbox 1087 654 1163 691; x_wconf 82' lang='lat' dir='ltr'>Apo-</span> 
     </span>
     <span class='ocr_line' id='line_1_9' title="bbox 455 697 1163 739; baseline -0.003 -10"><span class='ocrx_word' id='word_1_32' title='bbox 455 700 575 729; x_wconf 80' lang='lat' dir='ltr'>stolicae</span> <span class='ocrx_word' id='word_1_33' title='bbox 595 699 774 739; x_wconf 75' lang='lat' dir='ltr'>protectione</span> <span class='ocrx_word' id='word_1_34' title='bbox 802 699 962 738; x_wconf 77' lang='lat' dir='ltr'>recipitur:</span> <span class='ocrx_word' id='word_1_35' title='bbox 992 715 1032 721; x_wconf 91' lang='lat'>—</span> <span class='ocrx_word' id='word_1_36' title='bbox 1052 697 1163 727; x_wconf 85' lang='lat' dir='ltr'>Confir-</span> 
     </span>
     <span class='ocr_line' id='line_1_10' title="bbox 454 743 1163 783; baseline -0.004 -9"><span class='ocrx_word' id='word_1_37' title='bbox 454 746 598 783; x_wconf 81' lang='lat' dir='ltr'>matisque</span> <span class='ocrx_word' id='word_1_38' title='bbox 617 745 702 774; x_wconf 88' lang='lat' dir='ltr'>bonis</span> <span class='ocrx_word' id='word_1_39' title='bbox 725 744 872 780; x_wconf 85' lang='lat' dir='ltr'>omnibns,</span> <span class='ocrx_word' id='word_1_40' title='bbox 896 743 1036 772; x_wconf 83' lang='lat' dir='ltr'>nonnulla</span> <span class='ocrx_word' id='word_1_41' title='bbox 1060 751 1163 772; x_wconf 91' lang='lat' dir='ltr'>conce-</span> 
     </span>
     <span class='ocr_line' id='line_1_11' title="bbox 453 789 1163 829; baseline -0.004 -10"><span class='ocrx_word' id='word_1_42' title='bbox 453 790 561 820; x_wconf 88' lang='lat' dir='ltr'>duntur</span> <span class='ocrx_word' id='word_1_43' title='bbox 588 790 749 829; x_wconf 71' lang='lat' dir='ltr'>privilegia,</span> <span class='ocrx_word' id='word_1_44' title='bbox 771 789 972 828; x_wconf 84' lang='lat' dir='ltr'>nonnullaque</span> <span class='ocrx_word' id='word_1_45' title='bbox 995 792 1163 817; x_wconf 81' lang='lat' dir='ltr'>stattmntur</span> 
     </span>
     <span class='ocr_line' id='line_1_12' title="bbox 454 831 1162 870; baseline -0.004 -7"><span class='ocrx_word' id='word_1_46' title='bbox 454 834 488 863; x_wconf 82' lang='lat' dir='ltr'>ad</span> <span class='ocrx_word' id='word_1_47' title='bbox 521 834 729 863; x_wconf 73' lang='lat' dir='ltr'>canonicorum</span> <span class='ocrx_word' id='word_1_48' title='bbox 761 834 909 870; x_wconf 82' lang='lat' dir='ltr'>regimen,</span> <span class='ocrx_word' id='word_1_49' title='bbox 940 832 982 862; x_wconf 78' lang='lat' dir='ltr'>vel</span> <span class='ocrx_word' id='word_1_50' title='bbox 1013 831 1162 861; x_wconf 78' lang='lat' dir='ltr'>Ecclesiae</span> 
     </span>
     <span class='ocr_line' id='line_1_13' title="bbox 454 875 1162 917; baseline -0.004 -10"><span class='ocrx_word' id='word_1_51' title='bbox 454 879 562 908; x_wconf 88' lang='lat' dir='ltr'>honum</span> <span class='ocrx_word' id='word_1_52' title='bbox 587 883 613 907; x_wconf 77' lang='lat' dir='ltr'>et</span> <span class='ocrx_word' id='word_1_53' title='bbox 645 878 773 917; x_wconf 83' lang='lat' dir='ltr'>quietem</span> <span class='ocrx_word' id='word_1_54' title='bbox 793 877 978 916; x_wconf 80' lang='lat' dir='ltr'>pertinentia.</span> <span class='ocrx_word' id='word_1_55' title='bbox 999 893 1039 898; x_wconf 94' lang='lat'><strong>—</strong></span> <span class='ocrx_word' id='word_1_56' title='bbox 1059 875 1162 905; x_wconf 89' lang='lat' dir='ltr'>Decre-</span> 
     </span>
     <span class='ocr_line' id='line_1_14' title="bbox 453 920 1161 952; baseline -0.004 -1"><span class='ocrx_word' id='word_1_57' title='bbox 453 927 513 952; x_wconf 91' lang='lat' dir='ltr'>tum</span> <span class='ocrx_word' id='word_1_58' title='bbox 532 922 744 952; x_wconf 74' lang='lat' dir='ltr'>indemnitatis.</span> <span class='ocrx_word' id='word_1_59' title='bbox 759 938 799 943; x_wconf 93' lang='lat'>—</span> <span class='ocrx_word' id='word_1_60' title='bbox 813 921 927 951; x_wconf 81' lang='lat' dir='ltr'>Census</span> <span class='ocrx_word' id='word_1_61' title='bbox 944 929 1060 950; x_wconf 89' lang='lat' dir='ltr'>annuus</span> <span class='ocrx_word' id='word_1_62' title='bbox 1080 920 1161 949; x_wconf 77' lang='lat' dir='ltr'>Rom.</span> 
     </span>
     <span class='ocr_line' id='line_1_15' title="bbox 452 966 1163 1006; baseline -0.004 -9"><span class='ocrx_word' id='word_1_63' title='bbox 452 968 557 997; x_wconf 70' lang='lat' dir='ltr'>l&#39;ontit‘.</span> <span class='ocrx_word' id='word_1_64' title='bbox 581 967 800 1006; x_wconf 76' lang='lat' dir='ltr'>persolvendus.</span> <span class='ocrx_word' id='word_1_65' title='bbox 824 984 861 988; x_wconf 97' lang='lat'><strong>—</strong></span> <span class='ocrx_word' id='word_1_66' title='bbox 879 966 1101 995; x_wconf 86' lang='lat' dir='ltr'>Conclusiones.</span> <span class='ocrx_word' id='word_1_67' title='bbox 1123 982 1163 987; x_wconf 93' lang='lat'><strong>—</strong></span> 
     </span>
     <span class='ocr_line' id='line_1_16' title="bbox 452 1010 1162 1049; baseline -0.001 -9"><span class='ocrx_word' id='word_1_68' title='bbox 452 1011 574 1049; x_wconf 64' lang='lat' dir='ltr'>Eugenii</span> <span class='ocrx_word' id='word_1_69' title='bbox 600 1011 654 1040; x_wconf 64' lang='grc' dir='ltr'>ΡΙ).</span> <span class='ocrx_word' id='word_1_70' title='bbox 673 1016 701 1041; x_wconf 88' lang='lat' dir='ltr'>et</span> <span class='ocrx_word' id='word_1_71' title='bbox 720 1011 748 1042; x_wconf 89' lang='lat' dir='ltr'>S.</span> <span class='ocrx_word' id='word_1_72' title='bbox 767 1011 800 1040; x_wconf 73' lang='lat' dir='ltr'>P..</span> <span class='ocrx_word' id='word_1_73' title='bbox 822 1011 853 1041; x_wconf 90' lang='lat' dir='ltr'>E.</span> <span class='ocrx_word' id='word_1_74' title='bbox 877 1010 1070 1041; x_wconf 81' lang='lat' dir='ltr'>cardinalium</span> <span class='ocrx_word' id='word_1_75' title='bbox 1090 1010 1162 1040; x_wconf 91' lang='lat' dir='ltr'>sub-</span> 
     </span>
     <span class='ocr_line' id='line_1_17' title="bbox 451 1056 637 1095; baseline -0.005 -10"><span class='ocrx_word' id='word_1_76' title='bbox 451 1056 637 1095; x_wconf 76' lang='lat' dir='ltr'>scriptiones.</span> 
     </span>
    </p>

    <p class='ocr_par' dir='ltr' id='par_1_6' title="bbox 410 1122 1162 1365">
     <span class='ocr_line' id='line_1_18' title="bbox 410 1122 1162 1159; baseline -0.001 -8"><span class='ocrx_word' id='word_1_77' title='bbox 410 1123 541 1158; x_wconf 69' lang='lat' dir='ltr'>eugenius</span> <span class='ocrx_word' id='word_1_78' title='bbox 561 1123 700 1159; x_wconf 83' lang='lat' dir='ltr'>episcopus</span> <span class='ocrx_word' id='word_1_79' title='bbox 720 1130 815 1152; x_wconf 89' lang='lat' dir='ltr'>servus</span> <span class='ocrx_word' id='word_1_80' title='bbox 834 1129 973 1151; x_wconf 85' lang='lat' dir='ltr'>servorum</span> <span class='ocrx_word' id='word_1_81' title='bbox 991 1122 1046 1154; x_wconf 87' lang='lat' dir='ltr'>Dei,</span> <span class='ocrx_word' id='word_1_82' title='bbox 1064 1122 1162 1151; x_wconf 81' lang='lat' dir='ltr'>dilecto</span> 
     </span>
     <span class='ocr_line' id='line_1_19' title="bbox 454 1172 1160 1210; baseline 0 -10"><span class='ocrx_word' id='word_1_83' title='bbox 454 1173 510 1201; x_wconf 85' lang='lat' dir='ltr'>filio</span> <span class='ocrx_word' id='word_1_84' title='bbox 537 1173 627 1202; x_wconf 82' lang='lat' dir='ltr'>ottoni</span> <span class='ocrx_word' id='word_1_85' title='bbox 650 1174 806 1210; x_wconf 80' lang='lat' dir='ltr'>praeposito</span> <span class='ocrx_word' id='word_1_86' title='bbox 829 1173 972 1201; x_wconf 77' lang='lat' dir='ltr'>canonicae</span> <span class='ocrx_word' id='word_1_87' title='bbox 1002 1173 1029 1200; x_wconf 92' lang='lat' dir='ltr'>B.</span> <span class='ocrx_word' id='word_1_88' title='bbox 1050 1172 1160 1206; x_wconf 76' lang='lat' dir='ltr'>Mariae,</span> 
     </span>
     <span class='ocr_line' id='line_1_20' title="bbox 455 1221 1160 1258; baseline 0 -8"><span class='ocrx_word' id='word_1_89' title='bbox 455 1229 522 1258; x_wconf 83' lang='lat' dir='ltr'>quae</span> <span class='ocrx_word' id='word_1_90' title='bbox 540 1222 568 1250; x_wconf 91' lang='lat' dir='ltr'>in</span> <span class='ocrx_word' id='word_1_91' title='bbox 584 1223 640 1251; x_wconf 84' lang='lat' dir='ltr'>loco</span> <span class='ocrx_word' id='word_1_92' title='bbox 657 1223 822 1252; x_wconf 81' lang='lat' dir='ltr'>Raitenhuch</span> <span class='ocrx_word' id='word_1_93' title='bbox 838 1223 893 1251; x_wconf 83' lang='lat' dir='ltr'>sita</span> <span class='ocrx_word' id='word_1_94' title='bbox 913 1223 964 1255; x_wconf 85' lang='lat' dir='ltr'>est,</span> <span class='ocrx_word' id='word_1_95' title='bbox 977 1222 1086 1258; x_wconf 77' lang='lat' dir='ltr'>eiusque</span> <span class='ocrx_word' id='word_1_96' title='bbox 1103 1221 1160 1250; x_wconf 79' lang='lat' dir='ltr'>fra·</span> 
     </span>
     <span class='ocr_line' id='line_1_21' title="bbox 454 1271 1160 1309; baseline 0 -8"><span class='ocrx_word' id='word_1_97' title='bbox 454 1272 544 1301; x_wconf 80' lang='lat' dir='ltr'>tribus</span> <span class='ocrx_word' id='word_1_98' title='bbox 562 1274 620 1301; x_wconf 80' lang='lat' dir='ltr'>tam</span> <span class='ocrx_word' id='word_1_99' title='bbox 638 1273 827 1308; x_wconf 74' lang='lat' dir='ltr'>praesentibus</span> <span class='ocrx_word' id='word_1_100' title='bbox 855 1279 936 1309; x_wconf 81' lang='lat' dir='ltr'>qnam</span> <span class='ocrx_word' id='word_1_101' title='bbox 961 1271 1064 1300; x_wconf 79' lang='lat' dir='ltr'>futuris</span> <span class='ocrx_word' id='word_1_102' title='bbox 1083 1279 1160 1301; x_wconf 85' lang='lat' dir='ltr'>cano-</span> 
     </span>
     <span class='ocr_line' id='line_1_22' title="bbox 454 1322 1160 1365; baseline 0 -15"><span class='ocrx_word' id='word_1_103' title='bbox 454 1322 543 1350; x_wconf 80' lang='lat' dir='ltr'>nicam</span> <span class='ocrx_word' id='word_1_104' title='bbox 559 1322 644 1351; x_wconf 81' lang='lat' dir='ltr'>vitam</span> <span class='ocrx_word' id='word_1_105' title='bbox 668 1322 809 1365; x_wconf 63' lang='lat' dir='ltr'>protessis,</span> <span class='ocrx_word' id='word_1_106' title='bbox 829 1323 858 1350; x_wconf 88' lang='lat' dir='ltr'>in</span> <span class='ocrx_word' id='word_1_107' title='bbox 880 1324 1050 1359; x_wconf 79' lang='lat' dir='ltr'>perpetuum.</span> <span class='ocrx_word' id='word_1_108' title='bbox 1070 1322 1160 1350; x_wconf 82' lang='lat' dir='ltr'>Amen.</span> 
     </span>
    </p>
   </div>
   <div class='ocr_carea' id='block_1_6' title="bbox 245 1393 361 1414">
    <p class='ocr_par' dir='ltr' id='par_1_7' title="bbox 245 1393 361 1414">
     <span class='ocr_line' id='line_1_23' title="bbox 245 1393 361 1414; baseline 0 0"><span class='ocrx_word' id='word_1_109' title='bbox 245 1393 361 1414; x_wconf 79' lang='lat' dir='ltr'>Exordium.</span> 
     </span>
    </p>
   </div>
   <div class='ocr_carea' id='block_1_7' title="bbox 210 1388 1161 2629">
    <p class='ocr_par' dir='ltr' id='par_1_8' title="bbox 210 1388 1161 2033">
     <span class='ocr_line' id='line_1_24' title="bbox 460 1388 1161 1436; baseline 0 -13"><span class='ocrx_word' id='word_1_110' title='bbox 460 1389 656 1424; x_wconf 87' lang='lat' dir='ltr'>Commissae</span> <span class='ocrx_word' id='word_1_111' title='bbox 691 1389 782 1424; x_wconf 88' lang='lat' dir='ltr'>nobis</span> <span class='ocrx_word' id='word_1_112' title='bbox 824 1389 1023 1436; x_wconf 76' lang='lat' dir='ltr'>Apostolicae</span> <span class='ocrx_word' id='word_1_113' title='bbox 1067 1388 1161 1424; x_wconf 86' lang='lat' dir='ltr'>Sedis</span> 
     </span>
     <span class='ocr_line' id='line_1_25' title="bbox 411 1439 1159 1487; baseline 0.003 -15"><span class='ocrx_word' id='word_1_114' title='bbox 411 1439 554 1473; x_wconf 85' lang='lat' dir='ltr'>bortatur</span> <span class='ocrx_word' id='word_1_115' title='bbox 580 1439 766 1484; x_wconf 81' lang='lat' dir='ltr'>auctoritas,</span> <span class='ocrx_word' id='word_1_116' title='bbox 791 1449 825 1474; x_wconf 90' lang='lat' dir='ltr'>ut</span> <span class='ocrx_word' id='word_1_117' title='bbox 850 1439 928 1474; x_wconf 92' lang='lat' dir='ltr'>locis</span> <span class='ocrx_word' id='word_1_118' title='bbox 949 1448 979 1474; x_wconf 89' lang='lat' dir='ltr'>et</span> <span class='ocrx_word' id='word_1_119' title='bbox 1006 1439 1159 1487; x_wconf 86' lang='lat' dir='ltr'>personis,</span> 
     </span>
     <span class='ocr_line' id='line_1_26' title="bbox 412 1489 1158 1536; baseline 0.001 -14"><span class='ocrx_word' id='word_1_120' title='bbox 412 1489 511 1536; x_wconf 86' lang='lat' dir='ltr'>ipsius</span> <span class='ocrx_word' id='word_1_121' title='bbox 545 1489 694 1523; x_wconf 76' lang='lat' dir='ltr'>auxilium</span> <span class='ocrx_word' id='word_1_122' title='bbox 723 1489 889 1524; x_wconf 85' lang='lat' dir='ltr'>devotione</span> <span class='ocrx_word' id='word_1_123' title='bbox 916 1489 1019 1524; x_wconf 91' lang='lat' dir='ltr'>debita</span> <span class='ocrx_word' id='word_1_124' title='bbox 1043 1489 1158 1536; x_wconf 91' lang='lat' dir='ltr'>implo-</span> 
     </span>
     <span class='ocr_line' id='line_1_27' title="bbox 411 1539 1160 1586; baseline 0.003 -14"><span class='ocrx_word' id='word_1_125' title='bbox 411 1539 567 1578; x_wconf 77' lang='lat' dir='ltr'>rantibus,</span> <span class='ocrx_word' id='word_1_126' title='bbox 595 1539 736 1573; x_wconf 85' lang='lat' dir='ltr'>tuitionis</span> <span class='ocrx_word' id='word_1_127' title='bbox 759 1539 947 1586; x_wconf 87' lang='lat' dir='ltr'>praesidium</span> <span class='ocrx_word' id='word_1_128' title='bbox 977 1539 1160 1586; x_wconf 80' lang='lat' dir='ltr'>impendere</span> 
     </span>
     <span class='ocr_line' id='line_1_28' title="bbox 410 1588 1160 1636; baseline 0.001 -14"><span class='ocrx_word' id='word_1_129' title='bbox 410 1588 597 1630; x_wconf 82' lang='lat' dir='ltr'>debeamus3</span> <span class='ocrx_word' id='word_1_130' title='bbox 620 1589 690 1636; x_wconf 89' lang='lat' dir='ltr'>quia</span> <span class='ocrx_word' id='word_1_131' title='bbox 709 1589 790 1623; x_wconf 89' lang='lat' dir='ltr'>sicut</span> <span class='ocrx_word' id='word_1_132' title='bbox 814 1589 929 1623; x_wconf 87' lang='lat' dir='ltr'>iniusta</span> <span class='ocrx_word' id='word_1_133' title='bbox 957 1588 1160 1635; x_wconf 85' lang='lat' dir='ltr'>poscentibus</span> 
     </span>
     <span class='ocr_line' id='line_1_29' title="bbox 411 1638 1159 1683; baseline 0 -11"><span class='ocrx_word' id='word_1_134' title='bbox 411 1638 516 1672; x_wconf 88' lang='lat' dir='ltr'>nullus</span> <span class='ocrx_word' id='word_1_135' title='bbox 543 1647 589 1672; x_wconf 88' lang='lat' dir='ltr'>est</span> <span class='ocrx_word' id='word_1_136' title='bbox 617 1638 803 1673; x_wconf 81' lang='lat' dir='ltr'>tribuendus</span> <span class='ocrx_word' id='word_1_137' title='bbox 830 1639 969 1679; x_wconf 81' lang='lat' dir='ltr'>effectus,</span> <span class='ocrx_word' id='word_1_138' title='bbox 1005 1638 1044 1673; x_wconf 90' lang='lat' dir='ltr'>ita</span> <span class='ocrx_word' id='word_1_139' title='bbox 1077 1638 1159 1683; x_wconf 77' lang='lat' dir='ltr'>legi-</span> 
     </span>
     <span class='ocr_line' id='line_1_30' title="bbox 412 1688 1160 1736; baseline 0 -15"><span class='ocrx_word' id='word_1_140' title='bbox 412 1688 486 1722; x_wconf 88' lang='lat' dir='ltr'>tima</span> <span class='ocrx_word' id='word_1_141' title='bbox 508 1695 538 1722; x_wconf 88' lang='lat' dir='ltr'>et</span> <span class='ocrx_word' id='word_1_142' title='bbox 566 1689 644 1722; x_wconf 81' lang='lat' dir='ltr'>iusta</span> <span class='ocrx_word' id='word_1_143' title='bbox 667 1688 893 1736; x_wconf 77' lang='lat' dir='ltr'>postulantium</span> <span class='ocrx_word' id='word_1_144' title='bbox 923 1700 984 1722; x_wconf 91' lang='lat' dir='ltr'>non</span> <span class='ocrx_word' id='word_1_145' title='bbox 1009 1696 1056 1722; x_wconf 76' lang='lat' dir='ltr'>est</span> <span class='ocrx_word' id='word_1_146' title='bbox 1072 1688 1160 1722; x_wconf 77' lang='lat' dir='ltr'>diffe-</span> 
     </span>
     <span class='ocr_line' id='line_1_31' title="bbox 411 1737 1156 1785; baseline 0 -14"><span class='ocrx_word' id='word_1_147' title='bbox 411 1737 506 1772; x_wconf 88' lang='lat' dir='ltr'>renda</span> <span class='ocrx_word' id='word_1_148' title='bbox 524 1738 645 1785; x_wconf 64' lang='lat' dir='ltr'>petitio,</span> <span class='ocrx_word' id='word_1_149' title='bbox 668 1738 852 1785; x_wconf 86' lang='lat' dir='ltr'>praesertim</span> <span class='ocrx_word' id='word_1_150' title='bbox 871 1750 991 1779; x_wconf 89' lang='lat' dir='ltr'>eorum,</span> <span class='ocrx_word' id='word_1_151' title='bbox 1013 1738 1066 1785; x_wconf 92' lang='lat' dir='ltr'>qui</span> <span class='ocrx_word' id='word_1_152' title='bbox 1085 1750 1156 1773; x_wconf 89' lang='lat' dir='ltr'>cum</span> 
     </span>
     <span class='ocr_line' id='line_1_32' title="bbox 408 1787 1158 1823; baseline 0.001 -2"><span class='ocrx_word' id='word_1_153' title='bbox 408 1787 571 1822; x_wconf 83' lang='lat' dir='ltr'>honestate</span> <span class='ocrx_word' id='word_1_154' title='bbox 598 1788 675 1822; x_wconf 70' lang='lat' dir='ltr'>vitae</span> <span class='ocrx_word' id='word_1_155' title='bbox 698 1796 729 1822; x_wconf 91' lang='lat' dir='ltr'>et</span> <span class='ocrx_word' id='word_1_156' title='bbox 753 1787 903 1822; x_wconf 80' lang='lat' dir='ltr'>laudabili</span> <span class='ocrx_word' id='word_1_157' title='bbox 928 1800 1049 1822; x_wconf 88' lang='lat' dir='ltr'>morum</span> <span class='ocrx_word' id='word_1_158' title='bbox 1070 1800 1158 1823; x_wconf 85' lang='lat' dir='ltr'>com-</span> 
     </span>
     <span class='ocr_line' id='line_1_33' title="bbox 411 1836 1158 1884; baseline 0 -13"><span class='ocrx_word' id='word_1_159' title='bbox 411 1837 563 1884; x_wconf 83' lang='lat' dir='ltr'>positione</span> <span class='ocrx_word' id='word_1_160' title='bbox 599 1837 736 1883; x_wconf 75' lang='lat' dir='ltr'>gandent</span> <span class='ocrx_word' id='word_1_161' title='bbox 775 1837 981 1884; x_wconf 86' lang='lat' dir='ltr'>omnipotenti</span> <span class='ocrx_word' id='word_1_162' title='bbox 1020 1836 1158 1872; x_wconf 88' lang='lat' dir='ltr'>Domino</span> 
     </span>
     <span class='ocr_line' id='line_1_34' title="bbox 212 1885 1157 1937; baseline 0.002 -17"><span class='ocrx_word' id='word_1_163' title='bbox 212 1885 325 1937; x_wconf 54' lang='grc' dir='ltr'>ξξζζῇζ</span> <span class='ocrx_word' id='word_1_164' title='bbox 342 1886 396 1937; x_wconf 50' lang='lat'>{³¹52</span> <span class='ocrx_word' id='word_1_165' title='bbox 409 1886 577 1922; x_wconf 74' lang='lat' dir='ltr'>deservire.</span> <span class='ocrx_word' id='word_1_166' title='bbox 601 1887 786 1934; x_wconf 70' lang='lat' dir='ltr'>Ezipropter,</span> <span class='ocrx_word' id='word_1_167' title='bbox 813 1887 927 1922; x_wconf 91' lang='lat' dir='ltr'>dilecte</span> <span class='ocrx_word' id='word_1_168' title='bbox 954 1887 985 1921; x_wconf 89' lang='lat' dir='ltr'>in</span> <span class='ocrx_word' id='word_1_169' title='bbox 1020 1887 1157 1922; x_wconf 90' lang='lat' dir='ltr'>Domino</span> 
     </span>
     <span class='ocr_line' id='line_1_35' title="bbox 211 1924 1158 1984; baseline 0.005 -17"><span class='ocrx_word' id='word_1_170' title='bbox 211 1932 299 1983; x_wconf 48' lang='lat' dir='ltr'>{isaii-‘ie</span> <span class='ocrx_word' id='word_1_171' title='bbox 317 1924 393 1975; x_wconf 56' lang='lat' dir='ltr'>&#39;pfole-</span> <span class='ocrx_word' id='word_1_172' title='bbox 410 1936 451 1970; x_wconf 83' lang='lat' dir='ltr'>tili</span> <span class='ocrx_word' id='word_1_173' title='bbox 479 1936 553 1971; x_wconf 86' lang='lat' dir='ltr'>Otto</span> <span class='ocrx_word' id='word_1_174' title='bbox 581 1937 775 1984; x_wconf 76' lang='lat' dir='ltr'>praeposite,</span> <span class='ocrx_word' id='word_1_175' title='bbox 811 1936 873 1971; x_wconf 89' lang='lat' dir='ltr'>tuis</span> <span class='ocrx_word' id='word_1_176' title='bbox 901 1936 990 1971; x_wconf 89' lang='lat' dir='ltr'>iustis</span> <span class='ocrx_word' id='word_1_177' title='bbox 1018 1937 1158 1984; x_wconf 85' lang='lat' dir='ltr'>postula-</span> 
     </span>
     <span class='ocr_line' id='line_1_36' title="bbox 210 1982 1156 2033; baseline 0.001 -13"><span class='ocrx_word' id='word_1_178' title='bbox 210 1983 281 2030; x_wconf 59' lang='lat' dir='ltr'><strong>ffl⁰¹¹⁹</strong></span> <span class='ocrx_word' id='word_1_179' title='bbox 314 1982 550 2021; x_wconf 50' lang='lat' dir='ltr'>r“¹&#39;l¹’³‘tionibus</span> <span class='ocrx_word' id='word_1_180' title='bbox 581 1986 682 2021; x_wconf 82' lang='lat' dir='ltr'>debita</span> <span class='ocrx_word' id='word_1_181' title='bbox 719 1986 913 2033; x_wconf 84' lang='lat' dir='ltr'>benignitate</span> <span class='ocrx_word' id='word_1_182' title='bbox 945 1994 1066 2032; x_wconf 80' lang='lat' dir='ltr'>gratum</span> <span class='ocrx_word' id='word_1_183' title='bbox 1096 1987 1156 2021; x_wconf 90' lang='lat' dir='ltr'>im—</span> 
     </span>
    </p>

    <p class='ocr_par' dir='ltr' id='par_1_9' title="bbox 406 2035 1157 2629">
     <span class='ocr_line' id='line_1_37' title="bbox 410 2035 1157 2083; baseline 0.001 -13"><span class='ocrx_word' id='word_1_184' title='bbox 410 2037 578 2083; x_wconf 87' lang='lat' dir='ltr'>pertientes</span> <span class='ocrx_word' id='word_1_185' title='bbox 599 2049 776 2077; x_wconf 75' lang='lat' dir='ltr'>assensum,</span> <span class='ocrx_word' id='word_1_186' title='bbox 800 2035 966 2083; x_wconf 87' lang='lat' dir='ltr'>praefatam</span> <span class='ocrx_word' id='word_1_187' title='bbox 986 2035 1023 2070; x_wconf 84' lang='lat' dir='ltr'>B.</span> <span class='ocrx_word' id='word_1_188' title='bbox 1042 2036 1157 2071; x_wconf 81' lang='lat' dir='ltr'>Mariae</span> 
     </span>
     <span class='ocr_line' id='line_1_38' title="bbox 407 2086 1157 2132; baseline 0.001 -12"><span class='ocrx_word' id='word_1_189' title='bbox 407 2086 586 2130; x_wconf 84' lang='lat' dir='ltr'>ecclesiam,</span> <span class='ocrx_word' id='word_1_190' title='bbox 608 2087 658 2120; x_wconf 88' lang='lat' dir='ltr'>cni</span> <span class='ocrx_word' id='word_1_191' title='bbox 676 2086 743 2121; x_wconf 88' lang='lat' dir='ltr'>Deo</span> <span class='ocrx_word' id='word_1_192' title='bbox 761 2094 889 2121; x_wconf 87' lang='lat' dir='ltr'>auctore</span> <span class='ocrx_word' id='word_1_193' title='bbox 912 2098 1027 2132; x_wconf 74' lang='lat' dir='ltr'>paeesse</span> <span class='ocrx_word' id='word_1_194' title='bbox 1049 2086 1157 2132; x_wconf 79' lang='lat' dir='ltr'>digno-</span> 
     </span>
     <span class='ocr_line' id='line_1_39' title="bbox 407 2135 1156 2182; baseline 0 -12"><span class='ocrx_word' id='word_1_195' title='bbox 407 2136 514 2180; x_wconf 86' lang='lat' dir='ltr'>sceris,</span> <span class='ocrx_word' id='word_1_196' title='bbox 551 2135 801 2182; x_wconf 81' lang='lat' dir='ltr'>praedecessoris</span> <span class='ocrx_word' id='word_1_197' title='bbox 828 2136 924 2169; x_wconf 86' lang='lat' dir='ltr'>nostri</span> <span class='ocrx_word' id='word_1_198' title='bbox 961 2136 1057 2169; x_wconf 84' lang='lat' dir='ltr'>felicis</span> <span class='ocrx_word' id='word_1_199' title='bbox 1090 2149 1156 2170; x_wconf 87' lang='lat' dir='ltr'>me-</span> 
     </span>
     <span class='ocr_line' id='line_1_40' title="bbox 408 2185 1155 2232; baseline 0.001 -14"><span class='ocrx_word' id='word_1_200' title='bbox 408 2185 525 2220; x_wconf 84' lang='lat' dir='ltr'>moriae</span> <span class='ocrx_word' id='word_1_201' title='bbox 546 2185 650 2232; x_wconf 83' lang='lat' dir='ltr'>Papae</span> <span class='ocrx_word' id='word_1_202' title='bbox 672 2185 790 2220; x_wconf 87' lang='lat' dir='ltr'>Urbani</span> <span class='ocrx_word' id='word_1_203' title='bbox 821 2185 957 2231; x_wconf 77' lang='lat' dir='ltr'>vestigiis</span> <span class='ocrx_word' id='word_1_204' title='bbox 986 2185 1155 2219; x_wconf 83' lang='lat' dir='ltr'>inhaeren-</span> 
     </span>
     <span class='ocr_line' id='line_1_41' title="bbox 409 2234 1155 2281; baseline 0.001 -12"><span class='ocrx_word' id='word_1_205' title='bbox 409 2243 465 2278; x_wconf 81' lang='lat' dir='ltr'>tes,</span> <span class='ocrx_word' id='word_1_206' title='bbox 487 2235 544 2269; x_wconf 89' lang='lat' dir='ltr'>sub</span> <span class='ocrx_word' id='word_1_207' title='bbox 567 2235 648 2269; x_wconf 88' lang='lat' dir='ltr'>beati</span> <span class='ocrx_word' id='word_1_208' title='bbox 670 2234 754 2269; x_wconf 80' lang='lat' dir='ltr'>Petri</span> <span class='ocrx_word' id='word_1_209' title='bbox 778 2243 807 2269; x_wconf 88' lang='lat' dir='ltr'>et</span> <span class='ocrx_word' id='word_1_210' title='bbox 834 2244 937 2269; x_wconf 84' lang='lat' dir='ltr'>nostra</span> <span class='ocrx_word' id='word_1_211' title='bbox 960 2235 1155 2281; x_wconf 84' lang='lat' dir='ltr'>protectione</span> 
     </span>
     <span class='ocr_line' id='line_1_42' title="bbox 406 2284 1155 2332; baseline 0.001 -14"><span class='ocrx_word' id='word_1_212' title='bbox 406 2285 612 2332; x_wconf 81' lang='lat' dir='ltr'>suscipimns;</span> <span class='ocrx_word' id='word_1_213' title='bbox 640 2293 671 2319; x_wconf 89' lang='lat' dir='ltr'>et</span> <span class='ocrx_word' id='word_1_214' title='bbox 705 2285 879 2332; x_wconf 88' lang='lat' dir='ltr'>praesentis</span> <span class='ocrx_word' id='word_1_215' title='bbox 912 2284 1017 2331; x_wconf 90' lang='lat' dir='ltr'>scripti</span> <span class='ocrx_word' id='word_1_216' title='bbox 1058 2284 1155 2330; x_wconf 70' lang='lat' dir='ltr'>priri-</span> 
     </span>
     <span class='ocr_line' id='line_1_43' title="bbox 406 2333 1153 2381; baseline 0 -13"><span class='ocrx_word' id='word_1_217' title='bbox 406 2334 488 2380; x_wconf 82' lang='lat' dir='ltr'>legio</span> <span class='ocrx_word' id='word_1_218' title='bbox 521 2335 771 2375; x_wconf 70' lang='lat' dir='ltr'>communimus,</span> <span class='ocrx_word' id='word_1_219' title='bbox 813 2334 966 2381; x_wconf 83' lang='lat' dir='ltr'>imprimis</span> <span class='ocrx_word' id='word_1_220' title='bbox 998 2333 1153 2380; x_wconf 85' lang='lat' dir='ltr'>siquidem</span> 
     </span>
     <span class='ocr_line' id='line_1_44' title="bbox 407 2384 1155 2430; baseline 0.001 -13"><span class='ocrx_word' id='word_1_221' title='bbox 407 2393 590 2425; x_wconf 76' lang='lat' dir='ltr'>statuentes,</span> <span class='ocrx_word' id='word_1_222' title='bbox 613 2392 646 2418; x_wconf 90' lang='lat' dir='ltr'>ut</span> <span class='ocrx_word' id='word_1_223' title='bbox 667 2384 745 2419; x_wconf 88' lang='lat' dir='ltr'>ordo</span> <span class='ocrx_word' id='word_1_224' title='bbox 766 2385 947 2423; x_wconf 82' lang='lat' dir='ltr'>canonicus,</span> <span class='ocrx_word' id='word_1_225' title='bbox 970 2384 1022 2430; x_wconf 89' lang='lat' dir='ltr'>qui</span> <span class='ocrx_word' id='word_1_226' title='bbox 1048 2384 1077 2417; x_wconf 91' lang='lat' dir='ltr'>in</span> <span class='ocrx_word' id='word_1_227' title='bbox 1103 2396 1155 2418; x_wconf 81' lang='lat' dir='ltr'>ea-</span> 
     </span>
     <span class='ocr_line' id='line_1_45' title="bbox 407 2433 1152 2468; baseline 0.003 -3"><span class='ocrx_word' id='word_1_228' title='bbox 407 2433 478 2466; x_wconf 85' lang='lat' dir='ltr'>dem</span> <span class='ocrx_word' id='word_1_229' title='bbox 514 2433 652 2468; x_wconf 84' lang='lat' dir='ltr'>Ecclesia</span> <span class='ocrx_word' id='word_1_230' title='bbox 686 2433 859 2468; x_wconf 83' lang='lat' dir='ltr'>secundum</span> <span class='ocrx_word' id='word_1_231' title='bbox 888 2433 987 2467; x_wconf 86' lang='lat' dir='ltr'>Deum</span> <span class='ocrx_word' id='word_1_232' title='bbox 1012 2441 1041 2467; x_wconf 87' lang='lat' dir='ltr'>et</span> <span class='ocrx_word' id='word_1_233' title='bbox 1073 2433 1152 2467; x_wconf 84' lang='lat' dir='ltr'>beati</span> 
     </span>
     <span class='ocr_line' id='line_1_46' title="bbox 406 2482 1153 2529; baseline 0.001 -13"><span class='ocrx_word' id='word_1_234' title='bbox 406 2483 571 2527; x_wconf 66' lang='lat' dir='ltr'>Augustini</span> <span class='ocrx_word' id='word_1_235' title='bbox 616 2483 753 2529; x_wconf 74' lang='lat' dir='ltr'>regulam</span> <span class='ocrx_word' id='word_1_236' title='bbox 797 2482 936 2517; x_wconf 88' lang='lat' dir='ltr'>noscitur</span> <span class='ocrx_word' id='word_1_237' title='bbox 975 2483 1153 2522; x_wconf 86' lang='lat' dir='ltr'>institutus,</span> 
     </span>
     <span class='ocr_line' id='line_1_47' title="bbox 407 2531 1155 2580; baseline 0 -15"><span class='ocrx_word' id='word_1_238' title='bbox 407 2532 567 2578; x_wconf 78' lang='lat' dir='ltr'>perpetuis</span> <span class='ocrx_word' id='word_1_239' title='bbox 586 2532 700 2567; x_wconf 79' lang='lat' dir='ltr'>ibidem</span> <span class='ocrx_word' id='word_1_240' title='bbox 721 2532 914 2580; x_wconf 87' lang='lat' dir='ltr'>temporibus</span> <span class='ocrx_word' id='word_1_241' title='bbox 937 2531 1155 2566; x_wconf 78' lang='lat' dir='ltr'>inviolabiliter</span> 
     </span>
     <span class='ocr_line' id='line_1_48' title="bbox 406 2581 1155 2629; baseline 0.003 -15"><span class='ocrx_word' id='word_1_242' title='bbox 406 2591 616 2616; x_wconf 62' lang='lat' dir='ltr'>conservetur.</span> <span class='ocrx_word' id='word_1_243' title='bbox 626 2581 790 2616; x_wconf 84' lang='lat' dir='ltr'>Praeterea</span> <span class='ocrx_word' id='word_1_244' title='bbox 805 2594 1020 2629; x_wconf 82' lang='lat' dir='ltr'>quascumque</span> <span class='ocrx_word' id='word_1_245' title='bbox 1030 2594 1155 2628; x_wconf 83' lang='lat' dir='ltr'>posses-</span> 
     </span>
    </p>
   </div>
   <div class='ocr_carea' id='block_1_8' title="bbox 441 2648 1048 2682">
    <p class='ocr_par' dir='ltr' id='par_1_10' title="bbox 441 2648 1048 2682">
     <span class='ocr_line' id='line_1_49' title="bbox 441 2648 1048 2682; baseline 0.002 -9"><span class='ocrx_word' id='word_1_246' title='bbox 441 2650 480 2682; x_wconf 63' lang='grc' dir='ltr'>(ί)</span> <span class='ocrx_word' id='word_1_247' title='bbox 499 2648 533 2673; x_wconf 60' lang='lat' dir='ltr'>Ex</span> <span class='ocrx_word' id='word_1_248' title='bbox 552 2648 648 2673; x_wconf 86' lang='lat' dir='ltr'>llundii</span> <span class='ocrx_word' id='word_1_249' title='bbox 666 2648 730 2674; x_wconf 79' lang='lat' dir='ltr'>ltist.</span> <span class='ocrx_word' id='word_1_250' title='bbox 748 2648 904 2682; x_wconf 77' lang='lat' dir='ltr'>Salisburg.⁷</span> <span class='ocrx_word' id='word_1_251' title='bbox 927 2651 990 2674; x_wconf 89' lang='lat' dir='ltr'>tom.</span> <span class='ocrx_word' id='word_1_252' title='bbox 1009 2656 1048 2674; x_wconf 91' lang='grc' dir='ltr'>ιιι.</span> 
     </span>
    </p>
   </div>
   <div class='ocr_carea' id='block_1_9' title="bbox 1012 245 1387 269">
    <p class='ocr_par' dir='ltr' id='par_1_11' title="bbox 1012 245 1387 269">
     <span class='ocr_line' id='line_1_50' title="bbox 1012 245 1387 269; baseline 0 -1"><span class='ocrx_word' id='word_1_253' title='bbox 1012 245 1109 269; x_wconf 60' lang='lat' dir='ltr'>mmm</span> <span class='ocrx_word' id='word_1_254' title='bbox 1117 247 1146 268; x_wconf 74' lang='lat' dir='ltr'>nl</span> <span class='ocrx_word' id='word_1_255' title='bbox 1154 245 1198 268; x_wconf 62' lang='lat'>1¹³¹</span> <span class='ocrx_word' id='word_1_256' title='bbox 1226 245 1387 269; x_wconf 70' lang='lat' dir='ltr'>ROMANUM</span> 
     </span>
    </p>
   </div>
   <div class='ocr_carea' id='block_1_10' title="bbox 1971 247 2151 276">
    <p class='ocr_par' dir='ltr' id='par_1_12' title="bbox 1971 247 2151 276">
     <span class='ocr_line' id='line_1_51' title="bbox 1971 247 2151 276; baseline 0.011 -2"><span class='ocrx_word' id='word_1_257' title='bbox 1971 247 2020 274; x_wconf 78' lang='lat' dir='ltr'>An.</span> <span class='ocrx_word' id='word_1_258' title='bbox 2038 248 2067 274; x_wconf 89' lang='lat' dir='ltr'>C.</span> <span class='ocrx_word' id='word_1_259' title='bbox 2082 248 2151 276; x_wconf 76' lang='lat'>¹150</span> 
     </span>
    </p>
   </div>
   <div class='ocr_carea' id='block_1_11' title="bbox 1203 300 2150 745">
    <p class='ocr_par' dir='ltr' id='par_1_13' title="bbox 1203 300 2150 745">
     <span class='ocr_line' id='line_1_52' title="bbox 1206 300 2150 349; baseline 0.003 -15"><span class='ocrx_word' id='word_1_260' title='bbox 1206 300 1321 341; x_wconf 88' lang='lat' dir='ltr'>siones,</span> <span class='ocrx_word' id='word_1_261' title='bbox 1340 312 1558 348; x_wconf 87' lang='lat' dir='ltr'>quaecumque</span> <span class='ocrx_word' id='word_1_262' title='bbox 1576 300 1668 343; x_wconf 85' lang='lat' dir='ltr'>bona,</span> <span class='ocrx_word' id='word_1_263' title='bbox 1687 301 1796 336; x_wconf 90' lang='lat' dir='ltr'>eadem</span> <span class='ocrx_word' id='word_1_264' title='bbox 1811 302 1952 337; x_wconf 84' lang='lat' dir='ltr'>Ecclesia</span> <span class='ocrx_word' id='word_1_265' title='bbox 1978 312 2150 349; x_wconf 56' lang='lat' dir='ltr'>confirmansque</span> 
     </span>
     <span class='ocr_line' id='line_1_53' title="bbox 1207 344 2149 399; baseline 0.002 -15"><span class='ocrx_word' id='word_1_266' title='bbox 1207 349 1496 397; x_wconf 88' lang='lat' dir='ltr'>impraesentiarum</span> <span class='ocrx_word' id='word_1_267' title='bbox 1528 350 1609 385; x_wconf 89' lang='lat' dir='ltr'>iuste</span> <span class='ocrx_word' id='word_1_268' title='bbox 1636 359 1667 385; x_wconf 88' lang='lat' dir='ltr'>et</span> <span class='ocrx_word' id='word_1_269' title='bbox 1693 352 1842 387; x_wconf 87' lang='lat' dir='ltr'>canonice</span> <span class='ocrx_word' id='word_1_270' title='bbox 1878 345 2027 399; x_wconf 73' lang='lat' dir='ltr'>pos·honls</span> <span class='ocrx_word' id='word_1_271' title='bbox 2043 344 2149 371; x_wconf 64' lang='lat' dir='ltr'>⁰⁰¹¹¹³b¹¹⁸&#39;</span> 
     </span>
     <span class='ocr_line' id='line_1_54' title="bbox 1205 399 1952 440; baseline 0.004 -7"><span class='ocrx_word' id='word_1_272' title='bbox 1205 399 1300 440; x_wconf 90' lang='lat' dir='ltr'>sidet,</span> <span class='ocrx_word' id='word_1_273' title='bbox 1323 408 1375 434; x_wconf 91' lang='lat' dir='ltr'>aut</span> <span class='ocrx_word' id='word_1_274' title='bbox 1397 402 1426 434; x_wconf 92' lang='lat' dir='ltr'>in</span> <span class='ocrx_word' id='word_1_275' title='bbox 1447 399 1588 435; x_wconf 88' lang='lat' dir='ltr'>futurum</span> <span class='ocrx_word' id='word_1_276' title='bbox 1611 401 1816 436; x_wconf 89' lang='lat' dir='ltr'>concessione</span> <span class='ocrx_word' id='word_1_277' title='bbox 1841 401 1952 436; x_wconf 83' lang='lat' dir='ltr'>Ponti-</span> 
     </span>
     <span class='ocr_line' id='line_1_55' title="bbox 1206 448 1952 498; baseline 0.003 -15"><span class='ocrx_word' id='word_1_278' title='bbox 1206 448 1312 490; x_wconf 82' lang='lat' dir='ltr'>ficum,</span> <span class='ocrx_word' id='word_1_279' title='bbox 1345 449 1509 492; x_wconf 61' lang='lat' dir='ltr'>largitione</span> <span class='ocrx_word' id='word_1_280' title='bbox 1542 461 1649 496; x_wconf 81' lang='lat' dir='ltr'>regum</span> <span class='ocrx_word' id='word_1_281' title='bbox 1685 450 1731 485; x_wconf 86' lang='lat' dir='ltr'>vel</span> <span class='ocrx_word' id='word_1_282' title='bbox 1761 450 1952 498; x_wconf 87' lang='lat' dir='ltr'>principum,</span> 
     </span>
     <span class='ocr_line' id='line_1_56' title="bbox 1204 485 1951 541; baseline 0.003 -9"><span class='ocrx_word' id='word_1_283' title='bbox 1204 498 1362 533; x_wconf 90' lang='lat' dir='ltr'>oblatione</span> <span class='ocrx_word' id='word_1_284' title='bbox 1385 485 1535 539; x_wconf 83' lang='lat' dir='ltr'>fidelium,</span> <span class='ocrx_word' id='word_1_285' title='bbox 1557 511 1614 534; x_wconf 88' lang='lat' dir='ltr'>seu</span> <span class='ocrx_word' id='word_1_286' title='bbox 1641 499 1708 534; x_wconf 89' lang='lat' dir='ltr'>aliis</span> <span class='ocrx_word' id='word_1_287' title='bbox 1726 499 1815 534; x_wconf 91' lang='lat' dir='ltr'>iustis</span> <span class='ocrx_word' id='word_1_288' title='bbox 1836 501 1951 541; x_wconf 83' lang='lat' dir='ltr'>modis,</span> 
     </span>
     <span class='ocr_line' id='line_1_57' title="bbox 1203 547 1952 597; baseline 0.004 -15"><span class='ocrx_word' id='word_1_289' title='bbox 1203 547 1271 582; x_wconf 91' lang='lat' dir='ltr'>Deo</span> <span class='ocrx_word' id='word_1_290' title='bbox 1288 548 1435 595; x_wconf 83' lang='lat' dir='ltr'>propitio,</span> <span class='ocrx_word' id='word_1_291' title='bbox 1460 549 1571 595; x_wconf 88' lang='lat' dir='ltr'>poterit</span> <span class='ocrx_word' id='word_1_292' title='bbox 1590 548 1731 597; x_wconf 84' lang='lat' dir='ltr'>adipisci,</span> <span class='ocrx_word' id='word_1_293' title='bbox 1754 549 1840 584; x_wconf 85' lang='lat' dir='ltr'>firma</span> <span class='ocrx_word' id='word_1_294' title='bbox 1862 550 1952 585; x_wconf 89' lang='lat' dir='ltr'>vobis</span> 
     </span>
     <span class='ocr_line' id='line_1_58' title="bbox 1205 598 1952 645; baseline 0.003 -14"><span class='ocrx_word' id='word_1_295' title='bbox 1205 598 1378 645; x_wconf 80' lang='lat' dir='ltr'>vestrisque</span> <span class='ocrx_word' id='word_1_296' title='bbox 1405 598 1642 633; x_wconf 87' lang='lat' dir='ltr'>successoribus</span> <span class='ocrx_word' id='word_1_297' title='bbox 1663 607 1693 633; x_wconf 86' lang='lat' dir='ltr'>et</span> <span class='ocrx_word' id='word_1_298' title='bbox 1728 598 1842 633; x_wconf 87' lang='lat' dir='ltr'>illibata</span> <span class='ocrx_word' id='word_1_299' title='bbox 1878 611 1952 645; x_wconf 83' lang='lat' dir='ltr'>per-</span> 
     </span>
     <span class='ocr_line' id='line_1_59' title="bbox 1205 646 2148 688; baseline 0.002 -6"><span class='ocrx_word' id='word_1_300' title='bbox 1205 656 1359 682; x_wconf 82' lang='lat' dir='ltr'>maneant.</span> <span class='ocrx_word' id='word_1_301' title='bbox 1382 646 1530 682; x_wconf 81' lang='lat' dir='ltr'>Obeunte</span> <span class='ocrx_word' id='word_1_302' title='bbox 1548 660 1618 683; x_wconf 82' lang='lat' dir='ltr'>vero</span> <span class='ocrx_word' id='word_1_303' title='bbox 1640 655 1681 688; x_wconf 89' lang='lat' dir='ltr'>te,</span> <span class='ocrx_word' id='word_1_304' title='bbox 1705 660 1788 682; x_wconf 86' lang='lat' dir='ltr'>nunc</span> <span class='ocrx_word' id='word_1_305' title='bbox 1809 648 1948 683; x_wconf 86' lang='lat' dir='ltr'>eiusdem</span> <span class='ocrx_word' id='word_1_306' title='bbox 1964 661 2068 684; x_wconf 70' lang='lat' dir='ltr'>Nonnulla</span> <span class='ocrx_word' id='word_1_307' title='bbox 2094 669 2148 684; x_wconf 72' lang='lat' dir='ltr'>enn-</span> 
     </span>
     <span class='ocr_line' id='line_1_60' title="bbox 1204 694 2148 745; baseline 0.001 -14"><span class='ocrx_word' id='word_1_308' title='bbox 1204 696 1262 731; x_wconf 92' lang='lat' dir='ltr'>loci</span> <span class='ocrx_word' id='word_1_309' title='bbox 1290 697 1480 745; x_wconf 79' lang='lat' dir='ltr'>praeposito,</span> <span class='ocrx_word' id='word_1_310' title='bbox 1504 697 1549 731; x_wconf 78' lang='lat' dir='ltr'>vel</span> <span class='ocrx_word' id='word_1_311' title='bbox 1577 705 1702 732; x_wconf 88' lang='lat' dir='ltr'>tuorum</span> <span class='ocrx_word' id='word_1_312' title='bbox 1725 697 1863 745; x_wconf 80' lang='lat' dir='ltr'>quolibet</span> <span class='ocrx_word' id='word_1_313' title='bbox 1882 711 1950 732; x_wconf 89' lang='lat' dir='ltr'>snc-</span> <span class='ocrx_word' id='word_1_314' title='bbox 1964 694 2067 714; x_wconf 73' lang='lat'>⁰⁰‘¹²¹&#39;&#39;¹¹¹&#39;</span> <span class='ocrx_word' id='word_1_315' title='bbox 2081 696 2148 721; x_wconf 60' lang='lat'>”¹³¹⁶-</span> 
     </span>
    </p>
   </div>
   <div class='ocr_carea' id='block_1_12' title="bbox 1964 724 2175 749">
    <p class='ocr_par' dir='ltr' id='par_1_14' title="bbox 1964 724 2175 749">
     <span class='ocr_line' id='line_1_61' title="bbox 1964 724 2175 749; baseline 0.014 -6"><span class='ocrx_word' id='word_1_316' title='bbox 1964 724 2025 749; x_wconf 68' lang='lat' dir='ltr'>legia.</span> <span class='ocrx_word' id='word_1_317' title='bbox 2038 726 2148 746; x_wconf 74' lang='lat' dir='ltr'>nonnum-</span> <span class='ocrx_word' id='word_1_318' title='bbox 2173 737 2175 742; x_wconf 84' lang='lat'><em>.</em></span> 
     </span>
    </p>
   </div>
   <div class='ocr_carea' id='block_1_13' title="bbox 1195 747 2180 2681">
    <p class='ocr_par' dir='ltr' id='par_1_15' title="bbox 1203 747 2146 795">
     <span class='ocr_line' id='line_1_62' title="bbox 1203 747 2146 795; baseline 0.001 -14"><span class='ocrx_word' id='word_1_319' title='bbox 1203 758 1375 792; x_wconf 68' lang='lat' dir='ltr'>cesserim),</span> <span class='ocrx_word' id='word_1_320' title='bbox 1399 747 1504 781; x_wconf 85' lang='lat' dir='ltr'>nullus</span> <span class='ocrx_word' id='word_1_321' title='bbox 1526 747 1565 781; x_wconf 91' lang='lat' dir='ltr'>ibi</span> <span class='ocrx_word' id='word_1_322' title='bbox 1588 747 1726 794; x_wconf 78' lang='lat' dir='ltr'>qualibet</span> <span class='ocrx_word' id='word_1_323' title='bbox 1743 748 1950 795; x_wconf 85' lang='lat' dir='ltr'>surreptionis</span> <span class='ocrx_word' id='word_1_324' title='bbox 1963 761 2003 782; x_wconf 70' lang='grc' dir='ltr'>(ιυρ</span> <span class='ocrx_word' id='word_1_325' title='bbox 2027 759 2146 792; x_wconf 64' lang='lat' dir='ltr'>statuunt-¹·-</span> 
     </span>
    </p>

    <p class='ocr_par' dir='ltr' id='par_1_16' title="bbox 1203 787 2147 844">
     <span class='ocr_line' id='line_1_63' title="bbox 1203 787 2147 844; baseline 0.003 -14"><span class='ocrx_word' id='word_1_326' title='bbox 1203 797 1314 831; x_wconf 87' lang='lat' dir='ltr'>astutia</span> <span class='ocrx_word' id='word_1_327' title='bbox 1354 809 1408 832; x_wconf 84' lang='lat' dir='ltr'>seu</span> <span class='ocrx_word' id='word_1_328' title='bbox 1446 797 1590 831; x_wconf 88' lang='lat' dir='ltr'>violentia</span> <span class='ocrx_word' id='word_1_329' title='bbox 1628 805 1854 844; x_wconf 84' lang='lat' dir='ltr'>praeponatur,</span> <span class='ocrx_word' id='word_1_330' title='bbox 1891 797 1947 830; x_wconf 76' lang='lat' dir='ltr'>nisi</span> <span class='ocrx_word' id='word_1_331' title='bbox 1963 787 2147 842; x_wconf 50' lang='grc' dir='ltr'>ῗξέξῇζᾞῗζῖἒῖἷῖ</span> 
     </span>
    </p>

    <p class='ocr_par' dir='ltr' id='par_1_17' title="bbox 1195 846 2180 2681">
     <span class='ocr_line' id='line_1_64' title="bbox 1203 846 2180 899; baseline 0.004 -20"><span class='ocrx_word' id='word_1_332' title='bbox 1203 858 1296 892; x_wconf 84' lang='lat' dir='ltr'>quem</span> <span class='ocrx_word' id='word_1_333' title='bbox 1326 846 1433 881; x_wconf 86' lang='lat' dir='ltr'>fratres</span> <span class='ocrx_word' id='word_1_334' title='bbox 1455 847 1616 881; x_wconf 91' lang='lat' dir='ltr'>communi</span> <span class='ocrx_word' id='word_1_335' title='bbox 1639 859 1807 884; x_wconf 80' lang='lat' dir='ltr'>consensu,</span> <span class='ocrx_word' id='word_1_336' title='bbox 1831 846 1876 881; x_wconf 86' lang='lat' dir='ltr'>vel</span> <span class='ocrx_word' id='word_1_337' title='bbox 1895 847 1951 881; x_wconf 86' lang='lat' dir='ltr'>fra·</span> <span class='ocrx_word' id='word_1_338' title='bbox 1963 847 2146 899; x_wconf 50' lang='lat' dir='ltr'>g¹¹⁰⁵³³23¹9¹³⁰¹¹³⁰¹</span> <span class='ocrx_word' id='word_1_339' title='bbox 2179 859 2180 862; x_wconf 77' lang='grc'>’</span> 
     </span>
     <span class='ocr_line' id='line_1_65' title="bbox 1203 885 2180 942; baseline 0.001 -13"><span class='ocrx_word' id='word_1_340' title='bbox 1203 903 1283 930; x_wconf 88' lang='lat' dir='ltr'>trum</span> <span class='ocrx_word' id='word_1_341' title='bbox 1302 908 1373 942; x_wconf 86' lang='lat' dir='ltr'>pars</span> <span class='ocrx_word' id='word_1_342' title='bbox 1387 896 1509 930; x_wconf 89' lang='lat' dir='ltr'>consilii</span> <span class='ocrx_word' id='word_1_343' title='bbox 1524 897 1666 936; x_wconf 88' lang='lat' dir='ltr'>sanioris,</span> <span class='ocrx_word' id='word_1_344' title='bbox 1689 896 1849 940; x_wconf 73' lang='lat' dir='ltr'>elegerint.</span> <span class='ocrx_word' id='word_1_345' title='bbox 1869 885 2146 930; x_wconf 55' lang='lat' dir='ltr'>(lon-iingssiiassmffl&#39;</span> <span class='ocrx_word' id='word_1_346' title='bbox 2179 895 2180 926; x_wconf 59' lang='lat' dir='ltr'>l</span> 
     </span>
     <span class='ocr_line' id='line_1_66' title="bbox 1203 930 2180 988; baseline 0.004 -9"><span class='ocrx_word' id='word_1_347' title='bbox 1203 946 1393 981; x_wconf 89' lang='lat' dir='ltr'>secrationes</span> <span class='ocrx_word' id='word_1_348' title='bbox 1413 945 1556 980; x_wconf 86' lang='lat' dir='ltr'>altarium</span> <span class='ocrx_word' id='word_1_349' title='bbox 1579 946 1644 981; x_wconf 78' lang='lat' dir='ltr'>sire</span> <span class='ocrx_word' id='word_1_350' title='bbox 1670 945 1880 988; x_wconf 83' lang='lat' dir='ltr'>basilicarum,</span> <span class='ocrx_word' id='word_1_351' title='bbox 1904 959 1951 980; x_wconf 91' lang='lat' dir='ltr'>or·</span> <span class='ocrx_word' id='word_1_352' title='bbox 2179 930 2180 983; x_wconf 68' lang='lat' dir='ltr'>l</span> 
     </span>
     <span class='ocr_line' id='line_1_67' title="bbox 1203 994 1949 1039; baseline 0.003 -11"><span class='ocrx_word' id='word_1_353' title='bbox 1203 994 1377 1030; x_wconf 87' lang='lat' dir='ltr'>dinationes</span> <span class='ocrx_word' id='word_1_354' title='bbox 1412 995 1617 1039; x_wconf 85' lang='lat' dir='ltr'>clericorum,</span> <span class='ocrx_word' id='word_1_355' title='bbox 1644 994 1807 1039; x_wconf 81' lang='lat' dir='ltr'>Clirisma,</span> <span class='ocrx_word' id='word_1_356' title='bbox 1834 994 1949 1030; x_wconf 80' lang='lat' dir='ltr'>Oleum</span> 
     </span>
     <span class='ocr_line' id='line_1_68' title="bbox 1203 1044 1950 1092; baseline 0 -13"><span class='ocrx_word' id='word_1_357' title='bbox 1203 1054 1357 1090; x_wconf 84' lang='lat' dir='ltr'>sanetum,</span> <span class='ocrx_word' id='word_1_358' title='bbox 1388 1052 1419 1079; x_wconf 92' lang='lat' dir='ltr'>et</span> <span class='ocrx_word' id='word_1_359' title='bbox 1445 1053 1582 1085; x_wconf 89' lang='lat' dir='ltr'>caetera,</span> <span class='ocrx_word' id='word_1_360' title='bbox 1609 1044 1646 1079; x_wconf 91' lang='lat' dir='ltr'>ad</span> <span class='ocrx_word' id='word_1_361' title='bbox 1668 1044 1846 1092; x_wconf 85' lang='lat' dir='ltr'>episcopale</span> <span class='ocrx_word' id='word_1_362' title='bbox 1879 1045 1950 1079; x_wconf 84' lang='lat' dir='ltr'>ofli-</span> 
     </span>
     <span class='ocr_line' id='line_1_69' title="bbox 1202 1093 1949 1142; baseline 0 -14"><span class='ocrx_word' id='word_1_363' title='bbox 1202 1094 1285 1128; x_wconf 86' lang='lat' dir='ltr'>cium</span> <span class='ocrx_word' id='word_1_364' title='bbox 1307 1094 1509 1142; x_wconf 83' lang='lat' dir='ltr'>pertinentia,</span> <span class='ocrx_word' id='word_1_365' title='bbox 1522 1094 1561 1129; x_wconf 84' lang='lat' dir='ltr'>ab</span> <span class='ocrx_word' id='word_1_366' title='bbox 1577 1095 1726 1142; x_wconf 80' lang='lat' dir='ltr'>episcopo</span> <span class='ocrx_word' id='word_1_367' title='bbox 1743 1093 1949 1141; x_wconf 81' lang='lat' dir='ltr'>Frisiugensi,</span> 
     </span>
     <span class='ocr_line' id='line_1_70' title="bbox 1202 1143 1950 1191; baseline 0.001 -14"><span class='ocrx_word' id='word_1_368' title='bbox 1202 1143 1233 1177; x_wconf 89' lang='lat' dir='ltr'>in</span> <span class='ocrx_word' id='word_1_369' title='bbox 1256 1144 1347 1179; x_wconf 90' lang='lat' dir='ltr'>cuius</span> <span class='ocrx_word' id='word_1_370' title='bbox 1377 1144 1512 1179; x_wconf 82' lang='lat' dir='ltr'>dioecesi</span> <span class='ocrx_word' id='word_1_371' title='bbox 1536 1144 1626 1188; x_wconf 80' lang='lat' dir='ltr'>estis,</span> <span class='ocrx_word' id='word_1_372' title='bbox 1649 1143 1826 1191; x_wconf 74' lang='lat' dir='ltr'>accipietis3</span> <span class='ocrx_word' id='word_1_373' title='bbox 1853 1145 1878 1178; x_wconf 90' lang='lat' dir='ltr'>si</span> <span class='ocrx_word' id='word_1_374' title='bbox 1908 1152 1950 1178; x_wconf 91' lang='lat' dir='ltr'>ta-</span> 
     </span>
     <span class='ocr_line' id='line_1_71' title="bbox 1203 1193 1950 1240; baseline 0 -13"><span class='ocrx_word' id='word_1_375' title='bbox 1203 1205 1273 1228; x_wconf 90' lang='lat' dir='ltr'>men</span> <span class='ocrx_word' id='word_1_376' title='bbox 1292 1193 1464 1229; x_wconf 87' lang='lat' dir='ltr'>catholicns</span> <span class='ocrx_word' id='word_1_377' title='bbox 1482 1201 1539 1233; x_wconf 89' lang='lat' dir='ltr'>est,</span> <span class='ocrx_word' id='word_1_378' title='bbox 1561 1202 1590 1228; x_wconf 88' lang='lat' dir='ltr'>et</span> <span class='ocrx_word' id='word_1_379' title='bbox 1604 1194 1733 1240; x_wconf 82' lang='lat' dir='ltr'>gratiam</span> <span class='ocrx_word' id='word_1_380' title='bbox 1754 1201 1846 1240; x_wconf 87' lang='lat' dir='ltr'>atque</span> <span class='ocrx_word' id='word_1_381' title='bbox 1860 1206 1950 1228; x_wconf 87' lang='lat' dir='ltr'>com-</span> 
     </span>
     <span class='ocr_line' id='line_1_72' title="bbox 1202 1242 1949 1291; baseline 0 -14"><span class='ocrx_word' id='word_1_382' title='bbox 1202 1244 1386 1279; x_wconf 85' lang='lat' dir='ltr'>munionem</span> <span class='ocrx_word' id='word_1_383' title='bbox 1410 1243 1609 1291; x_wconf 86' lang='lat' dir='ltr'>Apostolicae</span> <span class='ocrx_word' id='word_1_384' title='bbox 1631 1243 1723 1278; x_wconf 81' lang='lat' dir='ltr'>Sedis</span> <span class='ocrx_word' id='word_1_385' title='bbox 1741 1242 1903 1284; x_wconf 87' lang='lat' dir='ltr'>habuerit,</span> <span class='ocrx_word' id='word_1_386' title='bbox 1919 1250 1949 1277; x_wconf 84' lang='lat' dir='ltr'>et</span> 
     </span>
     <span class='ocr_line' id='line_1_73' title="bbox 1201 1291 1948 1341; baseline -0.001 -14"><span class='ocrx_word' id='word_1_387' title='bbox 1201 1305 1235 1328; x_wconf 90' lang='lat' dir='ltr'>ea</span> <span class='ocrx_word' id='word_1_388' title='bbox 1258 1294 1354 1341; x_wconf 86' lang='lat' dir='ltr'>gratis</span> <span class='ocrx_word' id='word_1_389' title='bbox 1375 1305 1411 1328; x_wconf 88' lang='lat' dir='ltr'>ac</span> <span class='ocrx_word' id='word_1_390' title='bbox 1438 1294 1506 1329; x_wconf 89' lang='lat' dir='ltr'>siue</span> <span class='ocrx_word' id='word_1_391' title='bbox 1530 1293 1677 1340; x_wconf 81' lang='lat' dir='ltr'>pravitate</span> <span class='ocrx_word' id='word_1_392' title='bbox 1698 1291 1880 1340; x_wconf 84' lang='lat' dir='ltr'>impendere</span> <span class='ocrx_word' id='word_1_393' title='bbox 1899 1305 1948 1327; x_wconf 87' lang='lat' dir='ltr'>vo-</span> 
     </span>
     <span class='ocr_line' id='line_1_74' title="bbox 1202 1341 1947 1390; baseline -0.001 -13"><span class='ocrx_word' id='word_1_394' title='bbox 1202 1343 1312 1384; x_wconf 84' lang='lat' dir='ltr'>luerit;</span> <span class='ocrx_word' id='word_1_395' title='bbox 1334 1343 1484 1390; x_wconf 89' lang='lat' dir='ltr'>alioquin,</span> <span class='ocrx_word' id='word_1_396' title='bbox 1508 1342 1600 1377; x_wconf 91' lang='lat' dir='ltr'>liceat</span> <span class='ocrx_word' id='word_1_397' title='bbox 1623 1342 1720 1387; x_wconf 87' lang='lat' dir='ltr'>vobis,</span> <span class='ocrx_word' id='word_1_398' title='bbox 1747 1341 1947 1382; x_wconf 81' lang='lat' dir='ltr'>catholicum,</span> 
     </span>
     <span class='ocr_line' id='line_1_75' title="bbox 1201 1391 1948 1440; baseline -0.001 -13"><span class='ocrx_word' id='word_1_399' title='bbox 1201 1405 1295 1440; x_wconf 89' lang='lat' dir='ltr'>quem</span> <span class='ocrx_word' id='word_1_400' title='bbox 1323 1393 1493 1433; x_wconf 79' lang='lat' dir='ltr'>volueritis,</span> <span class='ocrx_word' id='word_1_401' title='bbox 1520 1392 1606 1427; x_wconf 88' lang='lat' dir='ltr'>adire</span> <span class='ocrx_word' id='word_1_402' title='bbox 1637 1392 1818 1432; x_wconf 87' lang='lat' dir='ltr'>antistitem,</span> <span class='ocrx_word' id='word_1_403' title='bbox 1845 1400 1878 1426; x_wconf 88' lang='lat' dir='ltr'>et</span> <span class='ocrx_word' id='word_1_404' title='bbox 1907 1391 1948 1427; x_wconf 89' lang='lat' dir='ltr'>ab</span> 
     </span>
     <span class='ocr_line' id='line_1_76' title="bbox 1200 1441 1948 1488; baseline 0 -12"><span class='ocrx_word' id='word_1_405' title='bbox 1200 1455 1237 1477; x_wconf 90' lang='lat' dir='ltr'>eo</span> <span class='ocrx_word' id='word_1_406' title='bbox 1259 1444 1530 1478; x_wconf 85' lang='lat' dir='ltr'>consecrationum</span> <span class='ocrx_word' id='word_1_407' title='bbox 1553 1450 1747 1477; x_wconf 89' lang='lat' dir='ltr'>sacramenta</span> <span class='ocrx_word' id='word_1_408' title='bbox 1769 1441 1948 1488; x_wconf 84' lang='lat' dir='ltr'>suscipere,</span> 
     </span>
     <span class='ocr_line' id='line_1_77' title="bbox 1202 1491 1947 1539; baseline -0.001 -12"><span class='ocrx_word' id='word_1_409' title='bbox 1202 1492 1247 1526; x_wconf 80' lang='lat' dir='ltr'>vet</span> <span class='ocrx_word' id='word_1_410' title='bbox 1270 1492 1307 1527; x_wconf 93' lang='lat' dir='ltr'>ad</span> <span class='ocrx_word' id='word_1_411' title='bbox 1330 1492 1443 1527; x_wconf 87' lang='lat' dir='ltr'>Sedem</span> <span class='ocrx_word' id='word_1_412' title='bbox 1462 1492 1675 1539; x_wconf 73' lang='lat' dir='ltr'>Apostolicam</span> <span class='ocrx_word' id='word_1_413' title='bbox 1699 1503 1875 1533; x_wconf 85' lang='lat' dir='ltr'>recurrere;</span> <span class='ocrx_word' id='word_1_414' title='bbox 1893 1491 1947 1538; x_wconf 87' lang='lat' dir='ltr'>qui</span> 
     </span>
     <span class='ocr_line' id='line_1_78' title="bbox 1201 1541 1947 1589; baseline 0 -14"><span class='ocrx_word' id='word_1_415' title='bbox 1201 1541 1297 1577; x_wconf 88' lang='lat' dir='ltr'>fultus</span> <span class='ocrx_word' id='word_1_416' title='bbox 1323 1542 1493 1589; x_wconf 85' lang='lat' dir='ltr'>apostolica</span> <span class='ocrx_word' id='word_1_417' title='bbox 1529 1542 1712 1576; x_wconf 82' lang='lat' dir='ltr'>auctoritate</span> <span class='ocrx_word' id='word_1_418' title='bbox 1741 1541 1810 1576; x_wconf 88' lang='lat' dir='ltr'>sine</span> <span class='ocrx_word' id='word_1_419' title='bbox 1843 1541 1947 1575; x_wconf 86' lang='lat' dir='ltr'>ambi-</span> 
     </span>
     <span class='ocr_line' id='line_1_79' title="bbox 1199 1589 1947 1639; baseline -0.001 -14"><span class='ocrx_word' id='word_1_420' title='bbox 1199 1592 1316 1638; x_wconf 81' lang='lat' dir='ltr'>gnitate</span> <span class='ocrx_word' id='word_1_421' title='bbox 1350 1591 1504 1639; x_wconf 89' lang='lat' dir='ltr'>postulata</span> <span class='ocrx_word' id='word_1_422' title='bbox 1535 1591 1696 1626; x_wconf 87' lang='lat' dir='ltr'>concedat.</span> <span class='ocrx_word' id='word_1_423' title='bbox 1736 1589 1947 1625; x_wconf 80' lang='lat' dir='ltr'>prohibemus</span> 
     </span>
     <span class='ocr_line' id='line_1_80' title="bbox 1199 1641 1948 1689; baseline -0.003 -13"><span class='ocrx_word' id='word_1_424' title='bbox 1199 1654 1336 1689; x_wconf 88' lang='lat' dir='ltr'>quoque,</span> <span class='ocrx_word' id='word_1_425' title='bbox 1363 1650 1397 1676; x_wconf 89' lang='lat' dir='ltr'>ut</span> <span class='ocrx_word' id='word_1_426' title='bbox 1419 1641 1495 1676; x_wconf 90' lang='lat' dir='ltr'>nulli</span> <span class='ocrx_word' id='word_1_427' title='bbox 1527 1641 1654 1675; x_wconf 76' lang='lat' dir='ltr'>fratrum</span> <span class='ocrx_word' id='word_1_428' title='bbox 1681 1648 1853 1675; x_wconf 88' lang='lat' dir='ltr'>vestrorum</span> <span class='ocrx_word' id='word_1_429' title='bbox 1877 1649 1948 1687; x_wconf 85' lang='lat' dir='ltr'>post</span> 
     </span>
     <span class='ocr_line' id='line_1_81' title="bbox 1201 1689 1946 1737; baseline -0.001 -12"><span class='ocrx_word' id='word_1_430' title='bbox 1201 1691 1310 1726; x_wconf 86' lang='lat' dir='ltr'>factam</span> <span class='ocrx_word' id='word_1_431' title='bbox 1331 1692 1362 1725; x_wconf 91' lang='lat' dir='ltr'>in</span> <span class='ocrx_word' id='word_1_432' title='bbox 1384 1691 1495 1726; x_wconf 87' lang='lat' dir='ltr'>eodem</span> <span class='ocrx_word' id='word_1_433' title='bbox 1523 1691 1590 1725; x_wconf 87' lang='lat' dir='ltr'>loco</span> <span class='ocrx_word' id='word_1_434' title='bbox 1614 1690 1852 1737; x_wconf 82' lang='lat' dir='ltr'>professionem,</span> <span class='ocrx_word' id='word_1_435' title='bbox 1873 1689 1946 1724; x_wconf 90' lang='lat' dir='ltr'>abs-</span> 
     </span>
     <span class='ocr_line' id='line_1_82' title="bbox 1199 1739 1946 1788; baseline -0.004 -12"><span class='ocrx_word' id='word_1_436' title='bbox 1199 1753 1260 1788; x_wconf 88' lang='lat' dir='ltr'>que</span> <span class='ocrx_word' id='word_1_437' title='bbox 1280 1741 1446 1788; x_wconf 86' lang='lat' dir='ltr'>praepositi</span> <span class='ocrx_word' id='word_1_438' title='bbox 1468 1741 1514 1775; x_wconf 91' lang='lat' dir='ltr'>sui</span> <span class='ocrx_word' id='word_1_439' title='bbox 1541 1740 1679 1783; x_wconf 89' lang='lat' dir='ltr'>licentia,</span> <span class='ocrx_word' id='word_1_440' title='bbox 1703 1739 1747 1774; x_wconf 91' lang='lat' dir='ltr'>fas</span> <span class='ocrx_word' id='word_1_441' title='bbox 1768 1739 1807 1773; x_wconf 88' lang='lat' dir='ltr'>sit</span> <span class='ocrx_word' id='word_1_442' title='bbox 1827 1752 1844 1774; x_wconf 90' lang='lat' dir='ltr'>e</span> <span class='ocrx_word' id='word_1_443' title='bbox 1865 1739 1946 1774; x_wconf 87' lang='lat' dir='ltr'>clan-</span> 
     </span>
     <span class='ocr_line' id='line_1_83' title="bbox 1198 1788 1947 1836; baseline -0.003 -11"><span class='ocrx_word' id='word_1_444' title='bbox 1198 1799 1262 1825; x_wconf 90' lang='lat' dir='ltr'>stro</span> <span class='ocrx_word' id='word_1_445' title='bbox 1289 1791 1471 1831; x_wconf 69' lang='lat' dir='ltr'>discedere,</span> <span class='ocrx_word' id='word_1_446' title='bbox 1493 1790 1706 1824; x_wconf 83' lang='lat' dir='ltr'>discedentem</span> <span class='ocrx_word' id='word_1_447' title='bbox 1735 1801 1808 1824; x_wconf 83' lang='lat' dir='ltr'>vero</span> <span class='ocrx_word' id='word_1_448' title='bbox 1829 1788 1947 1836; x_wconf 87' lang='lat' dir='ltr'>absque</span> 
     </span>
     <span class='ocr_line' id='line_1_84' title="bbox 1198 1838 1946 1875; baseline -0.004 0"><span class='ocrx_word' id='word_1_449' title='bbox 1198 1841 1413 1875; x_wconf 85' lang='lat' dir='ltr'>communium</span> <span class='ocrx_word' id='word_1_450' title='bbox 1458 1839 1616 1874; x_wconf 84' lang='lat' dir='ltr'>literarum</span> <span class='ocrx_word' id='word_1_451' title='bbox 1657 1838 1801 1873; x_wconf 89' lang='lat' dir='ltr'>cautione</span> <span class='ocrx_word' id='word_1_452' title='bbox 1840 1838 1946 1872; x_wconf 89' lang='lat' dir='ltr'>nullus</span> 
     </span>
     <span class='ocr_line' id='line_1_85' title="bbox 1198 1887 1944 1925; baseline -0.003 -1"><span class='ocrx_word' id='word_1_453' title='bbox 1198 1890 1311 1925; x_wconf 88' lang='lat' dir='ltr'>audeat</span> <span class='ocrx_word' id='word_1_454' title='bbox 1333 1890 1477 1924; x_wconf 88' lang='lat' dir='ltr'>retinere.</span> <span class='ocrx_word' id='word_1_455' title='bbox 1505 1889 1603 1924; x_wconf 90' lang='lat' dir='ltr'>Porro</span> <span class='ocrx_word' id='word_1_456' title='bbox 1622 1888 1760 1923; x_wconf 87' lang='lat' dir='ltr'>decimas</span> <span class='ocrx_word' id='word_1_457' title='bbox 1780 1887 1944 1923; x_wconf 89' lang='lat' dir='ltr'>Novalium</span> 
     </span>
     <span class='ocr_line' id='line_1_86' title="bbox 1197 1938 1946 1984; baseline -0.005 -9"><span class='ocrx_word' id='word_1_458' title='bbox 1197 1940 1339 1975; x_wconf 88' lang='lat' dir='ltr'>eiusdem</span> <span class='ocrx_word' id='word_1_459' title='bbox 1367 1940 1536 1975; x_wconf 84' lang='lat' dir='ltr'>canonicae</span> <span class='ocrx_word' id='word_1_460' title='bbox 1561 1938 1600 1973; x_wconf 86' lang='lat' dir='ltr'>ad</span> <span class='ocrx_word' id='word_1_461' title='bbox 1625 1939 1766 1973; x_wconf 87' lang='lat' dir='ltr'>eamdem</span> <span class='ocrx_word' id='word_1_462' title='bbox 1789 1938 1946 1984; x_wconf 90' lang='lat' dir='ltr'>pertinere</span> 
     </span>
     <span class='ocr_line' id='line_1_87' title="bbox 1197 1986 1945 2024; baseline -0.004 0"><span class='ocrx_word' id='word_1_463' title='bbox 1197 1990 1381 2024; x_wconf 82' lang='lat' dir='ltr'>sanximus:</span> <span class='ocrx_word' id='word_1_464' title='bbox 1405 1989 1490 2024; x_wconf 86' lang='lat' dir='ltr'>salvo</span> <span class='ocrx_word' id='word_1_465' title='bbox 1513 1989 1685 2023; x_wconf 82' lang='lat' dir='ltr'>vicinarum</span> <span class='ocrx_word' id='word_1_466' title='bbox 1705 1987 1770 2022; x_wconf 88' lang='lat' dir='ltr'>inre</span> <span class='ocrx_word' id='word_1_467' title='bbox 1793 1986 1945 2022; x_wconf 87' lang='lat' dir='ltr'>Ecclesia-</span> 
     </span>
     <span class='ocr_line' id='line_1_88' title="bbox 1197 2037 1945 2085; baseline -0.005 -11"><span class='ocrx_word' id='word_1_468' title='bbox 1197 2052 1278 2074; x_wconf 89' lang='lat' dir='ltr'>rum.</span> <span class='ocrx_word' id='word_1_469' title='bbox 1321 2039 1515 2074; x_wconf 78' lang='lat' dir='ltr'>Advocatum</span> <span class='ocrx_word' id='word_1_470' title='bbox 1551 2046 1707 2085; x_wconf 83' lang='lat' dir='ltr'>praeterea</span> <span class='ocrx_word' id='word_1_471' title='bbox 1741 2037 1806 2071; x_wconf 79' lang='lat' dir='ltr'>sire</span> <span class='ocrx_word' id='word_1_472' title='bbox 1839 2045 1945 2084; x_wconf 87' lang='lat' dir='ltr'>prote-</span> 
     </span>
     <span class='ocr_line' id='line_1_89' title="bbox 1196 2085 1944 2124; baseline -0.005 0"><span class='ocrx_word' id='word_1_473' title='bbox 1196 2097 1315 2124; x_wconf 87' lang='lat' dir='ltr'>ctorem</span> <span class='ocrx_word' id='word_1_474' title='bbox 1339 2089 1490 2123; x_wconf 89' lang='lat' dir='ltr'>illustrem</span> <span class='ocrx_word' id='word_1_475' title='bbox 1507 2097 1642 2122; x_wconf 83' lang='lat' dir='ltr'>vestrum</span> <span class='ocrx_word' id='word_1_476' title='bbox 1658 2086 1838 2121; x_wconf 55' lang='lat' dir='ltr'>WVelfonem</span> <span class='ocrx_word' id='word_1_477' title='bbox 1854 2085 1944 2120; x_wconf 89' lang='lat' dir='ltr'>vohis</span> 
     </span>
     <span class='ocr_line' id='line_1_90' title="bbox 1196 2135 1941 2184; baseline -0.005 -11"><span class='ocrx_word' id='word_1_478' title='bbox 1196 2139 1418 2178; x_wconf 80' lang='lat' dir='ltr'>concedimus,</span> <span class='ocrx_word' id='word_1_479' title='bbox 1453 2146 1483 2173; x_wconf 84' lang='lat' dir='ltr'>et</span> <span class='ocrx_word' id='word_1_480' title='bbox 1513 2138 1582 2172; x_wconf 85' lang='lat' dir='ltr'>eius</span> <span class='ocrx_word' id='word_1_481' title='bbox 1607 2144 1676 2184; x_wconf 86' lang='lat' dir='ltr'>post</span> <span class='ocrx_word' id='word_1_482' title='bbox 1696 2148 1768 2171; x_wconf 90' lang='lat' dir='ltr'>eum</span> <span class='ocrx_word' id='word_1_483' title='bbox 1791 2135 1882 2175; x_wconf 87' lang='lat' dir='ltr'>filios,</span> <span class='ocrx_word' id='word_1_484' title='bbox 1915 2136 1941 2169; x_wconf 89' lang='lat' dir='ltr'>si</span> 
     </span>
     <span class='ocr_line' id='line_1_91' title="bbox 1196 2184 1942 2234; baseline -0.007 -11"><span class='ocrx_word' id='word_1_485' title='bbox 1196 2188 1350 2224; x_wconf 90' lang='lat' dir='ltr'>eiusmodi</span> <span class='ocrx_word' id='word_1_486' title='bbox 1378 2188 1444 2223; x_wconf 83' lang='lat' dir='ltr'>Deo</span> <span class='ocrx_word' id='word_1_487' title='bbox 1459 2194 1646 2234; x_wconf 85' lang='lat' dir='ltr'>-praestante</span> <span class='ocrx_word' id='word_1_488' title='bbox 1669 2185 1800 2230; x_wconf 77' lang='lat' dir='ltr'>fuerint,</span> <span class='ocrx_word' id='word_1_489' title='bbox 1823 2193 1856 2219; x_wconf 90' lang='lat' dir='ltr'>ut</span> <span class='ocrx_word' id='word_1_490' title='bbox 1879 2184 1942 2219; x_wconf 89' lang='lat' dir='ltr'>Ec-</span> 
     </span>
     <span class='ocr_line' id='line_1_92' title="bbox 1196 2234 1942 2283; baseline -0.007 -10"><span class='ocrx_word' id='word_1_491' title='bbox 1196 2239 1307 2273; x_wconf 87' lang='lat' dir='ltr'>clesiae</span> <span class='ocrx_word' id='word_1_492' title='bbox 1326 2246 1445 2272; x_wconf 82' lang='lat' dir='ltr'>vestrae</span> <span class='ocrx_word' id='word_1_493' title='bbox 1466 2237 1572 2280; x_wconf 74' lang='lat' dir='ltr'>untes,</span> <span class='ocrx_word' id='word_1_494' title='bbox 1595 2244 1625 2270; x_wconf 78' lang='lat' dir='ltr'>et</span> <span class='ocrx_word' id='word_1_495' title='bbox 1644 2243 1790 2283; x_wconf 87' lang='lat' dir='ltr'>pateruae</span> <span class='ocrx_word' id='word_1_496' title='bbox 1817 2234 1942 2269; x_wconf 92' lang='lat' dir='ltr'>institu-</span> 
     </span>
     <span class='ocr_line' id='line_1_93' title="bbox 1197 2285 1942 2328; baseline -0.007 -6"><span class='ocrx_word' id='word_1_497' title='bbox 1197 2288 1289 2322; x_wconf 90' lang='lat' dir='ltr'>tionis</span> <span class='ocrx_word' id='word_1_498' title='bbox 1334 2288 1468 2322; x_wconf 84' lang='lat' dir='ltr'>existant</span> <span class='ocrx_word' id='word_1_499' title='bbox 1508 2293 1706 2326; x_wconf 75' lang='lat' dir='ltr'>executores3</span> <span class='ocrx_word' id='word_1_500' title='bbox 1741 2285 1787 2320; x_wconf 92' lang='lat' dir='ltr'>sin</span> <span class='ocrx_word' id='word_1_501' title='bbox 1820 2293 1942 2328; x_wconf 82' lang='lat' dir='ltr'>autem,</span> 
     </span>
     <span class='ocr_line' id='line_1_94' title="bbox 1195 2333 1942 2383; baseline -0.005 -11"><span class='ocrx_word' id='word_1_502' title='bbox 1195 2338 1252 2372; x_wconf 87' lang='lat' dir='ltr'>erit</span> <span class='ocrx_word' id='word_1_503' title='bbox 1269 2338 1362 2371; x_wconf 83' lang='lat' dir='ltr'>vestri</span> <span class='ocrx_word' id='word_1_504' title='bbox 1378 2336 1508 2378; x_wconf 84' lang='lat' dir='ltr'>arbitrii,</span> <span class='ocrx_word' id='word_1_505' title='bbox 1531 2348 1624 2383; x_wconf 89' lang='lat' dir='ltr'>quem</span> <span class='ocrx_word' id='word_1_506' title='bbox 1648 2335 1808 2370; x_wconf 82' lang='lat' dir='ltr'>volueritis</span> <span class='ocrx_word' id='word_1_507' title='bbox 1825 2333 1942 2379; x_wconf 74' lang='lat' dir='ltr'>eligere</span> 
     </span>
     <span class='ocr_line' id='line_1_95' title="bbox 1197 2386 1941 2431; baseline -0.005 -11"><span class='ocrx_word' id='word_1_508' title='bbox 1197 2395 1314 2422; x_wconf 81' lang='lat' dir='ltr'>vestrae</span> <span class='ocrx_word' id='word_1_509' title='bbox 1337 2386 1510 2427; x_wconf 82' lang='lat' dir='ltr'>Ecclesiae,</span> <span class='ocrx_word' id='word_1_510' title='bbox 1538 2386 1685 2420; x_wconf 90' lang='lat' dir='ltr'>idoneum</span> <span class='ocrx_word' id='word_1_511' title='bbox 1722 2392 1941 2431; x_wconf 81' lang='lat' dir='ltr'>protectorem,</span> 
     </span>
     <span class='ocr_line' id='line_1_96' title="bbox 1195 2432 1940 2483; baseline -0.007 -13"><span class='ocrx_word' id='word_1_512' title='bbox 1195 2437 1248 2483; x_wconf 88' lang='lat' dir='ltr'>qui</span> <span class='ocrx_word' id='word_1_513' title='bbox 1286 2437 1355 2471; x_wconf 87' lang='lat' dir='ltr'>sine</span> <span class='ocrx_word' id='word_1_514' title='bbox 1392 2436 1467 2470; x_wconf 92' lang='lat' dir='ltr'>lucri</span> <span class='ocrx_word' id='word_1_515' title='bbox 1508 2434 1676 2470; x_wconf 87' lang='lat' dir='ltr'>saecularis</span> <span class='ocrx_word' id='word_1_516' title='bbox 1714 2433 1876 2468; x_wconf 81' lang='lat' dir='ltr'>exactione</span> <span class='ocrx_word' id='word_1_517' title='bbox 1910 2432 1940 2466; x_wconf 92' lang='lat' dir='ltr'>id</span> 
     </span>
     <span class='ocr_line' id='line_1_97' title="bbox 1195 2485 1941 2520; baseline -0.008 0"><span class='ocrx_word' id='word_1_518' title='bbox 1195 2486 1318 2520; x_wconf 82' lang='lat' dir='ltr'>divinae</span> <span class='ocrx_word' id='word_1_519' title='bbox 1352 2485 1511 2520; x_wconf 86' lang='lat' dir='ltr'>servitutis</span> <span class='ocrx_word' id='word_1_520' title='bbox 1545 2492 1671 2519; x_wconf 88' lang='lat' dir='ltr'>strenue</span> <span class='ocrx_word' id='word_1_521' title='bbox 1700 2496 1736 2518; x_wconf 88' lang='lat' dir='ltr'>ac</span> <span class='ocrx_word' id='word_1_522' title='bbox 1764 2489 1941 2517; x_wconf 85' lang='lat' dir='ltr'>reverenter</span> 
     </span>
     <span class='ocr_line' id='line_1_98' title="bbox 1195 2530 1941 2579; baseline -0.009 -9"><span class='ocrx_word' id='word_1_523' title='bbox 1195 2535 1372 2570; x_wconf 81' lang='lat' dir='ltr'>exhibeant.</span> <span class='ocrx_word' id='word_1_524' title='bbox 1395 2535 1602 2570; x_wconf 89' lang='lat' dir='ltr'>Decernimus</span> <span class='ocrx_word' id='word_1_525' title='bbox 1622 2545 1708 2579; x_wconf 84' lang='lat' dir='ltr'>ergo,</span> <span class='ocrx_word' id='word_1_526' title='bbox 1725 2540 1758 2566; x_wconf 91' lang='lat' dir='ltr'>ut</span> <span class='ocrx_word' id='word_1_527' title='bbox 1779 2530 1856 2566; x_wconf 91' lang='lat' dir='ltr'>nulli</span> <span class='ocrx_word' id='word_1_528' title='bbox 1871 2543 1941 2565; x_wconf 89' lang='lat' dir='ltr'>om-</span> 
     </span>
     <span class='ocr_line' id='line_1_99' title="bbox 1196 2580 1939 2630; baseline -0.011 -10"><span class='ocrx_word' id='word_1_529' title='bbox 1196 2585 1271 2620; x_wconf 91' lang='lat' dir='ltr'>nino</span> <span class='ocrx_word' id='word_1_530' title='bbox 1294 2585 1457 2619; x_wconf 83' lang='lat' dir='ltr'>bominum</span> <span class='ocrx_word' id='word_1_531' title='bbox 1484 2584 1586 2622; x_wconf 80' lang='lat' dir='ltr'>liceat,</span> <span class='ocrx_word' id='word_1_532' title='bbox 1614 2582 1779 2630; x_wconf 82' lang='lat' dir='ltr'>praefatam</span> <span class='ocrx_word' id='word_1_533' title='bbox 1807 2580 1939 2615; x_wconf 78' lang='lat' dir='ltr'>canoni-</span> 
     </span>
     <span class='ocr_line' id='line_1_100' title="bbox 1197 2631 1940 2681; baseline -0.008 -12"><span class='ocrx_word' id='word_1_534' title='bbox 1197 2647 1262 2669; x_wconf 81' lang='lat' dir='ltr'>cam</span> <span class='ocrx_word' id='word_1_535' title='bbox 1287 2643 1403 2669; x_wconf 86' lang='lat' dir='ltr'>temere</span> <span class='ocrx_word' id='word_1_536' title='bbox 1430 2633 1623 2681; x_wconf 80' lang='lat' dir='ltr'>perturbare,</span> <span class='ocrx_word' id='word_1_537' title='bbox 1650 2640 1702 2666; x_wconf 88' lang='lat' dir='ltr'>aut</span> <span class='ocrx_word' id='word_1_538' title='bbox 1725 2631 1793 2665; x_wconf 90' lang='lat' dir='ltr'>eius</span> <span class='ocrx_word' id='word_1_539' title='bbox 1815 2642 1940 2678; x_wconf 84' lang='lat' dir='ltr'>posses-</span> 
     </span>
    </p>
   </div>
   <div class='ocr_carea' id='block_1_14' title="bbox 1954 2545 2137 2598">
    <p class='ocr_par' dir='ltr' id='par_1_18' title="bbox 1954 2545 2137 2598">
     <span class='ocr_line' id='line_1_101' title="bbox 1968 2545 2137 2567; baseline 0 -1"><span class='ocrx_word' id='word_1_540' title='bbox 1968 2545 2078 2566; x_wconf 72' lang='lat' dir='ltr'>Decretum</span> <span class='ocrx_word' id='word_1_541' title='bbox 2101 2546 2137 2567; x_wconf 79' lang='lat' dir='ltr'>in-</span> 
     </span>
     <span class='ocr_line' id='line_1_102' title="bbox 1954 2577 2083 2598; baseline 0 -1"><span class='ocrx_word' id='word_1_542' title='bbox 1954 2577 2083 2598; x_wconf 75' lang='lat' dir='ltr'>«ieiunitatis.</span> 
     </span>
    </p>
   </div>
  </div>
 </body>
</html>
