2180 3205
210 241 260 269 An.
280 241 306 268 C.
328 241 393 269 tt7t

252 1354 369 1375 Exordium.

462 231 530 265 754

408 309 458 331 an.
499 306 647 334 norm,
697 291 896 336 pontificatus
935 303 1007 326 vero
1047 289 1154 324 domni

408 345 575 380 Alexandri
601 344 664 378 PP.
692 342 731 376 ΙΙΙ
754 353 834 375 anno
862 353 922 374 xit.

471 401 533 431 Dat.
554 401 600 431 die
623 400 660 430 28
684 399 758 435 iulii,
777 408 852 428 anno
872 397 984 428 [totnini
1009 397 1093 432 l‘l'tl,

645 439 749 479 pontis.
771 448 846 468 anno
870 446 920 468 xn.

743 583 827 618 th.

412 657 659 691 Transactt'onem
681 652 850 701 quamda'm
871 657 906 689 (le
928 656 1082 688 nonnullis
1100 655 1159 687 Ec-

457 708 577 745 etesiis,
607 708 685 739 inter
721 707 908 739 Casstnenses
946 706 1108 738 monachos
1134 710 1159 736 et

458 757 647 790 Fundanum
661 757 831 800 episcopum
848 756 975 800 factam,
992 754 1159 799 apostolica

459 808 584 840 roborat
611 806 841 851 confirmatione
863 806 917 849 (l).

682 880 896 912 sutttttttttut

410 941 578 972 Exordium.
610 959 648 962 —
674 940 914 969 Transactionem
947 939 982 968 de
1014 938 1164 967 nonnullis

453 982 609 1017 Ecclesiis‚
632 982 707 1010 inter
729 980 921 1009 Cassinenses
947 979 1105 1007 monachos
1138 983 1165 1006 et

451 1022 626 1051 Fundanum
659 1021 830 1059 episcopum
872 1019 976 1048 factam
1013 1020 1166 1047 contirmat

454 1062 594 1091 Pontifex.
616 1078 656 1083 --
677 1061 786 1090 Solitae
810 1059 971 1088 clausulae.

412 1128 562 1158 Alexander
575 1127 716 1163 episcopus
729 1133 822 1155 servus
835 1133 974 1154 servorum
986 1125 1041 1158 Dei,
1060 1123 1168 1152 dilectis

459 1178 535 1211 filiis,
555 1178 585 1205 Ι).
608 1177 711 1210 abbati,
732 1177 761 1205 et
774 1176 911 1205 fratribus
929 1176 1078 1210 cassinen„
1096 1176 1167 1204 salu·

460 1229 517 1256 tem
538 1228 568 1256 et
587 1226 768 1263 apostolicam
785 1226 1007 1255 benedictionem.

465 1293 523 1333 Ea,
546 1304 626 1339 quae
649 1291 766 1326 iudicio
788 1291 834 1326 vel
859 1292 1068 1326 transactione
1084 1291 1170 1325 ratio·

420 1343 566 1378 nal‘iiliter
611 1342 692 1376 iuter
730 1341 851 1388 aliquos
889 1349 1091 1380 statuuntur,
1130 1353 1169 1375 ne

419 1393 614 1438 malignitate
647 1391 816 1426 cuiuslibet
846 1404 861 1425 a
898 1404 950 1424 sna
980 1390 1100 1425 valcant
1125 1392 1169 1424 lir-

421 1443 526 1477 mitate
553 1441 677 1481 divelli,
705 1441 752 1475 vel
787 1440 1041 1487 praesumptione
1077 1449 1168 1473 temo-

422 1493 502 1527 raria
525 1491 698 1531 immutari,
715 1498 778 1525 nata
794 1490 912 1524 debent
933 1498 961 1524 et
986 1491 1167 1525 inconvulsa

423 1542 603 1589 persistere,
630 1549 659 1574 et
686 1540 859 1585 apostolico
895 1540 1040 1574 convenit
1072 1540 1172 1573 mnni—

423 1592 508 1626 mine
530 1590 680 1626 roborari.
708 1589 893 1636 Eapropter,
916 1589 1021 1623 dilecti
1053 1590 1084 1623 in
1113 1589 1170 1623 Do-

424 1642 511 1675 mino
548 1640 614 1679 titii,
651 1640 759 1673 vestris
787 1639 878 1673 iustis
907 1639 1171 1685 postulationibus

237 1700 409 1722 Transactiffltesst
426 1691 561 1736 benigne
588 1697 775 1732 annuentes,
804 1689 1058 1731 transactionem,
1077 1701 1170 1734 qnam

228 1734 252 1753 (κ’
261 1729 368 1751 nonnullis
377 1732 411 1747 ec-

228 1758 413 1782 ··t·-÷nsmte.‹:as-
426 1739 615 1774 venerabilis
642 1738 734 1773 frater
756 1746 861 1772 noster
882 1738 922 1772 R.
950 1738 1090 1784 Aquinas
1110 1739 1170 1784 epi-

233 1800 252 1813 ”·
270 1800 273 1805 ·
292 1799 326 1811 “⁵
342 1796 412 1811 ¹¹¹⁰¹'·¹‘
427 1802 555 1836 scopus,
577 1797 608 1823 et
630 1788 734 1822 dilecti
770 1787 823 1821 filii
846 1787 885 1822 G.
915 1787 1032 1822 Fossae
1054 1787 1172 1828 Novae,

230 1832 233 1843 ¹
273 1822 411 1881 .1²..l0¹¹¹}‚¹uln
427 1839 466 1873 A.
493 1838 527 1873 S.
550 1838 712 1872 Laurentii
736 1837 775 1871 de
796 1840 924 1877 Aversa,
947 1846 976 1871 et
998 1836 1037 1871 G.
1063 1836 1174 1871 Casae·

252 1920 272 1936 at
286 1886 398 1936 ll'lonlilltl‘lxllr

428 1889 517 1923 marii
540 1887 680 1932 abbates,
715 1887 795 1921 inter
827 1900 881 1921 vos
907 1895 938 1921 et
964 1887 1172 1921 venerabilem

428 1938 553 1973 fratrem
588 1945 729 1972 nostrum
768 1936 955 1971 Fundanum
991 1937 1172 1983 episcopum

428 2000 523 2034 super
545 1987 688 2021 ecclesiis
710 1986 743 2020 S.
770 1986 887 2032 Magni,
909 1986 942 2019 S.
973 1986 1114 2020 llonnsrii
1145 1987 1174 2020 in

429 2037 550 2084 Campo
569 2036 607 2071 de
628 2036 732 2080 Melle,
747 2044 777 2070 et
791 2036 824 2070 S.
841 2036 949 2070 Hellae
964 2036 992 2069 in
1018 2036 1175 2076 Atnliriso,

430 2094 461 2121 et
482 2086 516 2121 S.
543 2086 668 2120 Martini
691 2086 721 2119 in
745 2085 867 2120 Terelle
889 2085 1114 2119 rationabiliter
1140 2086 1176 2119 l'e-

431 2137 511 2170 cisse
534 2144 720 2178 noscuntur,
736 2135 945 2170 concedentes
961 2135 1061 2169 eidem
1079 2135 1175 2181 episc.

432 2185 595 2220 ecclesiam
618 2185 651 2220 S.
679 2185 804 2219 Martini
828 2185 858 2219 in
885 2184 997 2223 Ynnla,
1021 2193 1049 2219 et
1071 2197 1175 2231 qnam-

433 2236 503 2269 dam
527 2244 656 2273 terram,
679 2246 758 2282 quae
780 2234 895 2269 dicitur
911 2234 1043 2274 Limata,
1070 2246 1179 2280 quem-

433 2285 604 2319 admodum
644 2284 674 2318 in
708 2284 889 2318 authentico
921 2284 1037 2330 scripto
1064 2283 1178 2317 exinde

434 2334 514 2369 sacto
554 2333 754 2373 continetur,
790 2333 972 2368 auctoritate
1009 2333 1178 2380 apostolica

434 2384 668 2423 confirmamus,
695 2391 725 2417 et
748 2391 779 2418 ut
802 2383 962 2430 perpetuis
984 2383 1179 2430 temporibus

436 2432 656 2467 inviolabiliter
673 2432 865 2472 observetur,
883 2433 1052 2479 praesentis
1070 2432 1178 2478 scripti

436 2491 609 2528 patrocimo
643 2494 894 2523 eommunnnus3
928 2490 1118 2522 statuentes,
1145 2489 1180 2515 ut

436 2531 514 2564 nulli
539 2531 668 2565 omnino
703 2531 865 2566 hominum
893 2531 1002 2573 liceat,
1029 2531 1110 2565 lianc
1133 2543 1182 2577 pa-

438 2593 615 2663 932¹)»›1{}2ldll
639 2593 754 2626 Gattula,
781 2594 846 2621 llist.
874 2594 1021 2626 Cas-sinon„
1047 2601 1113 2620 saec.
1143 2601 1180 2626 vr,

472 2649 494 2662 ὓ,
515 2647 530 2653 -
570 2649 574 2654 ,

988 235 1175 259 numanum
1200 233 1363 257 ROMANUM

1197 288 1303 333 ginam
1332 293 1454 321 nostrae
1490 284 1738 320 confirmationis
1759 283 1941 329 infringere,

1198 342 1245 376 vel
1269 342 1295 376 ei
1324 341 1519 388 aliquatenus
1542 339 1706 374 contraire.
1734 338 1768 373 Si
1796 339 1866 385 quis
1893 350 1945 372 au·
1971 349 2050 370 snam
2066 348 2126 368 enu-

1963 381 1975 394 ·
2015 379 2083 400 sulae.

1200 406 1260 431 tem
1294 395 1354 430 hoc
1380 402 1530 429 attentare
1564 392 1832 440 praesumpserit,
1868 392 1946 427 indi-

1199 450 1377 496 gnationem
1395 448 1620 495 omnipotentis
1636 446 1706 490 Dei,
1728 455 1759 483 et
1781 447 1945 482 beatorum

1201 504 1283 538 Petri
1311 512 1341 538 et
1366 502 1455 537 Pauli
1483 500 1697 548 apostolorum
1731 500 1799 534 eius
1834 512 1868 534 se
1895 512 1958 535 no·-

1201 559 1278 593 verit
1306 558 1519 592 incursurum.

1249 612 1361 646 Datum
1383 610 1566 653 Tusculani„
1595 622 1617 644 ιι
1650 609 1720 643 idus
1746 608 1946 656 septembris.

1215 677 1273 708 Dat.
1292 679 1337 707 (lie
1358 678 1389 707 12
1409 677 1584 716 septembris
1609 685 1684 705 anno
1716 675 1829 704 Domini
1850 674 1934 711 1172,

1453 726 1531 761 pont.
1554 731 1630 751 anno
1647 729 1695 750 xit.

1527 889 1626 924 Lxu.

1207 968 1257 999 Ad
1283 967 1539 1010 art-h{episcopum
1567 966 1772 1008 Aufilenum,
1802 972 1828 998 et
1854 965 1951 998 abba-

1256 1030 1312 1054 lem>
1337 1022 1506 1054 Jhwstlien.
1529 1027 1560 1053 ut
1587 1020 1744 1053 ‘ntottacltt's
1772 1020 1952 1052 inobedien-

1256 1077 1334 1109 tibus
1379 1076 1596 1120 poenitentiam
1643 1086 1811 1118 congruant
1855 1074 1953 1117 impo-

1256 1139 1330 1164 rtant
1353 1133 1411 1174 (l).

1477 1198 1689 1230 SUMMARIUM

1210 1272 1307 1302 Series
1332 1271 1408 1301 facti.
1437 1288 1476 1293 —-
1500 1270 1706 1299 lnolietlientes
1737 1269 1896 1298 monachos
1926 1275 1957 1298 ut

1251 1317 1458 1356 poenitentiam
1475 1320 1570 1353 agant,
1590 1314 1728 1352 iniungit3
1743 1331 1782 1336 —
1802 1313 1872 1343 Cum
1890 1323 1958 1343 sus-

1252 1361 1392 1400 pensione
1412 1370 1426 1389 a
1447 1359 1646 1389 celebratione
1668 1360 1836 1388 missarum.

1212 1437 1357 1466 Alexander
1377 1436 1517 1472 episcopus
1537 1442 1631 1464 servits
1647 1441 1786 1463 servorum
1803 1434 1858 1467 nei,
1881 1440 1958 1462 vene·

1254 1487 1335 1515 rabili
1354 1486 1440 1514 fratri
1466 1486 1600 1514 Auxitano
1619 1484 1828 1520 archiepiscopo,
1847 1483 1960 1519 Aposto-

1254 1537 1324 1565 licae
1340 1535 1413 1564 Sedis
1429 1535 1534 1570 legato,
1555 1536 1584 1563 et
1603 1534 1702 1562 dilecto
1714 1533 1769 1561 filio
1782 1532 1876 1561 abbati
1890 1532 1959 1560 Mas·

1255 1586 1370 1620 sitiensi,
1396 1585 1515 1613 satutem
1543 1585 1572 1613 et
1601 1582 1780 1620 apostolicam
1796 1581 1959 1610 benedictio-

1255 1644 1325 1665 nem.

1262 1700 1309 1734 Ad
1333 1700 1520 1734 audientiam
1548 1697 1741 1746 apostolatus
1770 1697 1865 1731 nostri
1887 1709 1960 1744 per-

1215 1756 1308 1797 venit,
1331 1754 1412 1801 qnod
1437 1766 1507 1788 cum
1531 1752 1703 1787 monachos
1726 1752 1832 1785 Sancti
1855 1751 1962 1786 Saviui

1214 1807 1533 1842 excommunicationi
1550 1806 1781 1841 decreverimus
1789 1805 1962 1849 subiacere,

1217 1874 1271 1908 pro
1294 1862 1491 1896 restitutione
1513 1869 1692 1908 quartarum
1717 1859 1837 1893 illarum
1854 1859 1964 1894 Eccle-

1215 1916 1344 1958 siarum,
1367 1927 1446 1962 quae
1469 1914 1636 1949 venerabili
1672 1914 1756 1948 fratri
1781 1922 1887 1948 nostro
1912 1912 1963 1947 Bi-

1216 1970 1374 2016 gorritano
1408 1969 1557 2016 episcopo
1590 1976 1698 2003 eontra
1737 1967 1963 2002 monasterium

1217 2036 1323 2057 vorum
1338 2023 1460 2057 fuerant
1474 2022 1657 2057 auctoritate
1673 2022 1773 2057 felicis
1796 2021 1964 2057 memoriae

1218 2077 1352 2124 Engenii
1376 2077 1479 2124 Papae
1502 2077 1714 2122 adiudicatae,
1738 2076 1796 2123 ipsi
1828 2084 1897 2123 post
1917 2087 1966 2110 ex-

1218 2131 1536 2167 communicationem
1566 2131 1669 2165 divina
1692 2130 1848 2165 celebrare
1866 2129 1965 2164 officia

1220 2194 1506 2233 praesumpserant,
1528 2193 1558 2219 et
1585 2185 1799 2220 indesinenter
1835 2196 1966 2232 praesu-

1220 2248 1323 2273 munt:
1349 2251 1410 2274 non
1439 2239 1655 2283 attendentes,
1682 2239 1842 2286 quomodo
1870 2239 1966 2273 instar

1219 2293 1371 2339 sacrilegii
1386 2302 1442 2334 est,
1457 2292 1636 2340 apostolicis
1659 2293 1811 2327 contraire
1825 2293 1964 2334 statutis;

1221 2348 1354 2395 ideoque
1372 2347 1460 2382 volsis
1477 2360 1532 2394 per
1554 2347 1721 2394 apostolica
1740 2348 1852 2394 scripta
1876 2359 1966 2382 man-

1221 2402 1332 2436 damus
1344 2409 1437 2449 atque
1455 2401 1676 2448 praecipimus,
1690 2403 1853 2449 quatinus,
1871 2402 1897 2436 si
1916 2414 1965 2436 res

1222 2457 1261 2490 ita
1277 2469 1309 2491 se
1325 2456 1429 2501 habet⁷
1451 2456 1502 2502 qni
1520 2457 1618 2502 magis
1633 2456 1803 2503 culpabiles
1824 2465 1909 2494 sunt,
1927 2455 1964 2490 ad

1223 2510 1447 2544 monasterium
1462 2509 1680 2552 Massiliense,⁴
1694 2519 1726 2545 ut
1744 2510 1784 2544 ibi
1801 2510 1966 2558 poeniten-

1257 2585 1295 2619 (t)
1312 2584 1351 2610 Ex
1368 2584 1468 2610 archiv.
1487 2584 1514 2610 S.
1531 2584 1712 2611 Saviniedidit.
1727 2583 1881 2611 Edtnundus
1894 2583 1964 2609 Mar-

1200 2616 1206 2675 Ι
1224 2632 1294 2661 tene,
1311 2629 1436 2656 Thesaur.
1456 2629 1581 2656 Anecdot.
1607 2632 1670 2656 tom.
1691 2637 1710 2662 1,
1727 2629 1775 2655 col.
1793 2628 1854 2655 [559.

1956 228 2005 255 An.
2022 225 2050 254 C.
2071 224 2138 255 ttn

1987 1711 2058 1733 Serius
2072 1710 2130 1732 raeti.

1993 2357 2145 2379 inobedientes
2170 2377 2171 2381 ,

1979 2389 2093 2410 monachos

1992 2419 2150 2446 poenitentiam.
2170 2428 2171 2432 =

1980 2452 2048 2476 agant,
2065 2447 2144 2474 iniung'
2169 2451 2173 2474 ᾗ
