2180 3205
432 241 500 274 782

380 313 410 340 et
432 305 553 343 locum,
592 303 620 337 in
645 315 707 350 quo
741 310 833 347 caput
866 301 986 336 ordinis
1015 302 1129 335 sactum

380 354 482 394 fucrit,
506 354 535 387 in
553 353 602 386 ius
618 361 646 386 ct
670 352 890 398 proprietatem
913 359 1130 385 sacrosanctae

379 403 542 437 Romanae
567 401 725 436 Ecclcsiae
750 401 887 447 recipere
910 400 1110 435 deberemus.

431 451 522 486 Unde
551 463 607 485 nos
633 451 831 485 devotionem
861 458 994 484 vestram
1017 457 1047 484 et
1076 449 1132 483 bo-

180 499 455 552 fiffi'sffssfhffl'ssnum
480 501 508 534 in
538 499 675 534 Domino
705 499 894 534 desidorium
921 498 1131 543 attendentes,

180 563 212 580 an.
228 545 254 581 ἰ’
295 540 365 588 αεμῖζ-
379 550 417 584 de
436 549 596 584 communi
625 549 752 583 fratrum
776 557 956 583 nostrorum
985 548 1130 592 consilio,

378 599 408 633 in
432 598 586 645 speciales
607 607 637 632 et
660 598 804 644 proprios
826 606 1044 632 sacrosanctae
1069 597 1132 632 Ro-

377 660 489 683 manae
515 647 677 682 Ecclcsiae
706 647 786 681 lilios
813 647 1004 694 recipimus:
1045 647 1132 681 ordi-

376 710 448 732 nem
476 706 611 732 vestrum
639 697 823 731 auctoritate
854 697 1025 742 apostolica
1052 708 1132 730 con-

376 746 536 781 firmantes
570 755 599 781 et
628 746 803 793 praesentis
827 746 935 793 scripti
965 745 1130 793 privilegio

375 796 630 837 commuuimus3

423 845 623 889 Statuentes,
658 853 692 880 ut
713 856 931 891 quascumque
954 843 1130 892 possessio-

189 900 360 936 mmmmm
376 907 449 936 nes,
477 906 698 942 quaecumque
729 894 809 928 bona
834 894 1128 941 impraesentiarum

175 936 292 953 ⁶⁰¹¹¹s¹¹¹⁸¹¹
375 944 456 979 iuste
478 953 508 979 et
530 944 668 990 legitime
693 943 878 991 possidetis,
906 951 959 977 aut
978 944 1130 988 imposte-

375 1006 444 1028 rum
483 993 688 1029 concessione
722 992 933 1033 Pontificum,
967 993 1128 1037 largitione

375 1056 484 1089 rcgum
506 1042 554 1077 vel
583 1043 775 1090 principum,
793 1042 951 1077 oblatione
976 1041 1128 1086 fidelium,

373 1105 428 1127 seu
451 1092 521 1127 aliis
540 1092 629 1126 iustis
649 1091 764 1136 modis,
787 1099 963 1139 praestante
978 1091 1127 1131 Domino,

374 1142 487 1189 poterit
520 1141 669 1188 adipisci,
706 1142 793 1176 [irma
842 1141 930 1176 vobis
960 1149 989 1174 et
1018 1140 1127 1175 vestris

371 1191 611 1226 successoribus
633 1199 662 1225 et
690 1191 809 1225 illibata
838 1198 1061 1238 permancant;
1096 1190 1126 1224 in

372 1240 488 1287 quibus
501 1241 579 1275 haec
602 1241 736 1288 propriis
750 1240 898 1275 duximus
920 1239 1126 1286 exprimenda

371 1290 534 1325 vocabulis
559 1293 616 1334 (t).

420 1339 591 1374 Saucimus
614 1347 789 1387 praeterea,
816 1351 856 1374 ne
878 1339 1046 1374 occasione
1067 1350 1126 1372 au-

171 1388 477 1436 Eis‡·0¹,¹⁶‹²1¹iti¹¹tiquae
513 1389 704 1424 detentionis
730 1389 794 1423 sive
827 1389 1001 1436 scripturae
1036 1388 1127 1435 qnis-

171 1427 357 1481 ,Lits‘ffissiffi‘emss
371 1451 465 1486 quam
501 1438 590 1473 vobis
625 1439 723 1484 possit
757 1438 897 1482 auferre,
929 1450 1011 1485 quae
1047 1438 1125 1471 ultra

171 1492 357 1507 ¹<¹⁰⁰n⁰f¹¹¹²¹¹¹¹ffi
373 1489 557 1522 memoriam
587 1488 751 1522 hominum
782 1488 842 1522 sub
877 1488 1124 1522 Sarracenorum

171 1523 183 1536 ιι
195 1516 232 1536 bus

171 1549 226 1567 rent.

182 249 234 276 An.
252 248 281 276 C.
299 251 364 277 ¹¹75

180 595 242 612 tuate.

282 1518 357 1544 acqui-

371 1537 498 1572 detenta
516 1545 590 1572 sunt
612 1544 776 1584 potestate,
799 1545 830 1572 et
847 1537 886 1572 de
908 1537 1126 1571 munificentia

372 1587 572 1634 principum,
599 1599 655 1621 seu
684 1595 785 1621 vestro
807 1586 913 1621 studio
948 1594 979 1620 et
1005 1585 1124 1624 labore,

371 1643 425 1670 aut
453 1636 513 1670 iam
545 1635 674 1671 obtenta
708 1644 799 1677 sunt,
827 1643 880 1670 aut
908 1636 939 1670 in
964 1635 1124 1675 futurum,

371 1684 542 1720 auxiliante
582 1685 742 1726 Domino,
787 1685 931 1732 poteritis
969 1684 1123 1719 obtinere.

370 1733 452 1769 Cum
480 1735 565 1781 enim
600 1735 690 1770 unica
725 1735 767 1769 sit
800 1734 889 1769 vobis
916 1734 1060 1774 intentio,
1097 1740 1126 1766 et

371 1783 540 1830 singularis
572 1796 646 1819 cura
673 1796 798 1830 semper
824 1783 962 1818 emineat
990 1795 1046 1830 pro
1070 1782 1127 1816 de-

371 1832 515 1868 fensione
529 1833 690 1868 christiani
712 1833 851 1868 nominis
866 1833 1039 1876 decertare,
1062 1844 1124 1866 non

370 1882 475 1917 solum
510 1895 572 1927 res,
599 1883 654 1917 scd
690 1894 842 1930 personas
869 1882 954 1930 ipsas
981 1895 1037 1929 pro
1063 1881 1126 1915 tui-

371 1932 456 1966 tione
502 1932 632 1966 fratrum
681 1933 902 1967 incunctanter
946 1942 1124 1978 exponere:

372 1981 545 2028 plurimum
570 1990 675 2028 posset
702 1982 763 2016 hoc
793 1982 881 2028 pium
905 1993 984 2028 opus
1005 1990 1036 2015 et
1059 1981 1128 2014 lau-

372 2030 475 2065 dabile
501 2030 639 2066 studium
674 2030 841 2078 impediri,
875 2031 900 2066 si
937 2030 1059 2065 labores
1096 2038 1127 2064 et

372 2079 530 2126 stipendia
561 2088 678 2124 vestra,
705 2092 787 2128 quae
814 2081 844 2114 iu
871 2079 1034 2115 communi
1058 2091 1127 2126 pro-

373 2129 495 2172 ficiunt,
531 2130 761 2176 praeripiantur
794 2129 833 2164 ab
859 2130 943 2168 atiis;
970 2139 999 2164 et
1034 2129 1126 2163 otiosi

373 2189 409 2212 ac
430 2178 569 2223 desides,
594 2187 687 2226 atque
709 2179 739 2214 in
768 2179 929 2213 laboribus
957 2179 1034 2223 suis,
1063 2190 1124 2212 non

373 2239 454 2274 quae
484 2227 556 2262 Iesu
584 2228 719 2272 Christi,
746 2228 802 2263 sed
837 2241 918 2275 quae
952 2241 1007 2264 sua
1032 2236 1126 2271 sunt,

374 2277 583 2323 requirentes,
605 2277 819 2313 emolumenta
841 2278 890 2312 illa
916 2278 1125 2324 perciperent,

374 2337 454 2372 quae
477 2338 533 2373 pro
563 2329 657 2362 tantis
681 2327 842 2362 laboribus
869 2327 958 2362 vobis
992 2335 1021 2362 et
1055 2339 1127 2373 pau-

376 2387 486 2422 perum
512 2374 629 2411 Christi
666 2377 775 2411 usibus
801 2385 874 2411 sunt
905 2378 1044 2422 provisa,
1079 2377 1119 2410 di
1146 2372 1148 2386 “

375 2432 465 2458 cente
502 2424 674 2472 Apostolo:
714 2426 775 2469 Qui
813 2438 875 2461 non
904 2426 1034 2470 laborat,
1063 2439 1124 2460 non

375 2472 545 2508 manducet
565 2478 616 2519 (α).

412 2543 451 2578 (t)
467 2543 515 2570 Hic
530 2548 668 2571 enumerat
687 2545 788 2581 aliquas
806 2546 918 2572 militum
944 2546 1127 2581 possessiones

377 2587 484 2621 (desunt
501 2592 587 2616 tamen
604 2590 630 2616 in
649 2589 711 2617 edit.
733 2589 812 2625 Cocq.
835 2597 861 2616 n.
878 2585 933 2625 τ.)“
955 2590 994 2626 (a)
1005 2598 1035 2623 n,
1045 2590 1124 2618 Thes.

377 2639 416 2661 ιιι.
438 2633 475 2667 (n.
493 2633 532 2668 τ.)

964 249 1062 270 mmm
1069 249 1098 270 itt
1106 248 1149 269 [Ἢ
1174 248 1263 270 nom
1270 248 1336 270 Nm!

1223 301 1306 335 luter
1331 313 1366 336 ca
1393 313 1481 342 sane,
1509 314 1588 349 quae
1626 304 1829 349 professionis
1855 318 1920 350 ie-
1943 306 2119 330 ⁸¹³¹¹¹¹³¹¹¹³¹³¹³³³

1895 356 1900 361 ,
1935 339 2058 359 confirmat:
2093 345 2118 362 ac

1172 358 1254 385 strae
1287 351 1318 385 in
1353 351 1462 386 ordine
1497 360 1647 386 statutum
1678 362 1724 387 est
1746 353 2000 396 observat-uptam
2024 370 2049 390 «ιο
2065 370 2118 392 01⁵0-
2177 347 2180 359 ¹

1173 400 1308 446 primum
1331 408 1388 441 est,
1416 409 1448 435 ut
1475 400 1536 435 sub
1559 401 1653 435 unius
1675 403 1815 448 magistri
1843 404 1919 438 obe-
1935 400 2120 452 {¹3³,{¹2¹³³„{',f‘.¹¹¹³·

1975 447 1979 450 ,
2040 435 2118 458 .gtstro

1172 449 1289 484 dientia
1306 449 1335 483 in
1354 450 1440 485 omni
1457 449 1631 484 humilitate
1646 459 1739 497 atque
1753 453 1919 488 concordia
1935 463 2070 488 praestanda·
2111 467 2118 471 ·

1172 498 1240 533 sine
1262 499 1389 546 proprio
1417 500 1518 534 vivere
1544 499 1700 541 debeatis,
1734 501 1855 536 illorum
1890 502 1922 537 fi-

1172 547 1290 583 delium
1305 549 1485 596 exemplum
1507 548 1671 594 habentes,
1693 550 1744 597 qui
1767 550 1803 585 ad
1827 551 1922 586 fidem

1172 596 1375 632 christianam
1425 599 1639 645 apostolorum
1692 599 1923 645 praedicatione

1172 647 1327 687 conversi,
1363 647 1542 682 vendebant
1563 647 1685 691 omnia,
1710 657 1741 683 et
1764 650 1924 696 ponebant

1173 696 1308 742 pretium
1331 697 1369 732 ad
1387 697 1483 744 pedes
1500 697 1639 741 illorum,
1662 697 1922 747 dividebaturque

1171 745 1317 791 singulis,
1345 754 1438 793 prout
1464 746 1580 794 cuique
1598 759 1678 792 opus
1700 756 1782 789 erat;
1818 761 1921 796 neque

1171 794 1285 841 aliquis
1303 795 1428 830 illorum
1447 796 1501 843 qui
1522 796 1714 843 possederat,
1735 809 1829 832 suum
1852 810 1921 833 esse

1171 843 1314 885 dicebat;
1337 845 1391 879 sed
1419 853 1508 880 erant
1534 846 1580 880 eis
1601 846 1706 880 omnia
1727 848 1918 882 communia.

1219 893 1269 928 Ad
1292 895 1526 941 suscipiendam
1543 907 1668 942 quoque
1685 896 1817 942 prolem,
1838 910 1919 944 quae
1946 910 2118 936 naues,acmu-

1171 941 1202 976 in
1224 944 1338 978 timore
1371 943 1498 978 Domini
1522 945 1704 985 nutriretur,
1740 954 1769 980 et
1793 946 1921 981 infirmi·
1933 941 2118 994 ssff‘essgmff'flsffi

1170 993 1242 1028 tatis
1282 993 1438 1028 humanae
1475 993 1650 1028 remedium
1689 994 1771 1028 iuxta
1801 995 1922 1031 institu-
1934 988 2119 1038 mgistri'ueen-

1170 1042 1286 1077 tionem
1309 1043 1451 1084 Domini,
1473 1051 1504 1078 et
1520 1043 1744 1089 indulgentiam
1765 1044 1919 1090 Apostoli,
1934 1035 2058 1093 ζζςζζζζῗω
2075 1040 2119 1056 ““’“

1169 1092 1221 1139 qui
1257 1093 1316 1127 ait:
1352 1092 1477 1126 Bonum
1512 1101 1560 1127 est
1596 1092 1714 1127 homini
1752 1094 1919 1130 mulierem

1170 1154 1231 1176 non
1253 1150 1392 1187 tangere,
1417 1150 1543 1189 propter
1559 1141 1795 1176 fornicationem
1815 1152 1920 1178 autem

1169 1192 1388 1238 unusquisque
1411 1203 1540 1225 uxorem
1563 1203 1651 1226 suam
1681 1191 1803 1231 haheat,
1826 1200 1856 1227 et
1878 1194 1922 1228 si-

1168 1241 1284 1275 militer
1307 1241 1418 1275 mulier
1445 1240 1543 1275 virum
1571 1253 1664 1275 suum
1688 1244 1742 1283 (a):
1773 1242 1824 1288 qni
1849 1255 1923 1278 con-

1168 1290 1266 1326 tinete
1289 1290 1475 1337 nequiverit,
1497 1290 1678 1336 coniugium
1698 1291 1866 1336 sortiatur,
1891 1299 1923 1327 et

1167 1348 1269 1375 servet
1306 1339 1487 1374 inviolatam
1516 1339 1610 1374 lidcm
1647 1340 1735 1374 uxori
1772 1348 1802 1374 et
1840 1353 1922 1376 uxor

1169 1391 1251 1430 viro,
1291 1402 1329 1424 ne
1353 1389 1412 1423 tori
1442 1389 1616 1435 coniugalis
1643 1389 1837 1424 continentia
1861 1391 1921 1425 vio-

1167 1438 1259 1473 letur.
1286 1439 1319 1474 Si
1348 1447 1453 1473 autem
1485 1438 1539 1472 riri
1571 1439 1761 1485 praemortui
1790 1438 1921 1481 fuerint,

1166 1496 1197 1523 et
1225 1488 1349 1523 relictae
1381 1499 1508 1528 uxoreS,
1535 1500 1616 1535 quae
1644 1488 1786 1523 ordinem
1810 1501 1923 1524 susce-

1168 1546 1293 1584 perunt,
1316 1537 1436 1572 nubere
1451 1537 1616 1576 voluerint,
1636 1537 1844 1573 denuncietur
1860 1538 1922 1573 hoc

1168 1587 1316 1633 magistro
1343 1587 1408 1621 sire
1435 1586 1696 1626 commendatori,
1720 1594 1753 1621 ut
1774 1599 1847 1622 cum
1876 1587 1922 1622 il-

1168 1636 1228 1671 lius
1247 1636 1382 1674 licentia,
1411 1636 1460 1670 cui
1480 1636 1593 1670 mulier
1616 1636 1680 1681 ipsa
1709 1636 1784 1681 vult,
1811 1636 1920 1682 nubat,

1167 1693 1286 1720 tantum
1313 1685 1344 1719 in
1372 1685 1521 1720 Domino.
1545 1686 1637 1727 Quod
1666 1685 1759 1720 ctiam
1784 1685 1823 1720 de
1845 1686 1921 1721 viris

1144 1748 1147 1764 ι
1168 1735 1351 1781 intelligitur
1373 1735 1623 1770 observandum:
1653 1747 1712 1769 una
1734 1736 1818 1770 enim
1841 1736 1921 1770 utri-

1167 1796 1229 1831 que
1252 1785 1319 1830 lege
1338 1792 1497 1818 tenentur.

1944 1844 1988 1867 Nec
2011 1846 2036 1866 ad
2055 1846 2118 1868 auum

1933 1877 2029 1898 ordinem
2043 1880 2118 1899 tran·-

1933 1909 1972 1929 ire.

1216 1834 1392 1868 StatuImus
1414 1846 1552 1881 quoque,
1590 1842 1622 1868 ut
1655 1834 1760 1869 nullus
1787 1834 1917 1869 fratrum

1168 1883 1233 1918 sive.
1255 1895 1414 1927 sororum,
1443 1894 1509 1929 post
1533 1883 1769 1929 susceptionem
1798 1884 1920 1918 ordinis

1168 1933 1260 1967 vestri
1284 1940 1314 1967 et
1340 1933 1525 1979 promissam
1553 1932 1779 1977 obedientiam,
1803 1927 1920 1968 vel're-

1168 1982 1234 2016 dire
1256 1982 1292 2016 ad
1316 1981 1490 2024 saeculnm,
1520 1982 1564 2016 vel
1585 1982 1623 2016 ad
1645 1982 1740 2016 alium
1763 1981 1920 2027 ordinem,

1167 2032 1235 2066 sine
1263 2031 1400 2077 magistri
1420 2031 1543 2066 licentia
1566 2031 1679 2066 audeat
1705 2043 1739 2066 se
1766 2030 1919 2066 transfer-

1168 2093 1219 2115 re:
1243 2092 1314 2115 cum
1338 2081 1401 2114 sint
1437 2081 1466 2114 in
1494 2080 1604 2123 ordine
1633 2089 1735 2115 vestro
1757 2080 1824 2115 loca
1853 2089 1919 2116 sta-

1168 2138 1232 2165 tuta
1254 2133 1311 2174 (¹1),
1335 2137 1368 2164 ut
1389 2130 1523 2177 quisque
1545 2129 1696 2164 districtis
1718 2130 1818 2165 valeat
1839 2142 1919 2164 con-

1169 2180 1300 2219 versari3
1334 2179 1547 2214 discedentem
1571 2192 1643 2213 vero
1675 2179 1782 2214 nullus
1804 2179 1918 2214 audeat

1169 2231 1315 2269 retinere,
1341 2228 1396 2263 sed
1416 2229 1453 2263 ad
1481 2228 1624 2263 ordinem
1647 2241 1739 2262 suum
1764 2241 1818 2275 per
1839 2241 1919 2264 cen-

1145 2290 1272 2330 isuram
1300 2279 1556 2323 eeclesiasticam,
1584 2277 1637 2325 qui
1663 2278 1844 2313 discesserit
1859 2280 1916 2323 (⁰2),

1146 2332 1149 2369 ἰ
1167 2336 1306 2373 cogatur.
1388 2358 1391 2361 ,

1218 2376 1259 2412 Ut
1285 2384 1388 2411 autem
1414 2376 1442 2410 in
1476 2376 1588 2411 ordine
1621 2385 1722 2412 vestro
1748 2389 1821 2412 cum
1849 2389 1917 2412 ma·
1944 2388 2116 2414 Degenerem.-

1929 2420 1996 2447 pitulo
2024 2420 2113 2446 singutis

1146 2428 1149 2476 l
1168 2426 1223 2460 iori
1246 2426 1349 2460 omnia
1377 2425 1602 2461 deliberatione
1629 2433 1811 2467 tractentur,
1845 2435 1914 2461 sta-
1929 2451 2024 2477 mem
2039 2452 2112 2473 mi„

1145 2479 1148 2483 ⁴
1168 2483 1268 2510 tutum
1296 2484 1341 2510 cst
1370 2475 1449 2510 inter
1477 2488 1541 2516 vos,
1569 2484 1602 2510 ut
1621 2476 1708 2511 locus
1729 2475 1842 2523 aliquis
1862 2488 1915 2511 or-

1167 2524 1305 2569 dinetur,
1342 2526 1372 2559 iu
1408 2537 1472 2572 quo
1506 2537 1560 2572 per
1592 2526 1734 2571 singulos
1760 2537 1860 2560 annos
1882 2525 1914 2560 in

1202 2594 1240 2629 (a)
1258 2603 1276 2627 r,
1295 2595 1413 2622 Corinth.
1435 2595 1461 2627 7,
1481 2596 1491 2621 t
1510 2598 1536 2622 et
1552 2596 1576 2622 2.
1616 2595 1656 2630 (l)
1672 2596 1751 2623 Forte
1772 2597 1818 2622 ubi
1842 2597 1915 2629 quis-

1166 2644 1215 2669 quc
1229 2637 1385 2662 districtius.
1417 2635 1456 2670 (2)
1472 2635 1553 2662 Deest
1571 2637 1667 2662 redire.

1937 248 2028 277 Aac
2054 253 2118 280 1175
2164 239 2166 260 ³

2157 2793 2166 2860 Ξ

2158 2861 2165 2907 ε
