2180 3205
190 281 241 308 An.
259 281 287 308 c.
306 281 372 308 iios
438 270 508 303 698

981 269 1168 294 BULLAluUM
1194 267 1357 292 ROMANUM

384 339 534 368 Alexander
557 337 695 372 episcopus
718 340 812 362 servus
828 338 965 361 servorum
983 330 1038 363 Dei.
1053 336 1130 358 vene·
1167 327 1316 356 Alexander
1332 326 1471 362 episcopus
1489 332 1585 355 servus
1601 331 1738 354 servornm
1765 323 1825 357 Dei.
1850 322 1915 351 dile-

428 387 509 416 rabili
526 385 611 414 fratri
630 385 655 412 S.
674 383 826 412 Placentino
854 381 991 417 episcopo,
1016 379 1131 408 salutem

429 438 457 465 et
475 435 651 471 apostoticam
666 432 886 461 benedictionem.

433 498 481 533 Ex
503 497 662 533 trasmissa
688 495 915 541 conquestione
947 492 1129 528 dilectorum

204 563 349 584 Fectiwries-
386 554 521 589 liliorum
553 560 733 586 nostrorum
760 549 917 584 Gnidonis
950 546 1131 595 praepositi,

385 618 415 643 et
436 607 661 643 canonicorum
684 604 834 640 ecclesiae
851 603 957 638 Sancti
980 599 1132 636 Antonini

386 662 564 698 Placentiae
600 660 637 695 ad
680 671 771 694 autes
811 665 932 692 nostias
968 655 1132 703 pervenit,

385 717 469 764 quod
492 724 605 751 teriam
633 715 671 750 de
705 713 863 756 Burneto,
888 723 982 758 quam
1018 709 1054 744 ad
1084 709 1133 743 ius

385 771 546 806 Ecclesiae
569 781 643 805 suae
669 776 814 804 asserunt
836 766 1003 814 pertinere,
1025 763 1132 798 illicite

202 827 372 854 E1¹⁵001¹⁰¹¹¹¹¹¹¹·
386 825 508 860 detines
535 832 730 870 occupatam.
764 821 855 857 Unde
882 819 1028 867 quoniam
1053 829 1133 865 pon-

190 860 229 908 ¹¹i¹i=
241 862 372 909 ¹¹¹erulillrl
387 880 509 914 tificalis
530 879 623 914 ollicii
650 878 796 924 dignitas,
823 887 917 922 quam
945 873 1133 920 disponente

189 925 216 970 1¹„
213 926 272 972 '¹1¹¹
307 926 340 941 ‘⁹
344 922 371 940 ¹¹
386 933 523 969 Domino
545 934 640 980 getis,
667 941 697 967 te
719 931 920 970 dehortatur,
953 940 1032 975 quae
1055 926 1134 961 alte-

386 989 450 1023 rins
477 989 553 1023 iuris
573 996 657 1032 sunt,
680 987 837 1030 detinere,
859 982 1042 1018 fraternitati
1062 989 1133 1015 tuac

385 1055 440 1089 per
465 1042 636 1089 apostolica
660 1041 775 1087 scripta
798 1038 996 1077 mandamus,
1021 1043 1133 1083 quate-

385 1109 445 1131 nus
467 1096 629 1131 Ecclesiae
651 1095 752 1130 dictae
775 1093 954 1142 praeposito
977 1090 1134 1137 praescri-

386 1160 467 1197 ptam
479 1160 590 1186 terram
601 1150 698 1185 libere
708 1149 901 1197 pacificeque
910 1146 1066 1181 restitutas
1075 1147 1100 1188 (1
1111 1148 1133 1190 )

384 1206 432 1240 vel
468 1218 571 1240 coram
606 1205 709 1240 iudice
741 1202 952 1239 communiter
980 1201 1019 1236 ab
1045 1208 1134 1235 utra-

385 1272 445 1307 que
474 1269 558 1307 parte
580 1259 691 1298 electo,
713 1270 770 1293 seu
797 1269 901 1293 coram
925 1255 1047 1290 dilectis
1062 1254 1134 1289 liliis

199 1317 372 1369 ΡῙΘΜΜΨᾞ-
386 1316 501 1349 nostris
519 1314 599 1361 Rog.
617 1314 782 1360 etCapon.
805 1313 850 1347 eis
874 1311 997 1359 plenam
1020 1309 1133 1345 exinde

188 1351 266 1400 ἷὲῗῖω
311 1355 335 1370 ⁸¹
353 1356 536 1404 '‘iustitiam
560 1381 622 1403 non
645 1367 772 1403 differas
793 1366 953 1401 exhibere.

434 1423 505 1458 Dat.
532 1422 706 1458 Benevent.
734 1422 776 1456 id.
805 1420 920 1456 martii.

445 1485 505 1515 [lat.
523 1485 570 1514 die
590 1485 625 1514 '15
643 1484 741 1514 martii
763 1492 839 1513 anno
853 1482 968 1513 Domini
985 1481 1069 1511 1168.

713 1611 815 1646 XXV.

387 1686 611 1720 Mouaslerium
645 1686 829 1719 monialium
861 1686 896 1719 S.
930 1684 1079 1717 Victorini
1103 1685 1135 1717 in

435 1741 555 1773 civitate
582 1741 796 1773 Beneventuml
833 1739 1027 1783 Apostolicae
1062 1740 1137 1771 Secti

435 1795 609 1828 immediate
623 1796 784 1828 subiectum
801 1795 986 1833 declaratur,
1007 1794 1137 1826 nonrml—

437 1851 533 1894 lisque
554 1856 683 1894 auyetur
706 1849 875 1894 privileyiis
903 1849 965 1891 (2).

656 1918 870 1949 SUMMARIUM

388 1983 554 2013 Exordium.
568 2000 607 2005 —
620 1982 827 2012 Monasterium
853 1982 942 2011 hocce
966 1981 1021 2011 sub
1038 1986 1136 2021 prote-

429 2029 524 2058 ctione
535 2027 619 2057 Sedis
629 2028 813 2067 Apostolicae
824 2028 980 2067 recipiens,
988 2043 1027 2049 -—
1036 2026 1135 2057 Eidem

429 2072 505 2102 bona
524 2073 620 2102 onmia
643 2073 812 2102 confirmat:
833 2088 873 2094 —
890 2071 920 2101 ln
937 2071 1045 2111 quibus
1067 2072 1137 2102 haec

430 2118 557 2157 propriis
584 2118 719 2157 exprimit
745 2117 907 2147 vocabulis.
936 2133 976 2139 —
996 2116 1136 2147 Abbatis-

431 2171 492 2191 sam
509 2172 524 2191 a
541 2161 718 2191 monialibus
736 2162 910 2200 eligendam,
932 2167 959 2192 et
976 2172 990 2192 a
1007 2162 1137 2192 Romano

430 2205 570 2236 Pontissce
589 2206 818 2237 benedicendam
837 2206 946 2236 statuit.
961 2222 999 2228 —
1014 2206 1139 2236 Concor-

431 2251 508 2280 diam
528 2251 673 2290 quandam
698 2252 774 2281 inter
793 2252 867 2281 hanc
889 2250 1089 2289 abbatissam,
1111 2255 1139 2280 et

431 2294 567 2324 abbatem
590 2294 618 2325 S.
637 2295 797 2332 Vincentii‚
819 2295 848 2325 in
867 2295 1079 2334 praeiudicium
1098 2295 1137 2324 li-

432 2339 521 2370 berae
539 2340 690 2370 electionis
709 2341 842 2370 eiusdem
859 2340 964 2370 saetam
983 2340 1085 2369 irritat.
1099 2356 1139 2361 —

432 2384 585 2414 Decretum
614 2385 807 2415 immunitatis
829 2395 843 2415 a
870 2385 1002 2424 qualibet
1022 2389 1138 2414 externa

433 2428 577 2458 molestia.
598 2446 637 2451 —
666 2428 774 2459 Solitae
807 2429 968 2459 clausulae.
994 2446 1033 2452 —
1066 2430 1137 2459 Ale-

433 2473 534 2502 xandri
552 2472 605 2502 PP.
624 2477 652 2503 et
669 2471 697 2502 S.
713 2472 746 2502 R.
768 2472 844 2503 Eccl.
860 2474 1053 2504 cardinalium
1069 2473 1139 2504 sub-

434 2518 619 2557 scriptiones.

430 2580 469 2614 (1)
489 2579 636 2615 Legendum
653 2583 777 2615 putamus
796 2583 922 2607 restituas
940 2580 979 2616 (n.
995 2581 1035 2616 τ.)

431 2620 470 2654 (l)
490 2620 528 2645 Ex
543 2621 644 2647 archiv.
664 2625 775 2648 monast.
793 2620 873 2647 huius
893 2621 976 2647 edidit
995 2621 1139 2656 Ughellius‚

396 2659 444 2686 loc.
461 2660 518 2694 cit.‚
536 2660 578 2687 ubi
595 2661 628 2688 de
643 2661 825 2689 Beneventana
840 2662 963 2689 Ecclesia.

1212 377 1265 406 ctis
1288 377 1316 405 in
1335 375 1443 404 christo
1473 375 1593 409 filiabus.
1619 374 1733 403 fuschae
1763 373 1917 402 abbatissae

1213 425 1373 454 monasterii
1391 425 1417 453 S.
1436 424 1575 457 Victorini,
1599 424 1667 460 qnod
1690 423 1718 451 in
1733 423 1918 452 Beneventana

1214 475 1326 503 civitate
1360 474 1443 502 sitnm
1474 474 1526 506 est,
1557 473 1667 509 eiusque
1691 472 1827 501 sororibus
1860 473 1918 501 tam

1216 523 1404 560 praesentibus
1424 530 1503 559 quam
1521 522 1623 551 suturis
1638 521 1816 551 monasticam
1833 521 1918 550 vitam

1215 572 1356 609 professis,
1376 573 1404 600 in
1428 573 1596 608 perpetuum.

1220 636 1374 678 Quotiens
1406 635 1481 670 illud
1516 647 1532 670 a
1556 635 1646 670 nobis
1673 635 1805 682 petitur
1832 635 1916 690 quod

1172 686 1314 732 reliuioni
1337 694 1367 720 et
1393 685 1548 720 honestati
1578 685 1718 720 noscitur
1738 686 1917 726 convenire,

1171 736 1278 770 animo
1308 748 1365 769 nos
1398 735 1488 770 decet
1521 735 1629 769 libenti
1663 735 1853 777 concedere,
1888 742 1919 769 et

1173 785 1343 841 petenti-uui
1362 785 1528 819 desideriis
1543 797 1717 829 congruum
1733 784 1916 831 suffragium

1174 836 1337 881 impertiri.
1367 834 1553 890 Eapropter,
1575 820 1738 868 dilectae
1732 847 1761 868 in
1781 833 1918 869 Domino

1173 884 1266 925 liliae,
1298 885 1406 919 iestris
1428 884 1518 919 iustis
1551 884 1815 931 postulationibus
1848 885 1919 918 cle—

1175 943 1295 968 menter
1315 934 1495 973 annuimus,
1518 942 1549 968 et
1571 934 1743 981 praefatum
1767 942 1920 968 monaste-

1174 984 1266 1038 rium,
1289 985 1318 1018 in
1342 995 1404 1030 quo
1430 984 1536 1018 divino
1558 984 1725 1030 mancipati
1759 983 1834 1018 estis
1860 983 1919 1018 ob-

1173 1033 1294 1089 sequio,
1310 1033 1369 1068 sub
1391 1033 1427 1067 B.
1452 1033 1536 1068 Petri
1552 1041 1582 1067 et
1597 1042 1700 1067 nostra
1723 1034 1920 1088 protectione

1173 1083 1379 1130 suscipimus,
1399 1090 1429 1117 et
1448 1083 1620 1138 praesentis
1632 1083 1738 1130 scripti
1757 1083 1919 1129 privilegio

1173 1134 1421 1173 communimus;
1460 1146 1490 1167 in
1520 1133 1628 1187 primis
1662 1132 1819 1180 siquidem
1854 1143 1920 1167 sta-

1173 1189 1309 1222 tuentes,
1336 1190 1369 1217 ut
1390 1181 1467 1216 ordo
1495 1182 1694 1223 monasticus,
1721 1183 1775 1228 qui
1801 1194 1919 1217 secun-

1174 1231 1250 1266 dum
1276 1232 1334 1266 Dei
1356 1231 1514 1272 timorem,
1548 1239 1579 1266 et
1611 1231 1646 1265 B.
1674 1231 1838 1267 Benedicti
1866 1244 1919 1267 re·-

1173 1281 1278 1327 gulam
1296 1283 1326 1316 in
1342 1281 1452 1316 eodem
1470 1281 1660 1316 monasterio
1675 1280 1835 1316 institutus
1849 1294 1919 1318 esse

1173 1330 1383 1377 dignoscitur,
1403 1331 1563 1378 perpetuis
1585 1330 1700 1365 ibidem
1724 1331 1919 1378 temporibus

1174 1381 1395 1416 inviolabiliter
1420 1381 1613 1415 observetur.
1641 1379 1806 1416 Praeterea
1828 1393 1919 1428 quas-

1174 1442 1309 1478 cumque
1333 1431 1566 1478 posscssioues,
1588 1442 1808 1478 quaecumque
1838 1431 1918 1466 bona

1175 1480 1257 1515 idem
1281 1480 1503 1515 monasterium
1527 1480 1818 1527 impraesentiarum
1837 1481 1918 1516 iuste

1173 1538 1204 1564 et
1225 1531 1375 1565 canonice
1398 1529 1547 1577 possidet,
1573 1538 1627 1564 aut
1645 1530 1674 1564 in
1693 1529 1832 1565 futurum
1846 1542 1920 1566 con-

1174 1580 1316 1614 cessione
1337 1579 1537 1619 Pontificum,
1565 1580 1730 1625 largitione
1747 1592 1854 1626 regum
1871 1581 1918 1616 vel

1175 1629 1370 1676 principum,
1397 1629 1553 1664 oblatione
1580 1629 1737 1673 fidelium,
1765 1642 1823 1664 seu
1849 1629 1918 1666 aliis

1175 1679 1266 1713 iustis
1288 1679 1401 1719 modis,
1430 1687 1607 1726 praestante
1627 1679 1777 1724 Domino,
1806 1680 1920 1727 poterit

1174 1727 1324 1775 adipisci,
1353 1729 1440 1763 firma
1469 1729 1571 1768 vobis,
1601 1737 1631 1764 et
1654 1729 1693 1764 iis
1720 1756 1727 1763 .
1756 1756 1763 1763 .
1792 1756 1800 1764 .
1829 1756 1836 1762 .
1863 1742 1918 1765 vos

1175 1778 1402 1819 successerint,
1424 1786 1455 1813 et
1481 1778 1596 1813 illibata
1630 1786 1851 1825 permaneant;
1887 1780 1918 1814 in

1175 1826 1290 1874 quibus
1330 1827 1406 1863 haec
1453 1829 1586 1876 propriis
1624 1829 1773 1864 duximus
1815 1830 1920 1875 expri-

1177 1877 1289 1912 menda
1333 1876 1510 1913 vocabulis:
1548 1878 1625 1913 infra
1664 1877 1918 1914 Beneventanam

1176 1927 1333 1962 civitatem
1360 1927 1471 1962 domos
1505 1940 1576 1963 cum
1598 1928 1754 1963 casalibus
1787 1937 1817 1963 et
1846 1940 1919 1963 cum

1176 1976 1323 2011 omnibus
1353 1978 1419 2011 suis
1452 1977 1664 2024 pertinentiis,
1698 1977 1861 2013 ecclesiam
1884 1978 1918 2013 S.

1176 2025 1287 2060 Crucis
1307 2026 1344 2061 ad
1369 2036 1487 2073 portam
1507 2027 1670 2062 Summam
1685 2039 1756 2062 cum
1771 2027 1920 2062 omnibus

1176 2076 1242 2110 suis
1270 2076 1477 2122 pertinentiis,
1507 2077 1669 2112 ecclesiam
1691 2077 1725 2112 S.
1759 2076 1919 2112 Severiani

1176 2137 1247 2160 cum
1272 2127 1468 2172 pertinentiis
1497 2128 1573 2166 suis,
1599 2127 1763 2162 ecclesiam
1790 2126 1824 2161 S.
1847 2125 1920 2162 Sal-

1178 2176 1291 2209 vatoris
1322 2175 1361 2210 de
1383 2175 1473 2211 Prata
1501 2189 1572 2212 cum
1605 2176 1804 2224 pertinentiis
1836 2177 1919 2221 suis,

1177 2225 1338 2259 ecclesiam
1361 2224 1394 2260 S.
1419 2225 1588 2262 Salvatoris
1609 2226 1648 2261 de
1668 2226 1749 2261 Alil'a
1771 2238 1841 2260 cum
1860 2238 1920 2261 ec—

1177 2274 1280 2309 clesiis
1315 2275 1397 2316 suis,
1434 2276 1579 2311 videlicet
1611 2276 1776 2311 ecclesiam
1812 2275 1919 2311 Sancti

1177 2322 1362 2365 Secundini,
1388 2325 1551 2360 ecclesiam
1578 2325 1685 2361 Sancti
1712 2325 1848 2369 Martini,
1872 2337 1922 2361 ee—

1177 2377 1457 2413 clesiamSanctae
1481 2378 1597 2414 Mariae
1618 2379 1657 2414 de
1678 2380 1781 2414 Arena
1794 2379 1920 2420 Cavata,

1177 2431 1341 2467 ecclesiam
1368 2432 1474 2468 Sancti
1500 2433 1665 2476 Vitaliani,
1698 2434 1862 2470 ecclesiam
1883 2434 1918 2469 S.

1177 2484 1260 2520 Petri
1283 2485 1322 2521 de
1343 2486 1480 2522 Mercato
1494 2487 1610 2529 Veteri,
1631 2488 1793 2525 ecclesiam
1811 2488 1919 2524 Sancti

1178 2538 1376 2585 Christosori,
1402 2541 1566 2582 ecclesiam
1588 2541 1694 2577 Sancti
1717 2542 1792 2585 Viti,
1817 2542 1920 2578 eccle-

1178 2593 1255 2628 siam
1284 2594 1390 2629 Sancti
1412 2595 1522 2642 Angeli
1546 2596 1584 2631 de
1604 2595 1833 2643 Rapa-Canina
1847 2608 1919 2632 cum

1181 2649 1374 2695 pertinentiis
1391 2661 1516 2693 earum3
1543 2650 1627 2686 salvo
1649 2659 1752 2686 tamen
1773 2651 1840 2686 iure
1856 2663 1921 2686 mo-

1929 259 1979 288 An.
1997 258 2025 286 C.
2047 255 2112 287 ¹¹68

1964 647 2082 669 Exordium.

1945 845 2095 867 nonasterium

1933 878 1998 898 hocce
2014 877 2051 897 sub
2069 884 2117 903 pro-

1932 910 2026 929 tectione
2054 907 2115 929 Sedis

1932 939 2068 966 Apostolicae
2083 945 2117 960 re-

1932 971 2022 997 cipiens;

1945 1437 2016 1458 Eidem
2059 1438 2115 1460 bona

1932 1472 2002 1492 omnia
2035 1471 2115 1492 conflr—

1932 1505 1973 1522 mat
1981 1509 1987 1522 :

1945 1793 1968 1816 ln
1979 1795 2052 1823 qulbus
2063 1794 2115 1814 llaec

1933 1826 2024 1853 propriis
2043 1826 2115 1852 expri-

1933 1858 1970 1878 mit
1984 1856 2102 1882 vocabulis;
