2180 3205
54 274 101 302 ΑΙ.
121 273 150 301 C.
170 273 234 300 1133

71 1244 190 1267 Exordium.

71 1534 220 1557 nonasterium

39 1560 76 1582 nub
89 1563 220 1587 protectione

39 1586 100 1608 Sedis
117 1589 220 1614 Apostoli-

39 1618 76 1635 τεο
89 1615 196 1641 recipitur.

67 2164 140 2195 Eidem
159 2166 216 2188 bona

40 2196 106 2213 emnia
121 2197 197 2217 contii·-

34 2221 121 2242 mzntur.

869 275 1026 298 iNNOCEN'r

302 327 409 360 Pontis.
433 328 600 360 consecrari
620 330 797 360 decernitur.
812 345 850 352 —
867 328 1010 365 Chrisma,

300 372 404 404 Oleum
427 378 573 410 sanctum,
594 378 768 412 caeteraque
791 381 872 403 sacra
896 382 910 402 a
937 382 1010 412 qno-

299 425 426 457 cumque
438 419 567 448 antistite
583 417 754 457 recipicndi,
772 433 811 439 —
826 416 1007 456 Baptisinum

298 460 326 491 in
349 462 486 491 ecclesiis
507 467 630 492 monast.
653 461 820 491 celebrandi
842 461 1007 490 facultatem

298 505 444 536 tribuitur.
466 523 505 528 —
522 506 627 537 Missas
651 505 794 544 publicas,
814 505 856 534 vel
880 505 949 543 qnid
969 505 1008 533 si-

298 549 368 579 mile
403 550 570 580 inconsulto
602 549 706 580 abbate
741 548 812 578 inibi
844 548 1006 584 celebrari,

300 593 430 624 decimas
453 593 610 630 bonorum,
638 594 698 631 ipsa
718 593 793 622 bona
819 593 1005 629 monasterii,
1026 623 1027 626 ,

295 637 420 676 eiusque
452 638 515 667 iura
547 636 712 675 perturbari
744 636 927 674 prohibetur.
967 652 1006 658 —

294 680 376 717 Quod
409 682 529 711 omnino
549 680 675 712 liberum
709 679 765 709 sub
789 678 817 709 S.
849 678 933 709 Sedis
962 683 1004 708 tu-

295 724 350 754 tela
384 724 445 754 scre
477 724 651 754 declaratur.
679 740 718 745 ——
743 723 872 762 Eiusque
904 723 1004 753 abbati

292 767 484 803 dalmaticae,
519 768 718 801 sandaliorum
757 772 784 797 et
815 768 1003 798 chirotheca-

294 821 359 842 rum
390 821 476 842 usum
501 813 700 847 confirmatur.
727 829 766 834 —
789 811 897 841 Solitae
925 812 1004 842 clau-

294 856 387 886 sulae.
412 873 449 879 —
472 856 633 886 innocentii
653 856 705 886 ΡΡ.
729 860 756 885 et
774 855 802 886 S.
820 856 851 885 R.
870 855 900 885 E.
924 856 1002 886 card.

297 900 543 940 subscriptiones.

255 966 402 996 innocentius
417 966 536 1005 episcopus
558 974 636 996 servus
653 974 769 995 servorum
795 964 847 1003 Dei,
865 965 951 995 dilecto
979 966 1002 996 in

291 1010 380 1041 Christo
401 1009 450 1040 lilio
471 1010 565 1040 lelianni
586 1009 663 1039 abbati
685 1008 822 1039 venerabilis
853 1010 1000 1047 monasterii,

290 1053 352 1093 qued
370 1054 453 1084 dicittn¹
473 1053 500 1082 1).
524 1053 647 1083 Salvatoris
666 1063 733 1083 secns
754 1053 848 1092 Papiam
869 1054 916 1091 siti,
941 1055 1001 1083 eins-

289 1107 334 1137 qne
355 1096 524 1128 successoribus
546 1097 683 1136 regulariter
710 1096 883 1134 substituendis,
907 1098 928 1127 in
950 1107 1000 1137 pei·-
1020 1100 1022 1116 ¹

287 1146 390 1182 petuam.

296 1208 344 1243 Ad
372 1207 433 1243 hoe
463 1206 554 1242 nobis
576 1218 591 1241 a
619 1206 686 1242 Deo
719 1207 881 1254 pastoralis
907 1207 997 1242 officii

248 1270 323 1293 cura
351 1257 520 1292 commissa
542 1264 606 1297 est,
634 1264 667 1290 ut
694 1256 789 1303 quieti
818 1265 847 1291 et
876 1257 997 1291 utilitati

248 1306 393 1342 omnium
421 1305 650 1346 Ecclesiarum,
673 1305 849 1351 particulari
881 1305 1019 1340 debea-.

247 1367 320 1390 mus
341 1354 544 1390 solicitudine
572 1354 755 1401 providere;
779 1362 808 1388 et
827 1366 997 1408 ne-pravo-

247 1416 316 1439 rum
345 1403 512 1440 hominum
546 1402 715 1449 fatigentur
747 1403 911 1447 molestiis,
945 1416 1018 1438 eas=

241 1453 430 1489 auctoritate
448 1451 543 1487 Sedis
564 1451 766 1499 Apostolicae
787 1453 994 1487 communire.

245 1502 466 1550 Quapropter,
493 1501 606 1536 dilecte
641 1501 671 1535 in
705 1500 843 1536 Domino
872 1501 914 1536 fili
946 1501 996 1536 10-

246 1551 369 1586 bannes
400 1550 509 1594 abbas,
536 1550 598 1585 tuis
624 1549 862 1585 rationabilibus
884 1559 995 1597 postu„

241 1599 413 1635 lationibus
439 1611 603 1634 assensum
635 1599 832 1646 praebentes,
865 1599 993 1634 Domini

238 1649 410 1684 Salvatoris
433 1648 677 1688 monasterium,
706 1648 755 1683 cui
777 1647 845 1693 Deo
867 1657 993 1684 auctore

243 1697 415 1745 praesides,
437 1708 510 1731 cum
533 1696 683 1733 omnibns
701 1697 738 1731 ad
766 1697 869 1743 ipsum
898 1699 994 1744 perti-

241 1746 408 1787 uentibus,
445 1746 483 1781 ad
523 1745 682 1792 exemplar
715 1745 993 1792 praedecessorum

240 1803 419 1831 nostrorum
442 1794 542 1829 felicis
563 1795 732 1829 memoriae
754 1795 913 1836 Iohannis,
935 1796 994 1830 Be-

241 1844 379 1885 nedicti,
408 1843 581 1883 Paschalis,
607 1843 738 1883 Calixti,
775 1843 991 1880 Romanorum

240 1893 454 1935 Pontificum,
487 1891 547 1928 sub
582 1892 670 1928 Beati
702 1892 787 1926 Petri
815 1893 927 1937 tutela,
962 1901 993 1928 et

239 1941 441 1988 Apostolicae
463 1940 555 1976 Sedis
578 1941 770 1987 protectione
788 1942 990 1988 suscipimus.

236 1990 335 2032 Quod
363 1990 512 2024 nimirum
545 1990 746 2031 coenobium,
779 1990 819 2024 ab
841 1991 992 2026 Adeleide

241 2039 446 2086 imperatrice
477 2038 621 2085 Augusta
643 2046 827 2073 renovatum
862 2047 893 2074 et
924 2040 992 2074 eius

240 2087 429 2132 liberalitate
450 2095 481 2122 et
503 2087 728 2123 donationibus
754 2088 904 2132 ditatum,
936 2101 991 2122 su-

240 2137 407 2184 prascripti
435 2136 531 2171 nostri
567 2136 721 2183 privilegii
755 2137 867 2183 pagina
901 2149 990 2171 com-

239 2185 424 2226 munimus;
469 2192 660 2225 statuentes,
705 2192 738 2219 ut
771 2197 991 2232 quaecumque

239 2233 332 2275 bona,
367 2244 589 2280 quaecumque
624 2233 748 2279 praedia
784 2234 901 2268 urbana
926 2235 990 2269 sive

238 2282 377 2325 rustica,
412 2281 495 2324 culta
529 2281 577 2316 vel
613 2282 751 2323 inculta,
775 2294 990 2329 quascumque

240 2331 472 2379 possessiones,
499 2330 646 2365 utensilia
669 2331 716 2364 vel
743 2339 938 2370 ornamenta,
972 2343 988 2366 a

239 2379 378 2427 praefata
400 2380 560 2424 Augusta,
594 2378 642 2412 vel
670 2378 708 2412 ab
735 2379 803 2413 aliis
825 2379 989 2424 fidelibus,

236 2429 276 2464 de
302 2440 361 2463 suo
388 2426 470 2468 iure,
497 2427 600 2462 eidem
634 2428 823 2462 monasterio
857 2428 988 2470 collata,

238 2477 269 2512 iu
300 2477 549 2524 praesentiarum
573 2476 652 2510 iuste
685 2484 715 2510 et
745 2476 885 2522 legitime
915 2489 989 2523 pos-

236 2525 335 2566 sidet,
362 2532 416 2560 aut
445 2525 475 2559 in
506 2524 646 2564 futurum
674 2525 877 2560 concessione
901 2525 988 2560 Pon-

237 2574 369 2615 tificum,
397 2573 581 2608 liberalitate
603 2574 793 2620 principum,
829 2573 988 2609 oblatione

1010 2060 1023 2111 Γ

1686 273 1749 306 581

1051 337 1153 364 stante
1169 329 1315 373 Domino,
1340 333 1452 379 poterit
1474 334 1619 379 adipisci,
1637 335 1725 372 firma
1746 337 1800 372 tibi

1052 378 1174 425 tuisque
1201 382 1440 417 successoribus
1469 392 1498 418 et
1529 384 1644 420 illibata
1677 399 1802 432 perma-

1051 435 1153 462 neant.
1189 428 1283 473 Sane,
1311 430 1447 466 obcunte
1482 441 1526 472 te,
1550 446 1633 469 nunc
1660 436 1801 470 eiusdem

1027 499 1029 520 4
1050 475 1107 510 loci
1131 476 1252 517 abbate,
1281 479 1327 513 vel
1357 487 1480 515 tuorum
1510 483 1649 528 quolibet
1672 497 1802 519 sucees-

1048 537 1173 566 sorum,
1210 526 1314 561 nullus
1349 528 1388 562 ibi
1420 530 1559 575 qualibet
1586 532 1801 579 subreptionis

1026 574 1158 615 3astutia
1200 586 1255 609 seu
1291 576 1435 613 violentia
1474 589 1694 627 praeponatur,
1740 583 1798 617 nisi

1047 635 1140 668 quem
1164 622 1273 658 frati-es
1289 627 1449 661 communi
1466 640 1636 673 consensu,
1660 631 1706 666 vel
1727 643 1799 678 pars

1046 672 1167 706 consilii
1190 673 1324 708 sanioris
1350 675 1524 710 secundum
1548 677 1606 712 Dei
1636 679 1795 724 timorem,

1025 728 1075 754 ‘et
1111 720 1189 755 beati
1219 721 1380 757 Benedicti
1408 725 1566 770 regulam,
1602 729 1797 774 providerint

1045 769 1243 815 eligendum:
1267 771 1386 807 electus
1400 781 1503 808 antem
1519 786 1535 809 a
1556 774 1698 811 Romano
1714 777 1796 812 Pon·

1046 818 1126 853 titice
1153 828 1366 855 consecretur.
1395 821 1553 867 Chrisma,
1581 824 1694 860 Oleum
1721 839 1796 862 san-

1043 875 1141 912 ctum,
1168 870 1421 905 consecrationes
1441 872 1603 912 altarium.
1631 887 1686 909 seu
1710 875 1796 910 basi-

1045 915 1192 962 licarum,
1226 918 1440 954 ordinationes
1479 922 1704 958 monachorum
1736 937 1792 960 seu

1043 967 1267 1001 canonicorum
1305 976 1490 1010 vestrorum,
1525 971 1578 1017 qui
1612 972 1650 1006 ad
1685 985 1791 1009 sacras

1021 1015 1168 1054 ¹ordines
1195 1015 1309 1051 suerint
1344 1020 1560 1064 promovendi,
1582 1032 1599 1055 a
1629 1034 1693 1068 quo
1721 1035 1790 1058 ma-

1021 1059 1022 1065 *
1042 1062 1177 1109 lucritis,
1212 1066 1390 1112 suscipiatis
1412 1068 1578 1115 episcopo,
1611 1071 1636 1105 si
1660 1071 1790 1118 quidem

1041 1112 1214 1149 catholicus
1237 1114 1339 1155 fuerit,
1367 1124 1397 1150 et
1423 1117 1554 1162 gratiam
1581 1117 1674 1154 Sedis
1696 1120 1791 1166 Apo-

1041 1162 1167 1197 stolicae
1200 1162 1353 1198 babuerit.
1388 1164 1485 1200 Porro
1520 1166 1551 1200 in
1574 1168 1716 1203 ecclesiis
1747 1169 1787 1204 ad

1041 1210 1143 1257 ipsum
1168 1214 1392 1248 monasterium
1421 1215 1651 1261 pertinentibus
1670 1217 1788 1264 baptis-

1041 1271 1124 1294 mum
1153 1261 1310 1296 celebrare
1345 1264 1573 1309 permittimuS,
1608 1265 1638 1302 in
1670 1267 1787 1314 quibus

1039 1308 1185 1343 videlicet
1213 1322 1311 1357 usque
1338 1311 1374 1345 ad
1398 1311 1474 1347 haec
1501 1320 1640 1360 tempora
1665 1324 1787 1351 constat

1038 1369 1107 1391 esse
1129 1358 1330 1393 celebratum.
1358 1360 1470 1395 Missas
1498 1373 1624 1409 quoque
1647 1364 1786 1411 publicas

1039 1405 1068 1439 in
1091 1406 1201 1441 eodeni
1232 1410 1419 1443 monasterio
1446 1410 1614 1451 celebrari,
1641 1421 1694 1448 aut
1720 1423 1786 1448 sta-

1038 1455 1149 1494 tiones,
1177 1456 1241 1491 sive
1263 1457 1478 1493 ordinationes
1504 1459 1635 1507 aliquas,
1663 1471 1786 1508 praeter

1036 1504 1156 1539 abbatis
1186 1505 1376 1542 voluntatem
1404 1507 1443 1541 ab
1469 1508 1619 1556 episcopo
1644 1511 1786 1557 quolibet

1036 1553 1102 1587 lieri
1127 1554 1340 1600 prohibemus.
1369 1555 1517 1591 Decimas
1541 1566 1699 1604 praeterea
1719 1561 1786 1595 red-

1035 1601 1157 1636 dituum
1183 1603 1310 1649 praefati
1333 1605 1490 1649 coenobii,
1513 1606 1633 1654 absque
1653 1607 1785 1644 alicuius

1035 1651 1195 1698 episcopi,
1229 1653 1275 1687 vel
1304 1653 1519 1690 ministrorum
1555 1657 1624 1691 eius
1660 1666 1785 1692 contra-

1035 1699 1182 1739 dictione,
1199 1701 1454 1738 vobishabendas
1466 1705 1681 1740 concedimus.
1697 1707 1783 1741 Nulli

1034 1761 1109 1795 ergo
1136 1749 1266 1790 omnino
1284 1750 1448 1786 hominum
1470 1753 1572 1794 liceat,
1596 1756 1783 1800 praenomi-

1035 1806 1139 1832 natum
1177 1800 1401 1834 monasterium
1442 1809 1560 1837 temere
1588 1804 1782 1850 perturbare,

1032 1855 1086 1881 aut
1112 1847 1180 1882 eius
1203 1848 1418 1894 possessiones
1439 1851 1573 1891 auferre,
1597 1853 1642 1889 vel
1665 1853 1784 1888 ablatas

1035 1895 1180 1936 retinere,
1209 1897 1362 1938 minuere,
1387 1906 1441 1933 aut
1462 1899 1623 1946 aliquibus
1645 1903 1782 1936 vexatio-

1034 1944 1125 1980 nibus
1153 1944 1297 1992 fatigare3
1324 1947 1379 1982 sed
1412 1949 1516 1983 omnia
1552 1949 1672 1996 integra
1706 1963 1783 1985 con-

1032 2001 1197 2029 serventur
1217 2007 1340 2039 eorum,
1376 2008 1432 2043 pro
1458 2009 1591 2044 quorum
1624 1999 1783 2045 guberna·

1033 2042 1116 2076 tione
1150 2051 1180 2077 et
1216 2043 1465 2080 substentatione
1504 2058 1654 2082 concessa
1689 2056 1781 2091 sunt,

1033 2091 1141 2125 usibus
1175 2093 1366 2128 omnimodis
1399 2094 1572 2140 profutura.
1610 2096 1658 2130 Ad
1688 2097 1780 2140 haec,

1032 2140 1186 2185 praesenti
1209 2141 1347 2187 capitulo
1365 2142 1586 2188 adiungentes,
1602 2145 1781 2189 statuimus,

1032 2195 1064 2221 ut
1091 2189 1306 2234 supradictum
1342 2191 1530 2225 coenobium
1566 2193 1626 2226 sub
1664 2193 1782 2232 nullius

1031 2248 1183 2282 personae
1210 2237 1427 2274 iurisdictione
1454 2251 1508 2274 seu
1534 2248 1686 2286 potestate
1709 2254 1782 2289 pei·-

1032 2293 1171 2326 mancat,
1205 2294 1235 2319 et
1257 2286 1296 2320 ab
1323 2288 1408 2327 omnj
1438 2288 1509 2334 iugo
1537 2289 1686 2334 liberum,
1722 2291 1780 2326 soli

1010 2350 1012 2356 ν
1031 2341 1155 2367 sanctae
1178 2333 1338 2369 Romanae
1352 2344 1381 2370 et
1397 2336 1594 2383 Apostolicae
1609 2338 1684 2372 Sedi
1703 2339 1782 2373 sub-

1032 2382 1146 2416 iectum
1174 2394 1243 2417 esse
1265 2384 1434 2419 sancimus.
1463 2385 1674 2431 Dalmaticae,
1707 2399 1782 2422 san-

1031 2430 1200 2471 daliorum,
1229 2444 1285 2466 nec
1312 2444 1373 2467 nou
1397 2433 1651 2470 chirothecarum
1685 2448 1778 2472 usum

1031 2478 1098 2520 tibi,
1126 2480 1252 2527 tuisque
1266 2483 1515 2527 successoribus,
1543 2484 1625 2518 iuxta
1649 2485 1781 2531 praede-

1030 2539 1189 2562 cessorum
1215 2537 1393 2564 nostrorum
1413 2540 1538 2572 statuta,
1561 2533 1777 2568 concedimus.

1008 2575 1061 2610 ¹Si
1085 2589 1144 2623 qua
1168 2590 1242 2623 ergo
1266 2578 1296 2611 in
1321 2579 1457 2613 futurum
1482 2580 1691 2616 ecclesiastica
1715 2595 1781 2616 sae-

1030 275 1078 298 trs
1104 276 1128 298 lt
1154 276 1202 298 [Ψ.

1826 289 1874 316 An.
1895 289 1923 317 C.
1945 289 2009 317 ¹13³

1851 461 1943 488 Eiusque
1972 463 2008 483 ab·

1824 487 1894 507 batem
1904 489 1985 508 rii-niun
1997 496 2007 508 a

1823 515 1931 534 monacbis
1953 516 2008 540 eligi.

1831 542 1852 560 et
1880 547 1960 561 nonniu
1990 547 2001 561 a

1831 566 1891 587 itum.
1923 568 1997 588 Pontis.

1823 598 1942 614 consecrari
1971 595 2008 614 da-

1823 620 1921 641 cernitur.

1847 856 1954 881 (Zbrisma,
1979 860 2003 877 (ι-

1820 883 1874 903 lcnm
1895 887 1989 904 sanctum

1820 912 1948 936 caeteraque
1973 918 2006 931 su.

1820 942 1855 955 era
1877 942 1889 956 a
1905 942 2004 962 quocum-

1821 968 1861 987 que
1896 966 2005 985 antistita:

1820 990 1945 1015 recipiendi,

1840 1202 1968 1229 Baptismurn
1983 1206 2002 1226 in

1818 1230 1892 1250 eccles.
1915 1236 2002 1252 monast⁴

1822 1256 1943 1278 celebrandi
1973 1259 2000 1278 sa-

1817 1283 1916 1304 cultatem
1928 1285 1999 1305 tribui-

1818 1310 1857 1328 tur.

1843 1391 1917 1413 Missas
1932 1395 1999 1420 publi·

1816 1422 1858 1440 cas,
1870 1420 1901 1440 vet
1912 1421 1962 1446 quid
1972 1422 2000 1441 si-

1816 1445 1863 1464 mite
1883 1449 2000 1468 inconsulte

1816 1471 1893 1492 abbate
1905 1473 1955 1494 inibi
1967 1480 1999 1494 ce-

1815 1496 2000 1523 lebrarissecinm,

1816 1523 1931 1549 bonorum,
1953 1527 1998 1552 ipsa

1815 1549 1869 1578 buna
1894 1555 1998 1573 munaste-

1815 1581 1942 1604 rti,eiusque
1953 1585 1997 1599 iura

1815 1605 1933 1627 perturbari
1952 1611 1998 1631 pro·

1814 1628 1904 1651 hibetur.

1835 2119 1894 2141 Quod
1910 2126 1993 2140 omnino

1808 2145 1896 2166 liberum
1915 2147 1953 2166 sub
1969 2147 1990 2167 S.

1808 2171 1870 2191 Sedis
1886 2173 1950 2192 tutela
1963 2173 1991 2192 so-

1808 2203 1829 2217 re
1845 2197 1971 2219 declaratur⁴

1831 2416 1924 2443 Eiusque
1954 2419 1989 2439 ab·

1804 2443 1989 2466 batidalinaticae.

1803 2470 1948 2490 sandaliorum
1969 2474 1988 2491 et

1813 2496 1981 2517 chirothecarum

1804 2528 1862 2542 usum
1879 2523 1987 2542 cotistrnia·

1804 2550 1842 2568 tur⁴

1829 2607 1909 2627 Sattiae
1930 2608 1995 2627 elau*

238 2622 393 2664 fidetium,
415 2634 470 2658 seu
492 2622 561 2656 aliis
576 2622 665 2656 iustis
688 2622 880 2663 nominibus,
898 2635 988 2669 prae·
1031 2625 1182 2659 cularisve
1206 2639 1357 2673 persona,
1392 2628 1470 2663 hanc
1495 2638 1630 2664 nostram
1659 2632 1779 2666 cousti-
1802 2634 1869 2653 ’⁰¹³⁰-
