2180 3205
185 237 231 263 An.
262 237 288 264 C.
307 239 371 264 ¹¹57

193 743 304 764 tssnntiimat
330 745 364 764 iu—

180 781 210 799 ..15
220 779 243 793 er
252 776 319 795 eidem
330 780 367 795 ec-

181 809 237 824 ·'rsn
248 814 256 825 s
275 811 348 826 omnes
357 823 362 829 ,

180 844 189 854 r
209 836 263 856 buna
279 838 303 857 nd
313 836 365 858 Gra-

208 875 227 886 ;ι.
247 866 363 888 Ecclesiam

180 899 314 923 tertinentia.

196 1432 275 1453 Solitae
290 1439 345 1454 con·

212 1464 326 1484 clusioues.

191 1930 289 1951 Enni-tani
308 1929 347 1950 ΡΡ.

179 2037 197 2051 e·
218 2031 237 2051 5.
258 2030 280 2051 tt.
303 2030 360 2051 Eccl.

205 2061 340 2082 cardinalium

185 2093 360 2119 subscriptiones.

436 228 507 260 628

384 294 540 328 der-tinum
564 292 883 338 archiepiscopatum,
907 298 937 324 et
970 291 1138 337 episcopa-

986 235 1122 258 BULbssU
1129 233 1172 256 t'n
1198 234 1287 256 ROMA
1293 235 1359 257 Nun

1224 290 1293 335 Ego
1327 289 1521 324 Octavianus
1561 289 1721 337 presbyter
1762 289 1932 325 cardinalis

383 351 434 377 tus
461 342 569 389 ipsius,
603 340 773 387 apostolica
809 339 998 374 authoritate
1021 352 1137 374 conce-
1177 339 1221 373 tit.
1246 338 1379 373 Sanctae
1402 339 1558 374 Caeciliae
1586 339 1770 386 subscripsi.

382 391 505 431 dimus,
529 399 557 425 et
580 402 651 425 cum
677 399 703 424 te
727 401 820 435 qnam
845 400 1043 423 successores
1065 396 1136 423 tnos

381 440 538 474 Iadertino
560 439 800 486 archiepiscopo
827 446 857 472 et
879 438 1038 485 episcopis
1054 438 1134 477 eius,

380 490 433 536 qui
471 501 526 536 pro
551 498 692 535 tempore
721 488 852 527 suerint,
887 487 1041 534 dignitate
1070 487 1135 534 pri-

380 547 482 573 matus
506 538 680 586 praesidem
704 537 892 577 statuimus,
915 545 946 571 et
967 549 1134 571 consecra-

380 588 474 622 tionis
507 600 625 622 munus
662 587 764 621 eidem
801 586 1040 633 archiepiscopo
1073 586 1133 620 im-

380 637 504 683 pertiri;
535 637 678 671 Romano
701 636 829 683 quidem
852 635 998 670 Pontifici
1033 635 1133 669 tradi-

379 687 464 722 tione
497 687 580 733 pallii
618 694 787 726 reservata,
824 685 990 719 statuimus
1017 685 1131 724 etiam,

379 744 410 770 ut
434 748 656 783 quaecumque,
679 735 778 778 bona,
813 746 1030 781 quascumque
1059 746 1132 781 pos-

379 786 548 826 sessiones,
568 797 649 832 quae
671 784 781 819 eadem
797 783 972 818 Gradcnsis
993 783 1130 818 Ecclesia

378 835 460 870 iuste
476 843 506 870 et
517 835 667 870 canonice
692 833 842 881 possidet,
870 842 921 868 aut
941 834 970 867 in
989 833 1129 867 futurum

379 884 468 920 iustis
496 884 611 928 modis,
647 884 714 918 Deo
742 883 888 930 propitio,
918 883 1030 930 poterit
1063 882 1131 916 adi-

377 934 467 980 pisci,
491 934 579 968 strma
608 933 661 967 tihi
690 933 815 979 tuisque
841 931 1079 967 suecessoribus
1101 939 1131 966 et

376 983 495 1018 illibata
522 990 737 1031 permaneant.
761 982 860 1016 Porro
882 982 1046 1025 ecclesias,
1080 994 1131 1016 re-

375 1032 497 1079 ligiosis
512 1032 670 1081 episcopis
684 1031 857 1066 Gradensis
875 1031 1038 1065 Ecclesiae
1049 1030 1129 1065 ohla-

377 1091 440 1122 tas,
464 1095 519 1130 per
548 1082 790 1130 patriarchatum
819 1090 907 1114 tunm
931 1080 1128 1121 constitutas,

376 1131 432 1166 tibi
466 1132 592 1179 tuisque
619 1130 859 1166 successorihus
881 1129 979 1164 libere
1006 1130 1128 1164 contir—

377 1193 513 1216 mamus:
543 1183 583 1216 ita
608 1189 640 1216 ut
669 1180 744 1214 nulli
769 1180 920 1227 episcopo
942 1179 1034 1214 liceat
1062 1179 1128 1214 abs-

375 1243 437 1278 que
460 1239 513 1266 tuo
537 1243 666 1266 assensu
687 1242 716 1264 tn
737 1242 782 1264 ets
809 1236 1062 1264 consecrationes
1074 1241 1128 1263 ce—

376 1280 508 1321 lebrare,
530 1289 582 1315 aut
614 1278 831 1315 sacerdotibus
862 1279 891 1313 in
920 1279 1038 1313 eisdem
1061 1278 1129 1313 Do-

375 1331 462 1364 mino
496 1329 722 1367 servientibus.
761 1329 861 1363 donec
891 1328 923 1362 in
947 1327 1024 1363 locis
1050 1328 1128 1374 ipsis

376 1379 504 1421 fuerint,
539 1379 642 1414 divina
671 1378 769 1413 officia
800 1377 978 1425 prohibere.
1008 1376 1127 1412 Decer-

376 1430 481 1463 nimus
503 1441 595 1475 ergo,
633 1437 666 1463 ut
691 1427 769 1462 nulli
802 1427 932 1462 omnino
960 1427 1127 1461 hominurn

376 1478 466 1513 liceat
487 1478 698 1526 supradictam
724 1477 895 1512 Ecclesiam
921 1485 1036 1511 temere
1063 1489 1127 1524 per-

376 1528 514 1573 turbare,
548 1536 603 1563 ant
636 1528 704 1562 eius
738 1527 954 1574 possessiones
988 1526 1127 1570 auferre,

376 1578 423 1612 vel
445 1577 564 1613 ablatas
597 1577 750 1617 retinere,
788 1576 948 1616 minuere,
977 1588 1032 1610 seu
1055 1576 1127 1622 qui—

375 1627 513 1662 buslibet
527 1626 743 1662 vexationibus
763 1625 908 1672 fatigare3
931 1625 986 1660 sed
1011 1625 1126 1659 illibata

375 1677 480 1712 omnia
502 1685 532 1711 et
567 1677 686 1723 integra
721 1683 971 1714 conserventur,
1006 1687 1126 1715 eorum,

376 1738 432 1773 pro
459 1739 593 1774 quorum
629 1724 856 1772 gubernatione
884 1733 914 1759 et
947 1724 1128 1759 substenta-

376 1776 459 1811 tione
487 1787 634 1811 concessa
661 1782 746 1812 sunt,
787 1773 898 1808 usibus
936 1773 1129 1808 omnimodis

376 1825 548 1872 profutura.
580 1824 612 1860 Si
636 1836 696 1872 qua
720 1825 814 1870 igitur
842 1823 873 1857 in
902 1823 1041 1858 futurum
1075 1835 1128 1858 ec-

375 1875 548 1910 clesiastiea
570 1874 776 1908 saecularisve
800 1885 930 1919 persona
953 1881 1012 1907 etc.

424 1924 497 1960 Eoo
543 1927 712 1958 Anninus
753 1922 922 1958 catholicae
968 1921 1128 1957 Ecclesiae

376 1975 556 2022 episcopus.

425 2024 494 2070 Ego
515 2023 637 2058 Imarus
662 2021 863 2057 Tusculanus
889 2021 987 2068 episc.

427 2073 493 2120 Ego
515 2072 640 2107 Cintius
660 2071 848 2107 portuensis
869 2079 900 2106 et
917 2070 1052 2105 Sanctae
1065 2069 1129 2104 Ru-

377 2123 457 2158 finae
479 2123 659 2170 episcopus.

425 2173 495 2219 Ego
516 2171 623 2207 Guido
646 2170 807 2218 presbyter
830 2169 999 2205 cardinalis
1021 2168 1127 2204 Sancti

376 2221 577 2270 Chrysogoni
601 2220 706 2256 subsc.

427 2272 494 2318 Ego
515 2270 658 2306 Ubaldus
690 2269 852 2317 presbyter
885 2267 1054 2304 cardinalis
1080 2268 1127 2302 tit.

377 2321 511 2357 Sanctae
537 2319 690 2355 Praxedis
716 2332 758 2354 ss.

426 2370 494 2417 Ego
513 2369 694 2404 Mansredus
714 2368 875 2416 presbyter
895 2367 1066 2403 cardinalis
1081 2367 1126 2401 tit.

377 2420 511 2455 Sanctae
532 2419 668 2454 Sabinae
695 2431 737 2453 ss.

427 2469 495 2515 Ego
529 2468 628 2503 lulius
655 2467 816 2515 presbyter
850 2466 1020 2501 cardinalis
1047 2465 1127 2500 tituli

379 2518 485 2553 Sancti
509 2517 648 2552 Marcelli
671 2530 713 2552 ss.

1224 388 1291 434 Ego
1318 388 1453 423 Ioannes
1481 388 1642 435 presbyter
1674 388 1845 423 cardinalis
1878 388 1929 423 Ss.

1176 437 1303 472 Ioannis
1325 445 1355 472 et
1378 437 1465 472 Pauli
1489 438 1536 472 tit.
1568 437 1772 472 pammachii.

1224 487 1293 533 Ego
1318 486 1451 521 loannes
1475 486 1636 534 presbyter
1658 486 1826 521 cardinalis
1848 487 1928 521 tituli

1175 535 1364 571 Sanctorum
1388 535 1531 571 Silvestri
1561 545 1592 571 et
1613 535 1737 570 Martini
1767 548 1809 570 ss.

1224 585 1292 630 Ego
1311 585 1386 620 Otto
1409 586 1565 620 diaconus
1587 585 1755 620 cardinalis
1776 585 1810 620 S.
1833 585 1929 620 Geor-

1174 635 1214 681 gii
1237 635 1274 669 ad
1297 634 1410 669 Velum
1433 636 1574 669 Aureum
1598 647 1639 670 ss.

1225 684 1290 730 Ego
1305 684 1413 719 Guido
1435 685 1590 719 diaconus
1612 684 1780 719 cardinalis
1793 684 1928 720 Sanctae

1174 733 1290 768 Mariae
1313 733 1342 768 in
1371 734 1502 780 Aquiro.

1222 782 1288 829 Ego
1315 783 1454 818 Iacintus
1489 783 1570 818 diac.
1599 783 1766 818 cardinalis
1793 783 1927 819 Sanctae

1171 832 1287 867 Mariae
1316 833 1345 867 in
1371 832 1555 868 Cosmedin.

1221 881 1335 918 Datum
1358 882 1461 917 Later.
1491 895 1547 930 per
1575 894 1702 917 manum
1729 882 1864 918 Rolandi
1890 882 1925 917 S.

1173 930 1209 965 P..
1243 931 1278 965 E.
1316 932 1486 966 cardinalis
1521 940 1551 967 et
1586 931 1784 971 cancellarii,
1821 931 1926 967 idibus

1172 981 1261 1022 iunii,
1285 981 1459 1016 indictione
1480 993 1512 1022 V,
1536 982 1762 1016 incarnationis
1784 980 1925 1016 domini-

1171 1043 1226 1066 cae
1240 1043 1322 1065 anno
1344 1043 1468 1074 arcun,
1497 1031 1696 1078 pontificatus
1718 1043 1791 1066 vero
1813 1031 1923 1065 domni

1171 1080 1300 1115 Adriani
1328 1080 1433 1127 Papae
1451 1080 1493 1115 IV
1514 1093 1598 1115 anno
1624 1093 1674 1115 ιιι.

1229 1137 1291 1167 Dat.
1315 1138 1362 1168 die
1385 1137 1422 1168 13
1445 1137 1519 1168 iunii
1541 1147 1618 1168 anno
1639 1137 1755 1168 Domini
1776 1137 1862 1175 1157,

1413 1182 1514 1222 pontif.
1537 1192 1614 1213 anno
1639 1191 1679 1212 111.

1490 1347 1605 1382 XVIII.

1172 1424 1327 1458 Concessio
1347 1426 1545 1469 patriarchae
1578 1425 1748 1462 Gradensi,
1784 1432 1817 1458 ιιι
1840 1425 1922 1459 Con-

1217 1475 1427 1519 stantinopoli,
1455 1483 1480 1507 ec
1501 1476 1534 1508 in
1561 1475 1633 1508 aliis
1655 1476 1783 1509 urbibus
1802 1476 1924 1519 imperii

1221 1525 1572 1569 Cutestanlinopole'tant',
1614 1525 1643 1557 in
1677 1526 1787 1569 quibus
1821 1524 1923 1557 Veneti

1214 1575 1317 1618 plures
1343 1573 1453 1606 habent
1475 1574 1638 1612 Ecclesias,
1662 1575 1812 1619 episcopos
1833 1574 1922 1607 ordi-

1219 1635 1292 1656 nare
1318 1630 1344 1656 et
1366 1635 1540 1657 consecrare
1557 1625 1654 1668 possit
1677 1625 1733 1667 (l).

1437 1701 1651 1732 sUtntAffltat

1170 1767 1336 1798 Exordium.
1357 1785 1397 1790 —
1419 1768 1547 1798 Romana
1582 1768 1712 1798 Ecclesia
1736 1773 1920 1798 caeterorum

1209 1817 1296 1851 caput
1315 1817 1343 1842 et
1365 1813 1514 1850 magistra.
1531 1830 1571 1835 —
1584 1811 1655 1842 Eius
1667 1817 1711 1842 est
1729 1813 1852 1843 caeteris
1868 1812 1922 1843 Ec·

1209 1857 1309 1886 clesiis
1336 1857 1499 1896 providere.
1523 1874 1563 1879 —
1579 1857 1720 1888 Gradensi
1739 1857 1921 1897 patriarchae

1209 1902 1255 1930 ius
1279 1901 1364 1931 datur
1385 1901 1542 1931 ordinandi
1564 1901 1719 1940 episcopos
1750 1910 1802 1940 per
1824 1903 1920 1940 impe-

1208 1946 1285 1976 rium
1308 1946 1336 1976 C.
1359 1945 1390 1975 Ρ.
1412 1963 1451 1968 -—
1471 1946 1638 1976 Roboratur
1655 1946 1828 1976 huiusmodi
1847 1955 1920 1976 con-

1210 1991 1316 2021 cessio.
1334 2008 1374 2013 —
1390 1990 1530 2023 Hadriani
1548 1990 1602 2020 PP.
1625 1995 1654 2021 et
1671 1990 1700 2021 S.
1722 1990 1754 2020 R.
1789 1990 1819 2021 E.
1843 1991 1922 2021 card.

1211 2036 1457 2076 subscriptiones.

1170 2105 1283 2134 Adrianus
1300 2105 1420 2143 episcopus
1435 2112 1513 2133 servus
1529 2112 1646 2133 sertorum
1663 2102 1715 2140 Dei,
1736 2102 1863 2146 venerabili
1879 2101 1923 2132 Ira-

1210 2150 1238 2179 tri
1267 2149 1366 2179 flenrico
1387 2149 1499 2178 Gradensi
1520 2147 1680 2188 patriarchae,
1702 2147 1800 2178 satutem
1823 2152 1845 2177 et
1869 2156 1923 2186 apo·

1209 2195 1314 2224 stolicam
1336 2193 1533 2224 benedictionem.

1219 2257 1303 2292 Inter
1324 2257 1429 2305 omnia
1451 2256 1529 2291 coeli
1557 2256 1671 2301 sidera,
1698 2267 1779 2303 qnae
1806 2256 1844 2291 ad
1865 2255 1925 2289 dc·—

1170 2319 1275 2341 corem
1299 2307 1421 2350 mundi,
1443 2313 1473 2341 et
1497 2318 1573 2341 usus
1593 2306 1769 2349 hominum,
1792 2306 1822 2340 in
1842 2305 1922 2353 prin-

1170 2356 1253 2403 cipio
1289 2356 1449 2403 Sapientia
1477 2355 1588 2391 Divina
1625 2355 1788 2395 formavit,
1822 2355 1920 2390 solem

1172 2406 1268 2440 voluit
1281 2405 1419 2440 claritate
1439 2405 1568 2440 luminis
1588 2405 1807 2452 praeeminere:
1831 2404 1922 2439 cuius

1171 2464 1257 2490 ortus
1278 2463 1309 2489 et
1330 2454 1414 2489 diem
1437 2462 1537 2490 terrae
1553 2454 1745 2495 infunderet,
1767 2462 1796 2488 et
1820 2454 1921 2488 noctis

1171 2504 1315 2539 tenebras
1348 2504 1558 2552 propulsaret.
1594 2503 1796 2539 Conveniens
1830 2514 1922 2537 nam-

427 2567 494 2613 Ego
520 2566 663 2602 Ubaldus
698 2566 857 2614 presbyter
891 2564 1059 2600 cardinatis
1081 2564 1127 2599 ffl-
1147 2573 1152 2581 =
1170 2566 1230 2601 qne
1249 2553 1361 2599 suerat,
1383 2553 1467 2602 quod
1493 2566 1531 2590 eo
1554 2553 1761 2602 praestantior
1790 2552 1922 2588 caeteris

379 2616 412 2652 S.
440 2616 553 2651 Crucis
574 2616 604 2650 in
631 2616 828 2651 Hierusalem
852 2627 893 2650 ss.

1205 2625 1244 2660 (t)
1262 2624 1351 2653 Concit
1379 2624 1441 2652 edit.
1462 2624 1567 2658 Venet„
1589 2628 1653 2651 tom.
1668 2631 1727 2651 xut.

1947 229 1996 258 An.
2015 229 2043 255 C.
2064 224 2130 255 ¹157

1968 2266 2087 2288 Ruordium.
