2180 3205
173 218 223 243 An.
242 216 269 242 C.
287 216 356 243 1075

219 2391 358 2412 tierimannnz

173 2423 286 2443 episcopus

173 2451 206 2463 cin
222 2444 283 2464 Sodi<
307 2446 335 2470 Ap
347 2452 359 2461 ι-

172 2471 260 2490 stolime
275 2477 295 2490 se
313 2471 360 2489 snti-

172 2499 218 2517 (tali
230 2500 243 2518 t.

307 2418 359 2437 ιιιιίι-

435 211 478 242 72

381 275 515 310 alienius
540 273 700 321 dignitatis
722 285 775 307 sen
803 271 974 318 potestatis,
997 271 1060 306 sive
1076 283 1133 305 cu-

384 324 510 359 iuslibet
555 322 745 358 conditionis
788 332 938 368 persona,
985 332 1033 355 res
1071 320 1132 355 iam

380 385 474 420 saepe.
502 372 580 407 satae
598 371 772 414 Ecclesiae,
797 370 931 404 maxime
951 369 1131 404 thesaurum

383 431 413 457 et
433 421 570 469 praedia,
599 420 732 460 auferre,
756 419 800 454 vel
824 419 928 466 aliquo
953 419 1046 453 modo
1064 418 1131 453 alie-

382 483 457 505 nare
492 470 606 504 iniuste
637 468 813 515 diripiendo
848 475 1047 515 praesumat,
1073 467 1134 502 do-

380 532 440 554 nec
473 519 675 565 omnipotens
709 518 795 552 Dens
833 530 887 565 per
920 518 1130 552 interventum

379 568 460 603 beati
490 568 572 602 Petri
596 567 758 603 Ecclesiae
786 567 827 601 illi
857 566 1004 602 idoneum
1033 574 1134 613 pasto-

380 630 445 652 rem
471 617 643 663 provideat.
667 616 700 652 Si
721 616 792 664 quis
815 628 887 651 vero
909 624 1017 651 contra
1040 615 1133 650 liuius

379 666 611 701 interdictionis
633 666 778 713 paginam
802 666 908 700 venire
923 665 1132 712 temptaverit,

378 716 502 750 noverit
529 728 562 750 se
584 716 715 761 gratiam
738 716 836 750 sancti
863 714 947 749 Petri
979 714 1132 758 amittere,

378 774 409 799 et
431 764 623 812 apostolicae
638 764 918 799 animadversionis
938 763 1054 798 ultione
1071 763 1133 810 ple·

379 814 541 849 ctendum.
580 813 650 848 Dat.
686 813 806 848 Romae
822 841 831 857 ,
870 826 916 847 xii
950 812 1009 847 kal.
1047 813 1131 853 maii,

380 864 554 898 indictione
575 863 797 898 decimatertia.

433 919 492 949 Dat.
512 920 559 950 die
581 920 620 949 20
638 920 740 959 aprilis
759 929 834 949 auno
854 919 969 948 Domini
993 919 1075 955 1075,

632 960 734 999 pontis.
753 969 829 989 anno
846 968 875 988 ιι.

706 1087 804 1121 XVll.

442 1161 642 1207 Confirmatio
667 1161 830 1193 sententiae
851 1160 983 1192 eiusdem
1002 1160 1063 1201 (l).

648 1228 861 1260 SUMMAtuUM

376 1291 573 1322 Herimannus
591 1292 749 1330 episcopus
768 1291 878 1321 iudicio
901 1290 986 1320 Sedis
1009 1291 1131 1329 Aposto-

417 1332 491 1362 licae
518 1342 550 1362 se
568 1332 734 1369 subtrahit,
769 1347 809 1353 --
838 1330 871 1360 Et
893 1330 1056 1360 Ecclesiam
1083 1335 1129 1368 ty-

417 1373 538 1402 rannice
569 1376 706 1411 occupat3
736 1387 776 1393 —-
806 1370 901 1406 Quare
930 1370 1129 1399 anathemati-

417 1416 500 1441 zatur
513 1417 541 1442 et
555 1411 730 1442 sacerdotali
747 1419 864 1449 quoque
881 1410 1010 1449 privatur
1025 1409 1129 1439 officio:

417 1461 572 1491 quousque
585 1452 687 1490 Apost.
699 1450 768 1480 Sedi
781 1460 812 1479 se
825 1454 999 1488 praesentet.
1009 1448 1128 1478 ——ltem

418 1491 561 1521 sententia
590 1490 904 1520 excommunicationis
934 1489 962 1518 in
991 1498 1056 1525 eos,
1079 1489 1129 1527 qui

419 1531 454 1561 ab
478 1531 528 1560 illo
559 1531 657 1569 aliqua
680 1530 830 1560 Ecclesiae
860 1529 977 1568 praedia
1009 1537 1131 1567 accepe-

416 1576 494 1608 runt,
510 1575 541 1601 ut
558 1571 585 1600 ei
604 1570 742 1600 faverent.

377 1638 521 1674 Gregorius
540 1637 680 1673 episcopus
699 1643 794 1665 servus
813 1642 952 1664 servorum
978 1634 1033 1667 Dei,
1059 1634 1131 1662 clero

423 1685 451 1712 et
473 1682 570 1719 populo
589 1681 826 1716 Babembergensis
852 1680 994 1712 Ecclesiae.
1015 1679 1131 1708 salutem

424 1729 452 1757 et
470 1727 648 1764 apostoticam
667 1726 891 1754 benedictionem.

427 1791 561 1832 Literas,
590 1802 668 1838 quas
702 1789 814 1836 Poppo
843 1787 1039 1836 praepositus
1066 1787 1131 1821 Ec-

378 1840 494 1876 clesiae
520 1848 640 1875 vestrae
661 1851 733 1874 cum
758 1839 817 1883 liis,
839 1838 892 1885 qui
915 1849 1022 1872 secum
1043 1844 1131 1871 erant

379 1889 516 1937 decepti,
543 1888 686 1924 simulata
714 1887 906 1935 poenitentia
934 1886 1072 1933 falsaque
1087 1898 1132 1920 re·

379 1939 498 1986 ligione
531 1938 715 1973 Herimanni
744 1937 818 1972 olim
847 1936 920 1971 dicti
949 1935 1041 1970 vestri
1069 1935 1132 1981 epi-

379 1989 480 2036 scopi,
502 1988 626 2023 incaute
647 1999 664 2022 a
692 1987 783 2022 nohis
804 1986 900 2021 nimia
922 1985 981 2020 sub
1003 1984 1132 2020 festina-

380 2038 465 2073 tione
491 2037 687 2080 recedentes,
702 2036 742 2071 ad
765 2047 819 2070 vos
841 2034 963 2069 deferre
990 2034 1134 2079 neglexe-

380 2095 478 2129 runt,
514 2094 620 2122 nostro
656 2086 759 2132 sigillo
795 2084 981 2131 insignitas3
1018 2083 1132 2118 idcirco

380 2136 471 2171 vobis
492 2136 530 2171 ad
553 2147 702 2184 praesens
728 2134 862 2180 dirigere
885 2133 1015 2179 dignum
1043 2132 1134 2166 duxi-

381 2198 470 2230 mus,
503 2193 536 2220 ut
571 2184 690 2219 inillis
731 2182 894 2218 manifeste
918 2182 1132 2228 cognoscatis,

383 2246 464 2283 quae
491 2234 585 2270 fuerit
615 2233 654 2268 de
681 2233 826 2268 iamdicto
862 2232 1134 2279 pseudoepiscopo

382 2292 488 2319 nostra
504 2283 660 2325 voluntas,
673 2294 830 2330 quamque
848 2281 1035 2316 sententiam
1051 2280 1136 2314 dam-

382 2333 519 2369 nationis
541 2332 660 2368 iudicio
678 2341 804 2367 sanctae
819 2330 1020 2378 Apostolicae
1042 2329 1134 2364 Sedis

384 2383 416 2417 in
442 2395 516 2418 eum
538 2381 821 2430 promulgavimus:
839 2380 1053 2415 indubitanter
1069 2390 1135 2413 cre-

384 2431 508 2476 dentes,
532 2431 682 2479 quoniam
710 2430 830 2465 nullius
864 2428 1055 2476 snpplicatio
1082 2435 1136 2462 aut

385 2480 593 2516 fraudolentia
607 2481 645 2516 ab
663 2479 773 2515 eadem
796 2479 967 2522 voluntate,
989 2477 1054 2512 sive
1068 2488 1136 2511 sen-

385 2530 480 2566 tentia
516 2543 554 2565 ex
581 2542 642 2570 eo,
676 2529 759 2577 quod
794 2540 827 2563 se
861 2527 978 2563 iudicio
1007 2533 1135 2562 sanctae

420 2601 460 2637 (ί)
477 2600 516 2628 Ex
531 2599 595 2628 edit.
613 2600 691 2628 card.
709 2599 826 2627 Caras-ae.

964 214 1153 239 nutantum
1180 214 1340 237 ROMANUH

1175 269 1375 317 Apostolicae
1398 269 1491 304 Sedis
1518 270 1681 308 subtraxit,
1704 270 1848 304 animum
1873 283 1926 303 no-

1174 328 1274 354 strum
1293 319 1391 366 potuit
1416 331 1570 358 revocare,
1594 320 1638 353 vel
1660 332 1833 366 numquam
1857 320 1925 354 Deo

1174 377 1301 403 anctore
1331 377 1450 403 mutare
1474 367 1596 403 valebit.
1625 368 1739 403 Verum
1766 369 1837 415 quia
1865 369 1924 402 sub

1174 417 1335 464 obtemptu
1366 417 1546 463 religionis,
1583 429 1618 452 ac
1647 418 1793 452 mentitae
1821 418 1926 461 poeni-

1174 467 1288 502 tentiae
1315 475 1453 502 sanctam
1478 466 1785 513 Babembergensem
1809 466 1923 501 Eccle-

1173 516 1275 557 siam,
1311 516 1481 563 specialem
1520 515 1754 563 quodammodo
1794 523 1922 550 sanctae

1174 565 1334 600 Romanae
1386 565 1544 600 Ecclesiae
1586 564 1680 599 filiam
1701 592 1709 605 ,
1760 564 1923 611 tyrannide

1174 622 1303 649 conatus
1338 623 1385 650 est
1411 614 1630 658 confundere,
1658 613 1803 661 bonaque
1839 614 1922 648 illius

1174 664 1356 710 dilapidare,
1375 672 1467 711 atque
1489 663 1682 711 disperdere,
1697 663 1832 711 priorem
1849 674 1923 698 sen-

1174 714 1302 748 tentiam
1331 714 1573 753 confirmantes,
1594 712 1631 748 ad
1653 712 1815 748 cumulum
1837 712 1922 746 dam-

1175 762 1309 797 nationis
1330 763 1398 798 eius
1421 764 1479 798 lioc
1497 762 1652 803 addimus,
1672 769 1705 796 ut
1733 763 1923 808 irrecupera-

1175 811 1277 846 biliter
1308 812 1347 846 ab
1373 812 1544 860 episcopali
1575 811 1678 846 officio
1712 818 1873 855 semotuS,
1905 823 1921 845 a

1173 861 1357 896 sacerdotali
1379 873 1506 909 quoque
1532 861 1571 896 sit
1605 861 1736 896 omnino
1763 860 1921 904 seclusus,

1173 923 1338 958 quousque
1356 911 1544 958 apostolicae
1559 922 1592 946 se
1606 910 1783 945 audientiae
1801 921 1922 957 reprae-

1173 968 1297 998 sentet,
1326 969 1450 1007 paratus
1484 972 1552 995 eam
1584 959 1759 994 cautionem
1797 958 1919 999 facere,

1173 1020 1264 1053 qnam
1280 1018 1397 1044 vestrae
1406 1009 1566 1044 Ecclesiae
1579 1008 1818 1054 cognoverimus
1831 1020 1923 1055 expe-

1172 1058 1248 1091 dire.
1272 1058 1321 1092 Ab
1334 1059 1503 1106 episcopali
1520 1070 1592 1092 vero
1606 1057 1709 1092 officio
1727 1069 1798 1091 cum
1816 1069 1920 1102 segre-

1172 1108 1386 1154 ganms,'qnia
1409 1108 1580 1142 simoniace
1595 1107 1704 1141 invasit
1725 1106 1918 1147 Ecclesiam;

1172 1156 1355 1190 sacerdotali
1371 1168 1498 1203 quoqne
1520 1168 1591 1190 eum
1615 1156 1729 1189 idcirco
1747 1156 1917 1202 privamus,

1171 1205 1319 1251 quoniam
1349 1205 1408 1240 sub
1430 1205 1535 1252 specie
1564 1205 1735 1239 sanctitatis
1762 1204 1846 1238 visus
1872 1212 1919 1238 est

1171 1266 1237 1288 eam
1261 1254 1411 1289 dilaniare
1433 1263 1525 1301 atque
1553 1253 1757 1288 contundere.
1781 1253 1820 1287 Et
1846 1253 1917 1300 quia

1172 1311 1254 1339 tanta
1278 1303 1355 1339 mala
1375 1312 1482 1339 contra
1497 1303 1669 1338 Ecclesiam
1695 1302 1919 1349 quoquomodo

1170 1353 1246 1390 olim
1268 1353 1327 1388 sibi
1345 1353 1545 1388 commissam
1560 1364 1706 1388 exercere
1725 1364 1786 1387 non
1804 1351 1917 1392 timuit,

1170 1403 1376 1438 anathematis
1397 1415 1469 1437 eum
1487 1402 1610 1436 vinculo
1625 1400 1824 1441 innodamus,
1843 1412 1919 1447 quo-

1170 1463 1270 1498 usque
1292 1451 1471 1499 supradicto
1489 1451 1582 1486 modo
1599 1463 1633 1485 se
1654 1450 1842 1497 apostolicae
1861 1462 1918 1484 au-

1171 1500 1306 1535 dientiae
1328 1508 1558 1548 repraesentet,-
1581 1500 1639 1534 nisi
1668 1499 1744 1534 forte
1766 1499 1796 1533 in
1819 1506 1918 1533 extre·

1172 1551 1230 1585 mis
1251 1550 1364 1585 ductus
1386 1550 1514 1597 dignam
1531 1548 1754 1596 poenitentiam
1773 1548 1916 1594 accipiat,

1171 1611 1207 1634 eo
1235 1609 1338 1634 tamen
1358 1608 1477 1644 tenore,
1501 1607 1534 1634 nt
1555 1599 1580 1633 si
1603 1597 1806 1638 convaluerit,
1820 1597 1917 1631 simili

1172 1648 1266 1683 modo
1305 1655 1355 1693 (ut
1392 1649 1512 1683 dictum
1552 1652 1612 1692 est)
1652 1659 1685 1682 se
1719 1646 1922 1694 Apostolicae

1171 1698 1246 1733 Sedi
1271 1706 1504 1746 repraesentare
1537 1698 1670 1732 festinet.
1706 1695 1824 1731 Eodem
1848 1707 1922 1742 quo·

1171 1760 1232 1794 que
1261 1748 1458 1782 anathemate
1488 1747 1680 1794 percutimus
1707 1757 1778 1785 eos,
1804 1745 1856 1792 qui
1884 1745 1923 1779 ab

1173 1797 1262 1831 initio
1291 1797 1497 1844 promotionis
1524 1795 1664 1831 eiusdem
1697 1794 1799 1841 aliqua
1831 1806 1922 1841 prae-

1171 1846 1220 1881 dia
1248 1846 1408 1881 Ecclesiae
1432 1845 1473 1880 ab
1500 1858 1537 1881 eo
1569 1852 1776 1892 acceperunt,
1804 1850 1837 1878 ut
1863 1843 1924 1878 sibi

1172 1895 1310 1930 faverent
1362 1895 1399 1930 ad
1448 1895 1515 1930 eius
1562 1894 1712 1929 malitiam
1762 1900 1925 1928 contuen-

1172 1944 1264 1989 dam,
1302 1944 1494 1991 permaxime
1530 1943 1624 1984 illos,
1661 1943 1714 1990 qui
1753 1951 1921 1989 postquam

1172 2010 1205 2033 se
1251 1998 1450 2045 Apostolicae
1496 1996 1591 2032 Sedis
1638 1996 1756 2031 iudicio
1803 1995 1924 2030 subtra-

1173 2052 1235 2096 xit,
1270 2052 1308 2086 ab
1341 2065 1378 2087 eo
1413 2051 1530 2098 aliquid
1566 2051 1597 2086 in
1635 2050 1772 2098 praediis
1812 2049 1859 2084 vel
1892 2048 1926 2083 in

1173 2106 1329 2141 thesauris
1351 2106 1512 2141 Ecclesiae
1539 2112 1731 2153 acceperunt
1756 2103 1796 2138 ad
1823 2102 1927 2138 confo-

1174 2160 1312 2195 vendum
1339 2173 1424 2206 eum,
1452 2168 1485 2196 ut
1520 2160 1549 2194 in
1577 2172 1633 2194 sua
1662 2156 1833 2206 pertinacia
1861 2167 1928 2203 per-

1174 2223 1305 2256 severet,
1328 2215 1388 2249 nisi
1413 2214 1614 2261 resipuerint,
1638 2212 1783 2247 videlicet
1800 2218 1836 2245 ut
1855 2222 1927 2244 con-

1175 2269 1268 2315 digna
1294 2268 1516 2308 satisfactione,
1545 2267 1630 2315 quod
1653 2265 1812 2313 praedicto
1834 2263 1925 2298 sacri-

1175 2322 1258 2367 legio
1294 2331 1515 2369 peccaverunt,
1546 2319 1735 2359 emendent,
1771 2316 1926 2362 nobisque

1176 2388 1264 2411 suam
1278 2376 1502 2423 poenitentiam
1519 2375 1677 2421 resignare
1690 2372 1847 2407 festinent.
1858 2369 1927 2403 Dat.

1176 2430 1302 2464 Laureti
1349 2441 1411 2464 xiii
1453 2429 1512 2463 kal.
1558 2427 1711 2474 augusti,
1758 2424 1930 2459 indictione

1177 2483 1403 2518 decimatertia.

1247 2545 1307 2576 Dat.
1327 2545 1373 2575 die
1395 2544 1434 2574 <ΞΟ
1453 2543 1517 2573 iulii
1536 2551 1611 2573 anno
1633 2541 1749 2571 Domini
1769 2539 1856 2580 1075,

1420 2587 1523 2628 pontis.
1547 2594 1622 2616 anno
1643 2594 1682 2615 ιιι.

1948 214 1997 240 An.
2018 213 2046 240 C.
2064 212 2132 240 1075

1976 489 2001 510 Et
2016 489 2134 519 Ecctuiam

1949 519 2057 562 lyTtannice
2072 522 2134 537 oecu-

1949 548 1976 568 12
1993 550 1997 566 ;

1971 1117 2040 1141 Cuare
2049 1116 2136 1138 anathe-

1951 1150 1990 1165 ma·
2003 1146 2062 1165 tatur
2071 1146 2092 1164 et
2102 1148 2134 1163 na-

1950 1170 2053 1194 cemorani
2082 1175 2133 1196 quo-

1950 1202 1991 1224 que
2000 1197 2096 1223 privatur
2106 1195 2135 1216 of·
2175 1202 2180 1204 ·

1950 1225 2008 1244 uuio:
2024 1227 2135 1250 quousque

1951 1251 2022 1275 apost.
2045 1248 2097 1270 Sodi
2112 1254 2135 1269 ιο

1950 1277 2078 1302 praesentet.

1978 1785 2029 1804 item
2054 1787 2138 1805 senten-

1952 1811 1981 1830 tia
1997 1811 2137 1832 excommuni-

1952 1837 2041 1857 cationis
2057 1838 2077 1857 in
2092 1843 2135 1860 eos.

1952 1869 1988 1889 qui
2003 1863 2029 1884 ab
2050 1864 2083 1884 illo
2099 1863 2137 1884 ati-

1952 1896 1994 1916 qua
2028 1889 2138 1911 Ecclesiae

1952 1917 2040 1942 praedia
2048 1922 2137 1942 accepe-

1951 1945 2011 1965 runt.
2027 1945 2049 1963 ut
2073 1943 2091 1964 ei
2109 1943 2137 1963 sa-

1953 1971 2031 1990 versut.
