2180 3205
169 279 218 305 An.
239 278 354 305 C.1105

183 739 300 759 Decretum
314 737 355 757 im·

171 765 287 785 munitatis
329 764 355 783 ab

170 792 230 811 amni
255 791 355 811 molestia

170 822 191 838 et
208 818 319 841 violentia:
333 819 356 837 et

170 844 291 870 prohibitio
323 843 355 863 iu-

172 870 273 891 feudandi
285 870 319 890 vel
330 875 356 889 a-

171 897 267 918 tien-indi
281 902 355 923 supra-

170 927 226 945 dicta
239 924 301 944 bona.

186 1569 290 1589 Liberum
312 1569 359 1590 cui-

172 1596 359 1621 quesepulturam

172 1623 228 1643 inibi
252 1622 293 1643 sihi
316 1626 360 1642 sta-

174 1652 244 1670 tuere.

187 1918 291 1938 Liberum
307 1922 361 1942 quo-

175 1950 218 1970 que
248 1945 361 1964 monachis

173 1972 274 1991 abbatem
294 1970 362 1996 elige-

175 2003 205 2018 re.

204 2304 285 2325 Sotitae
306 2304 364 2325 clau·

178 2332 245 2352 sulae.

436 272 456 301 Ω
470 271 509 301 ίΟ

381 345 481 380 aeque
504 331 602 366 felicis
619 329 786 365 memoriae
805 327 1048 375 Tyemonis,aut
1061 327 1132 362 alio-

381 395 449 416 rum
473 382 612 415 fidelium
643 378 791 424 legitimis
814 377 1049 421 donationibus,
1078 385 1130 411 aut

381 432 446 465 iure
463 429 605 477 quolibet
617 428 656 463 ad
679 428 780 474 ipsum
798 427 891 461 hodie
907 425 1128 461 monasterium

380 480 557 526 pertinent,
591 478 655 512 sive
688 478 718 511 in
754 476 893 510 futurum
925 475 1130 510 concessione

381 529 587 567 Pontificum,
629 525 812 561 liberalitate
852 525 1047 572 principum,
1084 523 1129 558 vel

379 577 539 612 oblatione
569 575 709 610 fidelium
745 575 824 609 iuste
857 582 951 621 atque
978 573 1131 608 canonice

380 627 494 673 poterit
527 625 685 672 adipisci,
712 624 800 658 firma
835 623 924 658 vobis
958 623 1131 669 vestrisque

379 675 617 710 successoribus
643 682 673 709 et
696 673 812 708 illibata
841 679 1055 720 permaneant.

429 724 637 760 Decernimus
658 734 745 769 ergo,
773 729 805 756 ut
829 722 902 756 nulli
926 721 1056 756 omnino
1074 720 1131 754 lio-

380 775 501 808 minum
524 773 616 808 liceat
643 772 725 807 idem
756 771 983 806 monasterium
1015 778 1131 804 temere

381 823 573 871 perturbare,
596 829 649 857 aut
671 822 739 856 eius
761 821 978 868 possessiones
997 818 1130 857 auferre,

380 873 426 907 vel
454 872 572 907 ablatas
595 871 746 910 retinere,
775 869 928 909 minuere,
955 868 1003 902 vel
1026 876 1132 902 teme-

381 922 470 956 rariis
505 919 721 956 vexationibus
754 918 901 965 fatigare;
937 917 992 952 scd
1026 917 1130 951 omnia

381 971 500 1017 integra
523 976 748 1005 conserventur
771 979 892 1007 eorum,
919 979 974 1014 pro
996 978 1130 1012 quorum

380 1020 631 1055 substentatione
658 1026 689 1053 et
715 1016 942 1064 gubernatione
981 1027 1131 1049 concessa

381 1078 465 1108 sunt,
489 1068 598 1103 usibus
620 1065 811 1102 omnimodis
841 1064 1019 1111 profutura:
1047 1063 1131 1098 salva

381 1118 620 1164 Salzburgensis
629 1115 766 1163 episcopi
783 1114 932 1149 canonica
947 1113 1131 1147 reverentia:

381 1168 430 1201 cui
458 1175 562 1202 tamen
587 1178 649 1200 non
668 1165 758 1199 liceat
781 1163 911 1198 omnino
935 1161 1130 1196 vexationem

380 1216 516 1263 aliquam
540 1215 587 1250 vel
610 1213 888 1255 consuetudinem,
910 1224 990 1258 quae
1007 1211 1132 1256 regula-

382 1266 464 1300 rium
480 1265 576 1312 quieti
593 1271 714 1302 noceat,
735 1263 881 1308 irrogare.
902 1261 967 1295 Nec
982 1261 1133 1307 epssscopo

380 1323 498 1358 autem,
521 1326 578 1348 nec
601 1312 703 1348 abbati
726 1311 799 1358 ipsi,
823 1323 880 1345 nec
905 1321 1056 1358 personae
1079 1310 1134 1343 ali-

382 1364 431 1398 cui
456 1363 586 1398 facultas
608 1362 646 1396 sit
668 1360 811 1396 coenobii
838 1360 917 1394 bona
947 1360 979 1393 in
1002 1358 1131 1393 feudum

382 1413 450 1447 sive
473 1412 658 1447 beneficium
687 1410 756 1445 sine
784 1421 941 1444 consensu
966 1407 1131 1442 meliorum

382 1462 510 1496 fratrum
527 1461 672 1508 personis
687 1458 848 1506 aliquibus
860 1458 945 1503 dare,
964 1457 1011 1491 vel
1033 1457 1133 1491 modis

381 1511 452 1546 aliis
479 1511 624 1546 alienare.

430 1560 514 1595 Sane
535 1559 728 1607 sepulturam
757 1556 897 1593 eiusdem
921 1555 979 1590 loci
1002 1555 1133 1590 omnino

381 1609 511 1644 liberam
534 1621 604 1643 esse
628 1607 840 1647 decernimus,
875 1612 906 1639 ut
928 1617 1051 1649 eorum,
1079 1605 1131 1651 qui

381 1659 445 1693 illic
467 1658 591 1706 sepeliri
621 1656 880 1694 deliberaverint,
909 1653 1068 1688 devotioni
1104 1661 1133 1688 et

381 1716 539 1743 extremae
560 1706 730 1746 voluntati,
759 1704 817 1739 nisi
853 1703 930 1738 forte
953 1715 1135 1737 excommu-

383 1757 474 1791 nicati
502 1757 582 1796 sint,
614 1756 720 1790 nullus
746 1754 888 1789 obsistat.
924 1752 1037 1786 Laicos
1067 1752 1133 1786 sive

382 1806 514 1840 clericos
541 1804 718 1839 saeculares
745 1803 784 1838 ad
812 1802 1053 1837 conversionem
1077 1813 1134 1835 su-

381 1855 504 1902 scipere
543 1853 660 1889 nullius
700 1851 837 1899 episcopi
879 1850 925 1885 vel
963 1850 1133 1897 praepositi

383 1904 587 1938 contradictio
622 1914 677 1937 vos
715 1901 866 1935 inhibeat.
908 1899 1056 1934 Obeunte
1093 1907 1133 1939 te,

384 1965 468 1987 nunc
495 1953 562 1987 eius
583 1951 643 1986 loci
679 1951 808 1990 abbate,
837 1948 884 1983 vel
912 1956 1036 1982 tuorum
1059 1960 1135 1994 quo-

382 2002 703 2040 libetsuccessorum,
726 1999 832 2033 nullus
846 1997 886 2031 ibi
902 1997 1042 2044 qualibet
1061 1996 1135 2031 sub-

385 2051 537 2098 reptionis
562 2050 675 2085 astutia
704 2061 759 2083 seu
791 2047 935 2081 violentia
959 2058 1134 2093 praepona-

386 2108 451 2144 tur,
474 2100 531 2134 nisi
551 2111 643 2146 quem
659 2097 768 2132 fratres
780 2095 941 2131 communi
964 2107 1133 2134 consensu,

385 2149 434 2184 vel
461 2149 589 2183 fratrum
615 2159 685 2195 pars
706 2146 829 2181 consilii
852 2144 996 2186 sanioris,
1019 2156 1134 2178 secun-

386 2198 460 2232 dum
493 2198 552 2232 Dei
581 2197 724 2231 timorem
761 2203 790 2230 et
818 2194 854 2228 B.
885 2193 1049 2228 Benedicti
1085 2205 1136 2227 re-

386 2247 491 2294 gulam
519 2246 682 2292 elegerint.

436 2296 470 2331 Si
497 2308 558 2343 qua
580 2295 673 2341 igitur
694 2292 902 2328 ecclesiastica
928 2290 1137 2326 saecularisve

388 2357 533 2393 persona,
561 2345 641 2379 lianc
675 2350 797 2378 nostrae
824 2340 1057 2376 constitutionis
1080 2351 1138 2386 pa-

387 2395 493 2441 ginam
516 2394 631 2438 sciens,
665 2400 773 2428 contra
801 2403 870 2426 eam
893 2399 1010 2425 temere
1032 2389 1139 2423 venire

387 2444 569 2487 tentaverit,
596 2441 737 2477 secundo
765 2441 894 2475 tertiove
926 2437 1139 2481 commonita,

388 2493 414 2526 si
437 2505 498 2526 non
521 2492 732 2526 satisfactione
754 2502 891 2535 congrua
915 2487 1139 2524 emendaverit,

388 2542 553 2588 potestatis
576 2540 768 2586 honorisque
787 2540 834 2573 sui
853 2538 1006 2584 dignitate
1025 2543 1140 2575 careat,

390 2602 542 2636 reamque
557 2601 590 2624 se
603 2589 712 2624 divino
731 2587 848 2622 iudicio
867 2588 999 2622 existere
1019 2585 1057 2619 de
1077 2596 1143 2631 pcr-

390 2646 511 2686 petrata
540 2639 706 2685 iniquitate
733 2644 921 2684 cognoscat,
943 2643 973 2671 et
1000 2647 1016 2669 a
1038 2645 1143 2669 sacra-

967 273 1067 295 anLA
1073 273 1104 295 Rl
1110 272 1155 295 ΓΜ
1184 272 1274 294 ROMA
1280 272 1295 293 N
1301 271 1344 294 ΓΜ

1174 327 1295 362 tissimo
1314 327 1455 373 Corpore
1473 333 1504 361 et
1530 325 1691 372 Sanguine
1714 325 1772 360 Dei
1799 333 1827 360 et
1855 326 1923 360 Do-

1172 376 1248 410 mini
1292 375 1515 422 Redemptoris
1556 375 1654 410 nostri
1694 375 1765 410 Iesu
1807 374 1923 409 Christi

1172 425 1272 460 aliena
1308 425 1377 466 fiat,
1415 432 1508 471 atque
1535 424 1566 458 in
1605 431 1748 459 extremo
1780 424 1924 458 examine

1172 474 1329 509 districtae
1358 473 1468 509 ultioni
1501 472 1672 508 subiaceat.
1706 472 1840 508 Cunctis
1868 485 1925 507 au-

1172 532 1235 558 tem
1259 523 1360 558 eidem
1384 523 1454 558 loco
1477 523 1554 557 iusta
1577 522 1789 565 servantibus,
1807 522 1848 556 sit
1864 534 1925 569 pax

1172 573 1298 607 Domini
1327 573 1422 607 nostri
1450 572 1522 606 Iesu
1544 570 1681 611 Christi,
1709 578 1866 618 quatenus
1893 579 1924 606 et

1175 623 1224 657 liic
1246 622 1382 656 fructum
1412 621 1511 655 bonae
1533 620 1665 655 actionis
1687 619 1875 667 percipiant,
1894 628 1925 654 et

1173 671 1258 718 apud
1287 671 1464 705 districtum
1492 669 1632 704 Iudicem
1661 669 1799 716 praemia
1821 676 1926 704 aeter-

1174 732 1232 755 nae
1261 721 1346 767 pacis
1376 719 1547 754 inveniant.
1575 719 1694 758 Amen,
1722 730 1825 753 amen.

1222 769 1383 817 Scriptum
1412 781 1467 815 per
1497 780 1625 803 manum
1661 767 1809 814 Raynerii
1843 766 1926 801 scri-

1174 819 1262 853 niarii
1287 818 1474 865 regionarii,
1501 826 1532 852 et
1554 817 1668 852 notarii
1696 816 1776 851 sacri
1804 815 1923 863 palatii.

1223 868 1296 903 Eeo
1334 868 1518 902 Pascnams
1556 865 1729 902 catholicae
1762 865 1926 900 Ecclesiae

1158 917 1357 964 ‚episcopus

1224 966 1339 1001 Datum
1362 965 1506 1000 Laterani
1537 976 1592 1012 per
1618 976 1747 998 manum
1777 963 1927 998 Iohannis

1174 1028 1280 1050 sacrae
1312 1015 1475 1049 Romanae
1508 1013 1667 1048 Ecclesiae
1694 1013 1817 1047 diaconi
1855 1025 1926 1047 car-

1173 1064 1299 1104 dinalis,
1327 1075 1387 1098 vm
1410 1064 1471 1098 kal.
1501 1062 1693 1102 novembris,
1717 1061 1825 1096 indict.
1851 1074 1926 1101 xm,

1175 1114 1294 1148 incarn.
1317 1112 1494 1148 dominicae
1517 1124 1599 1146 anno
1617 1123 1696 1151 Μῦν,
1726 1110 1928 1158 pontificatus

1175 1171 1278 1197 autem
1293 1162 1401 1196 domni
1417 1161 1577 1197 paschalis
1591 1160 1619 1194 lt
1635 1160 1698 1194 PP.
1720 1172 1802 1194 anno
1816 1162 1925 1203 vu(l).

1215 1219 1275 1249 Dat.
1295 1220 1341 1249 dic
1361 1219 1399 1248 -25
1416 1217 1546 1248 octobris
1565 1226 1642 1247 anno
1664 1216 1778 1247 Domini
1804 1216 1888 1252 1105,

1420 1258 1522 1297 pontif.
1541 1267 1618 1287 anno
1635 1265 1683 1286 vit.

1492 1378 1612 1414 xxiv.

1177 1444 1399 1477 ‚nonasterium
1435 1444 1469 1476 S.
1510 1442 1686 1485 Walarici,
1720 1442 1754 1474 in
1780 1440 1927 1474 comitam

1233 1494 1415 1526 {vimacensi
1431 1493 1533 1530 silton,
1555 1493 1609 1525 sub
1623 1492 1817 1536 Apostolicae
1839 1490 1929 1523 Sedis

1225 1543 1316 1575 tutela
1343 1548 1370 1574 el
1405 1543 1470 1574 iure
1496 1541 1659 1585 recipitur,
1697 1541 1818 1583 eiusque
1850 1540 1930 1571 bona

1225 1592 1330 1624 omnia
1352 1592 1572 1636 confirmantur
1595 1590 1657 1632 (22).

1446 1653 1661 1685 scitataulmt

1176 1708 1344 1739 Exordium.
1362 1723 1401 1730 —
1422 1706 1629 1737 §lonasterium
1653 1704 1708 1735 sub
1732 1703 1820 1735 tutela
1845 1703 1930 1733 Sedis

1215 1747 1400 1787 Apostolicae
1425 1747 1602 1785 suscipitur-3
1631 1762 1672 1767 ——
1698 1744 1864 1774 Fundatum
1893 1743 1929 1773 ab

1215 1788 1336 1826 Hugone
1352 1787 1459 1816 comite
1479 1786 1672 1816 Vitmacensi:
1687 1801 1726 1807 —
1738 1783 1839 1813 Eidem
1853 1782 1930 1812 bona

1215 1827 1312 1857 omnia
1332 1827 1558 1862 confirmantur,
1579 1842 1618 1847 —
1639 1824 1759 1863 Solique
1778 1822 1930 1862 Apostoli-

1215 1877 1265 1897 cae
1290 1866 1358 1896 Sedi
1382 1866 1547 1895 subiectum
1569 1865 1742 1894 declaratur.
1760 1879 1799 1885 —
1816 1862 1930 1891 Decre-

1216 1912 1276 1936 tum
1307 1905 1501 1935 immunitatis
1525 1914 1540 1934 a
1564 1912 1751 1943 quacumque
1782 1901 1931 1931 molestia.

1214 1963 1254 1968 —
1271 1946 1459 1975 Sacramenta
1480 1953 1547 1973 vero
1566 1944 1602 1973 ab
1626 1943 1764 1981 episcopo
1780 1941 1836 1970 loci
1855 1940 1933 1969 reci-

1215 1985 1320 2024 pienda
1340 1994 1406 2013 esse
1430 1984 1579 2019 statuitur,
1598 1983 1623 2012 si
1640 1982 1825 2020 Apostolicae
1844 1979 1932 2009 Sedis

1214 2034 1272 2054 non
1291 2024 1377 2053 fuerit
1395 2023 1596 2053 refractarius.
1614 2038 1655 2044 -·
1676 2021 1786 2051 Solitae
1804 2020 1932 2049 clausu-

1216 2065 1261 2094 lae
1281 2063 1428 2102 poenales.
1450 2080 1489 2085 —
1508 2062 1657 2091 Paschalis
1674 2060 1727 2090 PP.
1740 2058 1935 2101 subscriptio·

1175 2121 1312 2150 Paschalis
1331 2121 1474 2156 episcopus
1490 2126 1585 2147 servus
1598 2125 1738 2146 servorum
1756 2117 1811 2149 Dei.
1833 2116 1934 2145 dilecto

1220 2166 1276 2194 filio
1295 2166 1323 2193 tn
1351 2165 1459 2193 Christo
1486 2164 1626 2192 Lamberto
1652 2163 1744 2190 abbati
1768 2160 1934 2190 venerabilis

1220 2210 1381 2239 monasterii
1415 2209 1441 2237 S.
1470 2208 1612 2240 Gualerioi,
1645 2207 1715 2243 quod
1742 2206 1771 2234 in
1801 2205 1935 2234 comitatu

1222 2254 1387 2284 vitmacensi
1407 2255 1491 2282 situm
1515 2254 1568 2285 est,
1602 2252 1711 2288 eiusque
1735 2250 1935 2279 successoribus

1223 2299 1392 2335 regulariter
1412 2298 1610 2334 promovendis,
1631 2297 1660 2324 in
1678 2297 1848 2332 perpetuum.

1230 2353 1319 2387 Sicut
1354 2352 1468 2386 iniusta
1505 2350 1710 2398 poscentibus
1747 2348 1855 2383 nullus
1888 2355 1936 2382 est

1183 2402 1372 2437 tribuendus
1393 2401 1537 2440 effectus,
1575 2400 1621 2434 sic
1643 2398 1782 2445 legitima
1804 2396 1933 2432 deside-

1968 891 2080 913 paschatis
2093 890 2134 913 ΡΙ).

1948 919 2092 954 subscriptio.

1971 2345 2099 2368 Exordium.

1217 2468 1331 2507 (timui
1359 2468 1383 2493 in
1411 2466 1478 2492 hanc
1498 2464 1642 2491 clausulam
1664 2462 1803 2498 scriptoris
1825 2461 1938 2488 fortasse
1972 2484 1983 2495 s

1181 2504 1282 2530 incuria
1303 2510 1408 2529 errores
1420 2503 1598 2535 irrepserant;
1610 2499 1705 2533 legitur
1715 2499 1785 2524 enim
1802 2498 1828 2523 in
1843 2505 1938 2524 exem-

1181 2538 1247 2574 plari
1270 2538 1379 2564 Peziano
1396 2539 1490 2562 indict.
1512 2543 1564 2566 xu,
1580 2540 1607 2561 et.
1626 2535 1758 2560 paschatis
1778 2533 1808 2558 11
1823 2539 1935 2559 annon.

1183 2581 1253 2608 quae
1269 2572 1376 2607 quidem
1394 2577 1472 2598 notae
1487 2578 1549 2597 cum
1564 2577 1633 2596 anno
1652 2569 1717 2595 1105
1729 2568 1874 2595 convenire
1885 2575 1938 2594 non

1183 2612 1307 2644 possunt.
1347 2608 1386 2643 (2)
1403 2607 1442 2633 Ex
1457 2605 1612 2633 authentico
1631 2603 1713 2630 edidit
1729 2603 1898 2630 Mabillonius
1911 2603 1937 2628 in

1161 2637 1167 2687 l
1189 2643 1343 2680 ,appendice
1359 2642 1455 2670 Annal.
1472 2641 1608 2668 Benedici.
1623 2643 1687 2667 tom.
1699 2646 1727 2672 v,
1749 2646 1824 2666 num.
1850 2644 1938 2665 cxxvi
