2180 3205
427 262 490 296 8th
981 270 1164 295 nummum
1189 270 1341 295 nomnen

383 467 590 512 Rarmundus
611 465 875 510 archiepiscopus
892 466 1064 498 Tolotanus
1082 465 1181 509 pallio
1202 471 1388 505 exornatur,
1410 465 1473 498 496
1491 477 1521 498 ιι.

383 520 562 597 {hyniandi
583 519 785 596 Arelatensis)
799 519 1044 563 archiepiscopo
1066 520 1240 553 transactio
1271 519 1348 552 inita
1379 530 1451 552 cuin
1471 520 1592 553 Anfoso
1621 520 1739 553 comite
1759 520 1944 553 Tholosano

471 575 531 598 con
547 570 696 601 irruatur.
721 564 740 595 ti
767 574 785 596 *-
806 575 836 596 a.

383 619 590 663 ltaynmndus
608 628 717 651 comes
744 617 961 650 Narbonensis
991 618 1031 651 ad
1061 618 1292 658 obediendum,
1317 624 1345 651 et
1367 619 1408 651 ad
1428 618 1597 651 solvendas
1618 617 1759 651 decimas
1779 618 1941 662 archiepi-

471 683 569 717 scopo
590 671 791 705 Narbonensi
813 671 979 713 excitatur,
1008 671 1068 705 155
1087 683 1118 705 a.
1148 672 1181 704 V.
1206 677 1272 705 not.
1298 671 1337 705 ad
1356 671 1433 705 calc.
1459 671 1560 704 eiusd.
1585 672 1645 704 col.

384 727 590 771 llaymundus
611 737 720 759 comes
739 726 939 759 Tholosanus
967 726 1105 759 restituit
1135 725 1315 759 oblationes
1347 725 1544 759 monasterio
1574 725 1603 759 S.
1632 726 1749 769 AEgidii
1779 726 1812 759 in
1842 725 1945 770 Septi-

473 771 591 809 miana,
616 770 690 803 1152.
715 770 827 803 Eidem
849 770 1046 804 monasterio
1074 771 1160 804 bona
1187 770 1344 804 nonnulla
1366 770 1532 813 elargitur,
1554 775 1582 803 ct
1611 770 1758 813 elargitio
1779 770 1847 804 cius
1867 781 1945 804 con-

472 816 621 849 firmatur
641 815 674 848 in
695 815 833 848 concilio
853 815 1077 855 Nemausensi,
1098 814 1163 848 175
1184 826 1214 848 α.

383 870 559 915 Raynerius
579 869 749 914 episcopus
769 869 1018 910 Aurelianensis,
1040 869 1082 903 94
1104 870 1131 902 b.
1156 870 1242 908 Quae
1262 869 1447 913 patraverit,
1463 868 1542 901 ibid.
1558 869 1633 902 Eius
1653 879 1750 902 causa
1769 868 1946 903 Senonensi

472 923 719 968 archiepiscopo
740 923 965 966 cognoscenda
986 923 1211 960 committitur,
1235 922 1278 955 95
1298 934 1328 955 a.

384 978 559 1024 Raynerius
579 978 609 1011 S.
633 978 668 1010 R.
692 977 726 1010 E.
751 976 924 1010 cardinalis
943 983 971 1010 et
993 977 1117 1020 legatus
1137 977 1177 1009 ad
1205 977 1356 1010 tuendam
1382 976 1601 1009 Narbonensis
1621 976 1780 1010 Ecclesiae
1802 977 1943 1020 dignita-

473 1039 547 1069 tem,
563 1031 696 1075 eiusque
714 1031 939 1064 auctoritatem
961 1030 993 1063 in
1014 1031 1183 1074 episcopos
1203 1029 1388 1074 provinciae
1407 1029 1668 1070 Tarraconensis,
1686 1029 1749 1062 «155
1767 1031 1795 1063 b.
1825 1030 1858 1063 V.
1876 1037 1942 1064 not.

474 1087 513 1119 ad
535 1086 613 1119 calc..
639 1082 741 1118 eiusd.
766 1085 827 1118 col.

383 1139 542 1185 Raynerio
563 1138 696 1173 Senensi
717 1138 869 1182 episcopo
896 1138 1030 1171 facultas
1051 1138 1146 1171 (latur
1166 1137 1335 1171 ecclesiam
1357 1137 1564 1171 construendi
1587 1137 1619 1170 in
1639 1137 1739 1171 fundo
1752 1137 1867 1171 Montis
1885 1138 1946 1171 Bo-

474 1193 535 1227 nizi
556 1193 614 1226 sub
636 1202 744 1225 annuo
765 1202 864 1226 censu
881 1192 977 1225 unius
996 1191 1139 1232 bizantii,
1157 1191 1363 1225 Lateranensi
1381 1191 1578 1235 patriarchio
1595 1192 1821 1235 persolvendo,
1837 1190 1902 1224 625
1915 1192 1943 1224 b.

475 1254 505 1281 et
525 1258 588 1291 seq.

385 1302 577 1336 flambertus
597 1299 768 1344 episcopus
788 1299 960 1333 Brixiensis
980 1299 1091 1333 fundat
1112 1299 1345 1332 monasterium
1367 1299 1413 1332 Ss.
1438 1298 1579 1332 Faustini
1600 1304 1631 1332 et
1650 1299 1779 1336 lovitae,
1802 1298 1866 1332 389
1891 1310 1920 1332 α.

384 1354 639 1390 Ranschovensis
656 1353 808 1394 Ecclesia,
833 1352 898 1386 540
922 1364 952 1386 α.
977 1354 1065 1386 Bona
1083 1358 1111 1385 et
1133 1352 1301 1396 privilegia
1321 1352 1350 1385 ei
1371 1352 1572 1393 confirmata,
1598 1352 1676 1385 ibid.

386 1408 582 1443 Ravellensis
601 1408 743 1442 Ecclesia
770 1407 1052 1441 confirmationem
1073 1406 1196 1440 obtinet
1217 1406 1379 1439 bonorum
1401 1406 1548 1439 omnium
1576 1406 1616 1439 ad
1648 1406 1750 1450 ipsam
1781 1405 1947 1450 pertinen-

475 1462 576 1503 tium,
600 1461 660 1494 ⁴121
685 1472 716 1494 a.
740 1461 805 1495 Sub
835 1460 1036 1505 protectione
1054 1462 1164 1504 Apost.
1189 1460 1278 1494 Sedis
1305 1459 1494 1503 suscipitur,
1516 1460 1624 1493 denuo
1653 1459 1852 1493 confirmatis
1880 1459 1948 1493 eius

474 1516 580 1557 bonis,
601 1515 676 1549 641.

387 1570 578 1606 Ravennatis
597 1569 758 1603 Ecclesiae
783 1569 815 1602 in
847 1570 1026 1602 Romanam
1053 1568 1168 1602 Sedem
1200 1573 1356 1612 perpetua
1385 1567 1571 1601 obedientia
1602 1572 1697 1611 atque
1729 1568 1944 1607 observantia,

476 1623 540 1657 ‘102
560 1635 590 1657 aa
614 1623 689 1657 Eius
714 1623 884 1667 episcopus
914 1622 1108 1666 deponitur,
1130 1621 1224 1665 eique
1246 1621 1464 1654 obedientiam
1486 1621 1610 1654 nullam
1631 1621 1859 1664 praestandam
1880 1632 1947 1655 esse

475 1678 507 1711 in
527 1683 694 1722 posterum
713 1677 907 1717 declaratur,
928 1675 1009 1708 ibid.

387 1732 620 1766 Ravennatium
641 1730 793 1766 Ecclesia.
823 1730 945 1763 eiurato
966 1729 1150 1766 schismate,
1174 1729 1206 1761 in
1227 1728 1396 1772 pristinam
1417 1728 1605 1771 dignitatem
1627 1727 1817 1767 restituitur,
1831 1727 1895 1762 2285
1917 1729 1944 1761 b.

477 1792 507 1819 et
524 1797 588 1829 seq.

388 1841 557 1874 Ravennae
579 1839 769 1872 exarchatus
789 1838 952 1872 Gualterio
985 1836 1229 1880 archiepiscopo
1261 1842 1290 1869 et
1323 1835 1564 1869 successoribus
1589 1835 1657 1869 eius
1681 1836 1894 1869 confirmatur
1918 1835 1949 1868 in

476 1898 681 1938 perpetuum,
705 1891 770 1925 354
791 1893 808 1923 b
829 1897 859 1925 et
875 1902 940 1935 seq.

388 1947 522 1981 Reatina
540 1946 683 1980 Ecclesia
701 1946 760 1979 sub
782 1945 880 1978 tutela
900 1944 990 1978 Sedis
1009 1944 1211 1988 Apostolicae
1224 1943 1391 1987 recipitur,
1413 1943 1506 1987 eique
1524 1944 1609 1976 bona
1630 1942 1738 1976 onmia
1753 1942 1947 1976 confirman-

477 1998 539 2031 tur,
563 1990 628 2024 608
649 1992 677 2023 b.
701 1990 855 2024 Redditus
876 1989 1083 2023 ecclesiastici
1104 1989 1137 2022 in
1158 1994 1296 2032 quatuor
1317 1994 1423 2032 partes
1441 1988 1615 2028 dividendi,
1632 1987 1674 2020 52
1694 1998 1724 2020 a.

388 2045 520 2088 Regalia
537 2044 762 2078 ecclesiasticis
780 2043 971 2076 dimittenda
991 2042 1130 2075 Henrico
1150 2042 1229 2085 regi,
1260 2042 1483 2075 ecclesiasticis
1512 2052 1587 2075 vero
1619 2052 1655 2074 ea
1683 2051 1749 2074 non
1778 2040 1949 2074 invadendi

455 2089 664 2134 praecipitur,
685 2088 751 2122 2264
770 2100 800 2121 a.

388 2143 478 2186 Regii
494 2143 604 2187 Lepidi
626 2142 766 2176 Ecclesia
787 2142 846 2175 sub
867 2141 1070 2186 protectione
1090 2140 1181 2174 Sedis
1202 2141 1405 2184 Apostolicae
1434 2140 1599 2184 recipitur,
1623 2139 1716 2183 eique
1736 2140 1821 2172 bona
1842 2138 1951 2172 omnia

479 2188 726 2227 confirmantur,
750 2186 814 2219 492
834 2187 850 2218 b
872 2192 901 2219 et
921 2197 985 2230 seq.

388 2241 577 2285 Regimensis
598 2241 740 2285 episcopi
760 2240 918 2274 sententia
938 2241 1001 2273 lata
1019 2240 1050 2272 in
1072 2239 1289 2273 controversia
1310 2239 1394 2272 inter
1415 2238 1647 2272 monasterium
1666 2238 1711 2272 Ss,
1735 2238 1907 2272 Salvatoris
1921 2244 1950 2271 et

477 2286 576 2320 Iuliae
596 2297 693 2330 super
722 2285 937 2329 dependentia
969 2290 1109 2328 quatuor
1128 2284 1277 2317 villarum
1305 2284 1345 2317 ad
1370 2284 1430 2317 hoc
1452 2283 1686 2317 monasterium
1717 2282 1948 2327 pertinentium

482 2331 686 2371 invalidatur,
708 2330 772 2363 580
790 2342 808 2363 (ι
830 2335 858 2363 et
879 2340 942 2373 seq.
1450 2357 1453 2360 Α

390 2384 700 2428 Reicherspergense
722 2383 953 2417 monasterium
971 2383 1029 2416 sub
1051 2383 1250 2426 protectione
1271 2382 1361 2416 Sedis
1390 2381 1592 2426 Apostolicae
1621 2380 1804 2425 suscipitur,
1828 2380 1949 2414 confir-

480 2429 637 2472 matisque
658 2429 752 2462 bonis
772 2428 934 2465 omnibus,
958 2428 1050 2472 plura
1071 2427 1239 2461 monachis
1260 2432 1289 2460 et
1310 2426 1494 2471 praeposito
1519 2426 1742 2459 conceduntur
1767 2425 1945 2469 privilegia.

480 2472 543 2506 457
565 2485 585 2506 α
605 2479 634 2506 et
653 2484 717 2518 seq.

392 2526 711 2569 Reicherspergensis
731 2527 871 2560 Ecclesia
892 2526 1014 2560 ordinis
1035 2526 1267 2559 canonicorum
1288 2525 1317 2558 S.
1343 2525 1510 2568 Augustini
1531 2525 1590 2558 sub
1611 2523 1812 2568 protectione
1837 2525 1945 2568 Apost.

480 2571 570 2604 Sedis
591 2572 774 2615 suscipitur,
796 2571 889 2616 eique
909 2572 995 2604 bona
1015 2571 1125 2604 onmia
1145 2582 1181 2603 ac.
1201 2570 1420 2615 possessiones
1441 2570 1688 2609 confirmantur,
1712 2567 1776 2601 532
1797 2568 1814 2601 b
1835 2574 1864 2601 et
1882 2578 1945 2612 seq.

392 2624 558 2657 Remensis
578 2625 840 2668 archiepiscopus
861 2636 879 2657 a
898 2625 1028 2658 nemine
1045 2630 1173 2669 practer
1190 2625 1306 2659 Sedem
1326 2623 1545 2667 Apostolicam
1566 2622 1702 2656 iudicari
1723 2627 1838 2665 potest.
1855 2620 1896 2654 99
1913 2632 1944 2653 a,

393 2677 562 2711 Remensis
581 2677 722 2712 Ecclesia
741 2678 940 2722 metropolis,
964 2677 1028 2711 1150
1049 2689 1078 2711 α.
