2180 3205
176 249 225 276 Au.
241 250 269 276 C.
292 251 356 277 1175

424 242 491 272 7116

372 304 461 338 belli:
491 304 521 336 in
552 301 689 335 dioecesi
725 299 884 334 Ecclesiae
911 297 1055 331 Calincn.
1088 296 1117 329 in

371 354 474 388 Boi-ca
502 351 616 385 Montis
651 349 802 384 1)]-11601115
828 347 990 382 ecclesiam
1015 346 1118 381 Sancti

370 403 476 437 Rufini
504 410 533 435 ct
555 400 718 434 ecclesiam
753 397 857 432 Sancti
889 396 1059 431 Pancratii:
1089 396 1118 428 iu

370 451 504 485 ‹liocccsi
534 449 692 484 Ecclesiae
727 447 854 482 Calvcn.
886 447 1048 481 ecclesiam
1084 444 1118 479 S.

369 501 504 535 Antlrcae.
530 498 568 534 atl
604 498 771 537 Cciitenta,
811 496 977 531 ecclesiam
1012 494 1118 529 Sancti

369 549 517 584 Germani
534 548 572 582 atl
588 548 710 592 Palcra,
724 547 889 582 ecclesiam
906 545 1013 580 Sancti
1029 544 1120 578 ’111111-

370 599 446 634 mari
475 599 513 634 (16
538 598 656 638 Monte,
692 596 855 632 ecclesiam
890 595 997 630 Sancti
1029 593 1118 628 Pauli

369 650 408 683 (16
436 647 609 688 Formello,
642 647 808 682 ecclesiam
831 645 937 679 Sancti
967 643 1049 678 Petri
1081 643 1119 677 (16

369 699 558 738 Βο1·16111110,
592 697 756 732 ecclesiam
784 695 890 730 Sancti
923 692 1118 742 Symmachi,

368 757 399 783 et
420 748 585 783 ecclesiam
619 746 726 781 Sancti
763 744 884 780 Erasini
920 743 958 778 (16
984 743 1118 777 Mostar-

368 798 461 842 dino,
501 797 664 832 ecclesiam
686 795 839 830 Omnium
864 793 1052 828 Sanctorum
1080 792 1118 826 (16

369 848 438 882 1060
467 845 685 889 Sauguinarii:
721 844 758 879 ad
791 843 920 878 Sclavos
954 841 1117 877 ecclesiam

369 897 476 932 Sancti
497 895 671 935 Michaelis,
698 894 863 930 ecclesiam
887 892 994 927 Sancti
1022 891 1118 932 Petri,

368 946 534 982 ecclesiam
567 945 699 980 Sanctae
733 944 860 985 Mariae,
888 942 1051 976 ecclesiam
1084 940 1116 975 S.

368 996 503 1037 Nazarii,
525 995 693 1030 ecclesiam
716 993 823 1028 Sancti
839 991 951 1038 Angeli
971 990 1010 1025 (16
1032 990 1118 1031 111110,

369 1046 535 1081 ecclesiam
557 1045 691 1079 Sanctae
718 1043 851 1078 Mariae:
879 1042 907 1075 iu
932 1041 1001 1075 loco
1023 1039 1119 1074 Cam-

369 1095 487 1130 millani
523 1094 688 1129 ecclesiam
721 1093 826 1128 Sancti
850 1090 976 1137 Angcliq
1011 1090 1118 1124 eccle-

370 1145 448 1179 siam
470 1144 604 1180 Sanctae
631 1143 745 1178 Mariae
771 1150 802 1177 et
823 1141 986 1176 ecclesiam
1010 1138 1117 1174 Sancti

369 1194 507 1230 Nicolai:
549 1194 581 1228 111
620 1193 754 1227 (11066651
784 1191 943 1226 Ecclesiae
970 1189 1117 1223 Caiaceu.

369 1245 533 1279 ecclesiam
557 1243 664 1278 Sancti
693 1241 804 1288 Augeli
828 1241 866 1275 (16
898 1239 1057 1282 Μ611111110,
1090 1245 1120 1272 et

369 1294 532 1329 ecclesiam
573 1292 678 1327 Sancti
720 1291 804 1326 Petri
833 1303 849 1324 a
877 1289 897 1323 li
933 1288 1118 1334 Bagnatori:

370 1344 401 1378 iu
424 1342 560 1378 dioecesi
582 1342 743 1377 Ecclesiae
765 1339 927 1375 Casertan.
955 1338 1118 1374 ecclesiam

369 1393 476 1428 Sancti
503 1391 567 1427 Viti
603 1391 643 1426 de
670 1390 793 1431 Ercole,
820 1388 984 1424 ecclesiam
1014 1389 1119 1424 Sancti

369 1442 492 1477 Nazarii
528 1441 559 1476 11]
593 1453 705 1487 campo
737 1440 868 1483 Puzan.,
891 1438 1056 1474 ecclesiam
1085 1438 1118 1473 S.

369 1492 456 1527 Petri
483 1491 521 1526 ad
556 1490 695 1529 Goffollt,
722 1489 887 1525 ecclesiam
914 1487 1020 1523 Sancti
1055 1489 1121 1524 Se-

371 1541 502 1576 cundini
527 1549 557 1576 et
584 1540 748 1575 ecclesian]
783 1538 889 1574 Sancti
924 1537 1053 1572 Felicis:
1089 1538 1119 1572 in

371 1591 526 1626 territorio
560 1590 692 1625 Murone
714 1588 879 1624 ecclesiam
908 1586 1041 1622 Sanctae
1059 1587 1122 1622 Ma-

371 1641 446 1682 riae,
473 1640 638 1676 ecclesiam
665 1638 773 1674 Sancti
801 1637 926 1677 Felicis,
954 1637 1120 1672 ecclesiam

371 1690 479 1726 Sancti
503 1690 587 1725 Petri
609 1697 639 1724 et
652 1688 816 1723 ecclesiam
831 1686 937 1721 Sancti
952 1686 1121 1732 Stephani:

372 1741 461 1774 iuxta
484 1740 581 1787 ipsam
605 1738 774 1774 dioecesim
802 1736 966 1771 ecclesiam
989 1736 1123 1771 Sanctae

372 1789 588 1837 Euphemiae,
615 1788 780 1823 ecclesiam
804 1786 909 1821 Sancti
938 1786 1064 1821 loannis
1085 1786 1122 1821 atl

373 1839 549 1880 Gaianum,
576 1838 740 1873 ecclesiam
769 1836 903 1871 Sanctae
935 1836 1051 1870 Mariae
1085 1836 1121 1870 ad

373 1889 550 1935 Lupiuum,
576 1887 738 1923 ecclesiam
773 1886 880 1921 Sancti
908 1884 1037 1925 Felicis,
1073 1898 1124 1920 ec-

373 1938 502 1974 clesiam
528 1937 636 1973 Sancti
673 1936 786 1971 Prisci:
816 1936 846 1969 in
877 1935 945 1969 loco
978 1934 1123 1982 Casapuli

374 1988 538 2024 ecclesiam
557 1988 664 2022 Sancti
680 1985 811 2024 Nicolai,
833 1985 998 2019 ecclesiam
1017 1984 1123 2019 Sancti

376 2037 483 2079 Arisii,
505 2037 667 2072 ecclesiam
687 2035 794 2070 Sancti
817 2034 901 2069 Petri
919 2035 956 2068 de
974 2034 1122 2069 Sarzano:

376 2088 409 2122 in
431 2087 500 2122 loco
520 2087 684 2122 Marzanisi
704 2085 867 2120 ecclesiam
884 2083 1124 2130 SanctiAngeli,

377 2146 408 2172 et
430 2136 593 2171 ecclesiam
616 2135 722 2171 Sancti
739 2134 880 2169 Martini:
905 2133 934 2167 111
951 2134 1020 2168 loco
1035 2133 1126 2168 Cam-

378 2187 502 2235 purcipi
525 2186 690 2221 ecclesiam
714 2184 819 2219 Sancti
843 2182 992 2224 Caesarii,
1024 2185 1126 2218 eccle—

379 2238 456 2271 siam
479 2236 585 2271 Sancti
615 2234 770 2282 Procapii,
805 2233 969 2267 ecclesiam
993 2232 1126 2267 Sanctae

381 2286 537 2322 Venerae:
575 2285 606 2320 in
642 2285 710 2319 loco
736 2283 867 2318 Ainolae
893 2282 1057 2317 ecclesiam
1092 2282 1124 2317 S.

380 2336 537 2376 Iulianae,
580 2335 744 2370 ecclesiam
779 2332 888 2367 Sancti
931 2331 1048 2366 Nicolai
1088 2332 1125 2366 1111

381 2385 537 2420 Ronulas:
568 2385 598 2419 in
636 2384 789 2419 territorio
824 2380 950 2417 Castelli
978 2381 1016 2415 ad
1044 2380 1127 2415 Mare

382 2435 545 2470 ecclesiam
569 2434 602 2469 S.
625 2433 799 2475 Adiutoris,
828 2431 994 2466 ecclesiam
1019 2430 1125 2465 Sancti

382 2484 518 2519 Marcelli
539 2492 570 2519 et
594 2482 758 2518 ecclesiam
780 2481 885 2516 Sancti
907 2480 1015 2524 Blasii,
1033 2480 1130 2514 eccle-

382 2535 460 2568 siam
483 2534 589 2568 Sancti
618 2532 768 2579 Stephani
791 2538 821 2566 et
847 2530 939 2565 aliam
963 2529 1126 2564 ecclesiam

384 2582 490 2617 Sancti
514 2583 627 2623 Blasii,
654 2581 818 2616 ecclesiam
850 2579 956 2615 Sancti
979 2579 1128 2619 Ioannis,

384 2632 547 2668 ecclesiam
566 2631 673 2668 Sancti
694 2630 826 2675 Nicolai‚
852 2630 1015 2665 ecclesiam
1042 2628 1130 2664 San-

950 242 1135 266 ntsst.t..tttit'at
1166 241 1326 263 nonanta!

1161 302 1228 328 ctae
1244 294 1425 334 Severinae,
1443 293 1606 328 ecclesiam
1622 293 1756 329 Sanctae
1775 294 1902 330 Crucis:

1162 344 1192 379 iu
1217 344 1285 378 loco
1307 342 1446 378 Cancelli
1472 343 1635 377 ecclesiam
1662 343 1768 378 Sancti
1790 345 1903 390 Angeli

1160 401 1191 428 et
1212 393 1376 428 ecclesiam
1398 392 1549 427 Omnium
1582 392 1781 434 Sanctorum,
1803 396 1905 429 eccle—

1161 443 1237 477 siam
1265 443 1372 477 Sancti
1394 442 1521 477 Ioannis
1548 449 1578 476 et
1599 442 1764 479 ecclesiam
1797 443 1903 478 Sancti

1160 492 1353 539 Apollinaris
1383 492 1422 526 (16
1444 492 1651 536 patrazzano,
1683 492 1846 527 ecelesiam
1869 493 1903 528 S.

1160 542 1299 588 Georgii,
1323 541 1486 576 ecclesiam
1514 541 1548 576 S.
1571 541 1696 576 Ioannis
1717 541 1756 576 (16
1787 542 1904 584 Turre,

1159 592 1321 626 ecclesiam
1344 591 1450 626 Sancti
1471 590 1546 632 Viti,
1568 591 1732 626 ecclesiam
1754 591 1787 626 S.
1808 592 1904 633 Petri,

1159 641 1321 676 ecclesiam
1349 641 1455 676 Sancti
1471 640 1604 684 Nicolai,
1623 641 1786 676 ecclesiam
1799 641 1904 677 Sancti

1160 691 1296 731 Martini,
1319 691 1484 725 ecclesiam
1512 690 1618 725 Sancti
1645 689 1833 736 Castrensis,
1852 704 1905 726 ec-

1159 741 1284 775 clesiam
1312 740 1419 775 Sancti
1454 740 1579 774 Martini
1615 740 1654 775 de
1680 740 1817 781 Rosella,
1851 753 1905 776 ec-

1158 790 1284 824 clesiam
1307 790 1413 825 Sancti
1446 789 1598 830 Flaviani,
1632 791 1795 825 ecclesiam
1821 790 1906 826 San-

1159 848 1226 874 ctae
1241 839 1409 879 Barbarae,
1429 839 1591 874 ecclesiam
1607 838 1740 874 Sanctae
1756 839 1904 881 Iulianae,

1159 889 1323 924 ecclesiam
1350 889 1457 924 Sancti
1480 888 1631 924 Andreae:
1663 890 1693 924 in
1716 889 1784 924 loco
1805 890 1906 925 Arno-

1161 952 1216 973 nae
1243 938 1406 973 ecclesiam
1430 938 1565 974 Sanctae
1593 939 1724 980 Mariae,
1751 947 1782 974 et
1803 940 1906 975 eccle-

1159 989 1236 1023 siam
1271 988 1377 1023 Sancti
1413 988 1508 1023 Blasii
1537 996 1566 1022 et
1598 989 1761 1024 ecclesiam
1797 989 1904 1025 Sancti

1160 1038 1295 1082 Paulini⁷
1320 1038 1483 1073 ecclesiam
1510 1037 1615 1072 Sancti
1638 1038 1760 1073 Erasmi
1783 1038 1821 1073 de
1843 1039 1906 1074 Ca-

1160 1088 1235 1122 zoli:
1265 1088 1294 1121 in
1322 1088 1391 1123 loco
1413 1087 1591 1122 Grazzanisi
1615 1088 1778 1122 ecclesiam
1797 1088 1904 1124 Sancti

1160 1137 1295 1177 1011111115,
1322 1137 1487 1172 ecclesiam
1509 1136 1642 1172 Sanctae
1666 1137 1780 1172 Mariae
1802 1147 1832 1173 et
1858 1151 1904 1173 ec·

1160 1187 1288 1221 clesiam
1316 1186 1448 1221 Sanctae
1481 1186 1721 1230 Maximilianae,
1753 1189 1906 1224 6166616-

1160 1237 1236 1271 siam
1259 1236 1365 1270 Sancti
1388 1235 1518 1270 Nicolai.
1542 1236 1748 1272 Decet-nimus
1769 1249 1854 1283 ergo,
1874 1246 1906 1272 ut

1163 1286 1238 1320 nulli
1262 1285 1575 1320 011111111011011111111111
1612 1286 1702 1320 liceat
1737 1287 1904 1333 praefatam

1162 1335 1333 1370 Ecclesiam
1370 1344 1486 1370 temere
1518 1335 1717 1382 perturbare,
1750 1344 1804 1370 aut
1838 1337 1907 1372 eius

1163 1385 1379 1432 possessiones
1400 1384 1533 1428 auferre,
1556 1385 1602 1419 vel
1620 1385 1738 1420 ablatas
1760 1386 1906 1431 retinere,

1163 1435 1323 1475 11111111616,
1365 1447 1420 1469 seu
1461 1434 1654 1481 quibuslibet
1692 1435 1908 1471 vexationibus

1163 1485 1306 1531 fatigare,
1346 1484 1401 1519 sed
1440 1483 1556 1519 illibata
1583 1485 1687 1519 omnia
1722 1493 1753 1519 et
1788 1485 1907 1532 integra

1162 1542 1397 1574 conserventur,
1425 1545 1545 1578 eorum,
1569 1546 1623 1581 pro
1642 1547 1775 1581 quorum
1798 1535 1910 1581 guber-

1163 1584 1288 1618 natione
1317 1592 1346 1617 et
1372 1583 1620 1618 substentatione
1650 1596 1796 1619 concessa
1823 1593 1907 1626 suut,

1164 1633 1271 1668 usibus
1293 1633 1484 1667 omnimodis
1513 1632 1689 1679 profutura:
1712 1634 1795 1668 salva
1816 1634 1909 1669 Sedis

1163 1682 1363 1730 Apostolicae
1387 1683 1579 1717 auctoritate.
1608 1682 1640 1717 Si
1672 1696 1734 1730 qua
1756 1683 1851 1730 igitur
1877 1684 1907 1719 in

1164 1733 1301 1766 futurum
1316 1731 1526 1767 ecclesiastica
1544 1732 1750 1767 saecularisve
1764 1745 1908 1780 persona,

1164 1782 1244 1816 hanc
1258 1789 1380 1816 nostrae
1392 1782 1625 1817 constitutionis
1638 1783 1782 1829 paginam
1794 1782 1910 1824 sciens,

1164 1840 1272 1866 contra
1311 1843 1379 1866 eam
1412 1839 1529 1866 temere
1567 1832 1671 1866 venire
1697 1833 1910 1879 temptaverit,

1164 1881 1303 1916 secundo
1331 1881 1459 1916 tertiove
1483 1882 1694 1926 commonita,
1731 1881 1790 1916 nisi
1826 1893 1912 1929 prae-

1164 1931 1375 1978 sumptionem
1390 1943 1479 1965 suam
1502 1931 1595 1976 digna
1619 1930 1830 1966 satisfactione
1845 1943 1912 1966 cor·

1166 1981 1295 2022 rexerit,
1330 1981 1492 2028 potcstatis
1519 1980 1711 2027 honorisque
1732 1981 1779 2015 sui
1806 1981 1911 2027 digni-

1168 2039 1227 2065 tate
1259 2039 1378 2071 careat,
1414 2042 1562 2076 reamque
1597 2042 1630 2064 se
1662 2030 1768 2064 divino
1795 2031 1912 2066 iudicio

1166 2081 1297 2115 existere
1325 2080 1363 2114 (16
1396 2088 1572 2126 perpetrata
1599 2079 1762 2126 iniquitate
1792 2092 1912 2127 cogno—

1166 2138 1243 2174 scat,
1278 2138 1307 2164 et
1328 2141 1344 2163 a
1366 2129 1576 2164 sacratissimo
1611 2129 1751 2176 Corpore
1773 2137 1804 2164 et
1830 2130 1912 2164 San-

1166 2180 1260 2226 guine
1283 2179 1342 2213 Dei
1369 2187 1399 2212 et
1423 2178 1549 2213 Domini
1571 2178 1793 2226 Redemptoris
1815 2179 1912 2214 nostri

1167 2231 1237 2264 lesu
1265 2228 1382 2263 Christi
1405 2228 1505 2262 aliena
1527 2228 1591 2272 liat,
1612 2236 1706 2275 atque
1722 2229 1752 2262 in
1772 2237 1912 2263 extremo

1167 2278 1311 2313 examine
1333 2278 1490 2312 (listi-ictae
1513 2278 1623 2313 ultioni
1638 2277 1805 2313 subiaceat.
1828 2277 1913 2313 Cun-

1168 2330 1226 2363 ctis
1251 2336 1355 2362 autom
1382 2327 1483 2362 6111611]
1512 2327 1580 2362 1060
1609 2339 1664 2362 sua
1697 2327 1763 2362 iura
1785 2339 1914 2362 servan-

1169 2378 1253 2412 tibus
1275 2378 1314 2412 sit
1342 2389 1400 2424 pax
1420 2377 1547 2411 Domini
1570 2377 1666 2412 nostri
1690 2376 1759 2411 Iesu
1782 2375 1913 2418 Christi,

1169 2436 1323 2475 quatenus
1349 2435 1378 2460 et
1413 2427 1464 2461 1116
1491 2426 1626 2461 fructum
1661 2425 1762 2461 bonae
1783 2426 1914 2461 actionis

1171 2479 1365 2525 percipiant,
1400 2484 1431 2511 et
1456 2476 1538 2523 aputl
1570 2475 1746 2510 districtum
1773 2475 1913 2510 Iudicem

1171 2528 1306 2575 praemia
1327 2533 1471 2560 aeternae
1494 2526 1578 2573 pacis
1604 2525 1775 2560 inveniant.
1799 2525 1912 2559 Amen.

1218 2576 1289 2611 Eoo
1322 2575 1529 2611 ,acaxaunssn
1559 2574 1730 2611 catholicae
1754 2574 1913 2609 Ecclesiae

1170 2627 1348 2674 episcopus.

1920 240 1969 267 An.
1983 240 2012 267 C.
2032 241 2098 268 ¹173

1935 1252 2043 1273 Decretum
2063 1254 2104 1273 im-

1921 1284 2027 1305 munitatis
2037 1291 2047 1303 a
2055 1290 2104 1310 11111-

1921 1321 2008 1342 cumque
2034 1315 2104 1335 inole-

1921 1348 1967 1371 sua,
1979 1347 2006 1367 vi.
2019 1346 2104 1366 alicua-

1921 1381 1978 1402 tione
1994 1382 2036 1400 etc.

1935 1703 1994 1730 Quod
2009 1703 2107 1731 poenali-

1922 1735 1960 1755 bus
1968 1735 2036 1755 sotius
2046 1734 2106 1755 clau-

1925 1765 1976 1787 satis
1988 1766 2106 1786 coufirmat:

1940 2595 2053 2616 Alexandri
2069 2594 2108 2616 ΡΒ.
