2180 3205
137 295 185 322 An.
203 293 231 321 C.
254 292 322 321 ¹103
397 260 469 296 2⁰0

348 326 527 361 dominicus
559 321 696 371 impigro
726 321 832 357 animo
854 319 978 355 assidua
1011 319 1097 366 vigi—

347 375 440 411 lantia
463 373 658 409 custodiatur
679 380 709 406 et
736 371 940 418 gubernetur.
969 368 1011 404 Ut
1038 381 1097 403 au-

349 434 409 460 tem
438 424 645 471 praelatorum
678 421 867 467 vigilantiam
895 418 979 453 nulla
1011 431 1095 458 nox,

348 473 433 508 nulla
455 471 654 507 tenebrarum
675 470 751 504 hora
773 469 928 516 opprimat
951 467 998 502 vel
1020 479 1097 502 con-

348 522 481 562 fundat,
514 520 647 561 caritas,
681 531 761 566 quae
794 518 882 553 Deus
915 525 982 558 est,
1017 528 1097 564 quae

350 580 472 619 praeter
501 581 618 610 unum,
650 569 780 604 alterum
808 566 923 609 nescit,
950 566 1098 601 omnibus

350 620 484 663 viribus,
510 627 574 653 tota
601 626 706 653 mente
734 617 892 663 diligenda
914 624 962 651 est
988 624 1017 650 et
1051 624 1098 649 te-

349 669 462 704 nenda.
485 668 645 710 Quoniam
668 679 741 702 vero
762 666 857 701 nullis
879 664 1099 713 praecedenti-

349 719 408 753 bus
431 718 567 762 meritis,
603 716 659 752 sed
693 716 758 751 sola
794 715 1019 762 omnipotentis
1039 713 1098 751 Dei

349 768 459 815 gratia,
482 768 513 801 iu
530 766 664 801 ecclesia
685 766 790 800 locum
806 765 888 799 Petri
906 763 1097 803 obtinemus,

349 829 479 852 necesse
493 824 551 860 est,
563 824 598 850 ut
613 814 760 850 omnibus
777 812 1098 861 superimpendamur

349 866 514 908 Ecclesiis,
542 865 677 899 maxime
703 864 771 908 his,
798 874 878 910 quae
910 862 990 896 iuris
1016 861 1097 895 beati

349 915 434 950 Petri
467 926 536 949 esse
573 921 769 955 noscuntur,
806 921 836 947 et
871 923 952 958 quae
986 910 1099 945 affectu

351 965 435 999 filiali
481 964 624 998 invocant
671 961 837 997 consilium
880 968 911 995 et
949 960 1099 995 auxilium

350 1014 459 1049 matris
480 1025 566 1047 suae.
584 1011 664 1054 Quia
693 1011 786 1057 igitur
807 1009 932 1044 dilectio
955 1009 1101 1044 fraterni-

352 1064 424 1098 tatis
452 1071 572 1097 vestrae
600 1060 767 1107 postulavit
800 1058 1002 1106 privilegium
1029 1069 1101 1092 mo-

351 1112 488 1147 nasterio
521 1110 684 1145 Vezeliaco
711 1108 800 1149 fieri,
834 1108 926 1143 cuius
960 1107 1100 1153 regimen

352 1172 480 1197 auctore
502 1159 569 1194 Deo
591 1158 679 1193 vobis
700 1158 906 1193 commissum
928 1165 986 1200 est,
1018 1155 1101 1203 quod

352 1210 536 1245 fundatores
576 1208 676 1256 ipsius
715 1206 875 1242 Gerardus
915 1217 1022 1241 comes
1058 1205 1104 1239 vir

354 1259 586 1296 nobilissimus,
608 1266 638 1292 et
661 1268 739 1291 uxor
753 1256 822 1291 eius
836 1255 928 1290 Berta
947 1255 996 1302 pia
1014 1254 1106 1289 devo-

353 1311 454 1354 tione,
482 1316 513 1344 et
546 1307 722 1342 testamenti
750 1305 988 1341 confirmatione
1015 1303 1105 1338 beato

355 1358 448 1393 Petro
488 1357 701 1404 apostolorum
737 1354 871 1402 principi
904 1353 1105 1394 obtulerunt3

356 1420 427 1452 nos,
451 1406 597 1454 precibus
623 1404 735 1440 vestris
765 1416 930 1439 assensum
954 1403 1107 1450 praeben-

356 1466 416 1499 tes,
443 1455 629 1491 auctoritate
663 1453 835 1501 apostolica
870 1464 924 1500 per
959 1464 1108 1499 praesens

356 1506 558 1554 privilegium
582 1503 808 1539 confirmamus
821 1511 914 1549 atque
927 1502 1107 1541 statuimus,

356 1564 392 1591 ut
415 1555 491 1590 nulli
518 1555 755 1601 imperatorum,
783 1551 860 1586 nulli
884 1563 1023 1598 unquam
1054 1562 1109 1584 re-

358 1617 453 1652 gum,
488 1603 565 1638 nulli
598 1603 768 1642 comitum,
806 1600 883 1635 nulli
917 1600 1108 1639 antistitum,

358 1654 434 1689 nulli
469 1653 617 1699 cuiquam
645 1651 694 1686 alii
723 1650 763 1685 de
799 1650 906 1693 rebus,
942 1661 1022 1696 quae
1050 1650 1108 1682 iam

359 1703 445 1738 dicto
459 1701 650 1737 monasterio
671 1712 686 1735 a
711 1700 879 1746 praedictis
894 1698 1112 1733 fundatoribus

359 1753 406 1787 vel
442 1752 512 1786 aliis
550 1750 650 1784 Deum
689 1749 876 1784 timentibus
905 1747 1028 1782 oblatae
1065 1746 1111 1781 vel

360 1812 529 1837 concessae
542 1808 627 1839 sunt,
651 1799 697 1833 vel
720 1798 870 1844 deinceps
891 1796 1112 1836 conferendae,

361 1852 421 1886 sub
443 1849 584 1898 qualibet
605 1848 781 1883 occasionis
808 1846 914 1894 specie
941 1847 1031 1880 liceat
1054 1845 1114 1879 nii-

362 1912 472 1940 nuere,
502 1899 551 1933 vel
575 1898 711 1941 auferre,
739 1897 785 1932 vel
813 1895 933 1931 ablatas
967 1895 1112 1930 retinere.

362 1949 448 1984 lnter
474 1959 556 1995 quae
584 1946 768 1982 nominatim
794 1945 900 1980 veidem
919 1944 1114 1978 ‘monasterio

363 1999 588 2034 confirmamus
610 1997 639 2030 in
659 1996 843 2042 episcopatu
855 1993 995 2029 Eduensi
1011 1993 1114 2028 eccle-

363 2048 440 2083 siam
468 2045 576 2081 Sancti
602 2045 687 2079 Petri
709 2052 769 2079 etc.

414 2096 580 2131 Praeterea
615 2094 807 2133 statuimus,
845 2101 879 2127 ut
920 2090 1115 2127 consecratio

366 2145 547 2181 monasterii
587 2144 685 2191 ipsius
728 2150 759 2178 et
797 2141 1001 2176 ecclesiarum
1036 2153 1115 2187 qnae

366 2195 483 2230 suntin
499 2191 773 2229 circumadiacenti
797 2190 879 2229 villa,
905 2190 1117 2225 ordinationes

368 2255 498 2291 quoque
520 2242 761 2285 monachorum,
777 2248 807 2275 et
821 2241 1019 2279 clericorum,
1041 2251 1118 2274 con-

368 2294 436 2328 silio
449 2292 597 2327 abbatum
612 2290 883 2329 Cluniacensium,
899 2289 1013 2336 quibus
1029 2300 1118 2335 prae-

369 2342 552 2377 decessores
589 2340 685 2375 nostri
727 2347 758 2374 et
802 2351 859 2373 nos
897 2338 1120 2385 perpetualiter

369 2390 586 2426 concessimus
614 2389 698 2424 vices
727 2395 850 2423 nostras
883 2387 914 2421 in
942 2387 1003 2421 iam
1036 2386 1120 2420 dicto

371 2440 579 2483 monasterio,
613 2438 728 2472 ibidem
763 2437 861 2477 fiant,
899 2444 952 2471 aut
978 2435 1030 2470 ubi
1062 2435 1119 2482 ipsi

371 2489 501 2524 abbates
535 2487 712 2522 maluerint.
753 2486 900 2521 Clu-isma
934 2496 1059 2531 quoque
1093 2491 1122 2518 et

176 1587 235 1607 Bona
264 1591 335 1606 mona—

149 1613 336 1634 steriihuiusacu·

150 1641 274 1666 iuscuniqu·
289 1644 326 1664 per

156 1672 222 1687 vnde
247 1665 329 1686 iurisdi-

151 1694 221 1713 ctione
239 1709 244 1715 .
272 1695 335 1718 atquc

151 1720 215 1740 etiarn
238 1719 335 1739 molestia

151 1747 218 1767 libera
226 1746 336 1766 declaran-

152 1776 185 1793 tut·
195 1780 200 1797 ;

199 2528 286 2549 Adiecto
319 2530 348 2547 ta-

163 2561 226 2577 mon.
242 2557 262 2575 ui
279 2559 349 2573 mom.
372 2538 475 2573 oleum
499 2546 655 2576 sanctum,
677 2548 693 2571 a
709 2548 772 2583 quo
788 2535 954 2570 maluerint
972 2533 1124 2568 catholico

164 2583 198 2602 chi
208 2587 228 2601 tn
237 2581 332 2609 ordinati⁴
342 2589 350 2595 ›

164 2609 233 2629 nibus.
249 2610 349 2627 caeteris-

373 2587 521 2632 episcopo
546 2586 711 2632 accipiant.
741 2584 902 2618 Ecclesiae
933 2595 1006 2617 vero
1033 2582 1124 2617 eius-

165 2640 206 2661 (ΨΘ
228 2639 295 2654 ”⁸¹⁸
314 2633 350 2654 ‘¹³³'
374 2635 446 2671 dem
480 2635 660 2670 monasterii
695 2647 750 2681 per
785 2633 925 2669 diversas
951 2631 1125 2680 provincias

938 262 1126 288 mmmmm!
1152 261 1314 285 Ronn'm!

1138 318 1327 353 constitutae
1343 325 1373 352 et
1394 328 1500 352 earum
1523 316 1630 352 altaria
1656 316 1696 352 ab
1717 317 1886 364 episcopis,

1139 368 1168 402 in
1197 379 1330 414 quorum
1360 366 1496 401 dioecesi
1530 375 1620 411 sunt,
1647 375 1882 401 consecrentur.

1137 416 1324 452 Sacerdotes
1346 416 1437 450 etiam
1460 423 1491 450 et
1512 415 1617 450 clerici
1643 415 1840 455 ordinentur,
1857 422 1887 449 et

1138 467 1176 501 ab
1209 466 1254 501 eis
1281 465 1418 500 chrisma
1445 472 1474 499 et
1498 464 1602 499 oleum
1630 472 1773 499 sanctum
1803 464 1888 499 acci-

1139 516 1234 563 piant,
1262 515 1286 550 si
1309 514 1439 560 gratiam
1460 513 1622 548 Romanae
1649 512 1742 548 Sedis
1768 513 1888 548 babue-

1139 565 1224 610 rint,
1251 572 1281 599 et
1308 565 1404 610 gratis
1436 575 1471 597 ac
1498 563 1566 597 sine
1600 562 1750 610 pravitate
1783 561 1887 610 aliqua

1138 614 1212 648 dare
1236 613 1408 654 volueriut3
1431 611 1478 647 sin
1495 611 1581 652 alias,
1603 623 1619 646 a
1641 623 1705 658 quo
1720 610 1889 646 maluerint

1138 662 1293 698 catholico
1319 662 1469 709 episcopo
1484 661 1655 707 accipiant.
1678 660 1824 696 Obeunte
1846 668 1888 705 te,

1139 712 1281 747 eiusdem
1296 711 1356 746 loci
1380 710 1502 751 abbate,
1527 710 1573 745 vel
1597 721 1799 757 quocumque
1812 722 1891 745 suc-

1139 773 1299 797 cessorum
1323 769 1459 800 tuorum,
1479 759 1585 794 nullus
1607 759 1648 794 ibi
1671 759 1805 806 eligatur
1822 759 1890 794 vio-

1139 811 1256 851 lentia,
1291 810 1339 845 vel
1365 810 1468 857 aliqua
1505 808 1720 856 subreptionis
1757 808 1888 850 astutia;

1140 860 1194 895 sed
1216 872 1310 907 quem
1338 858 1447 894 fratres
1468 858 1629 893 communi
1650 869 1820 894 consensu.
1842 856 1891 892 vel

1141 922 1213 957 pars
1235 909 1367 944 sanioris
1389 908 1530 952 consilii,
1553 907 1786 954 praedictorum
1812 905 1891 942 Clu-

1143 959 1336 993 niacensium
1369 957 1513 992 abbatem
1537 969 1609 1004 prae
1635 957 1766 992 caeteris
1794 968 1894 1003 prae-

1142 1016 1246 1054 cepto,
1280 1007 1455 1042 secundum
1493 1007 1633 1052 regulam
1661 1005 1697 1040 B.
1725 1005 1894 1041 Benedicti

1143 1057 1306 1103 elegerint.
1334 1055 1461 1091 Electus
1492 1067 1580 1096 vero,
1613 1064 1665 1090 aut
1697 1067 1713 1090 a
1747 1054 1894 1090 Romano

1144 1105 1307 1146 Pontifice,
1329 1113 1381 1139 aut
1396 1103 1579 1139 eorumdem
1597 1104 1742 1138 abbatum
1759 1103 1896 1139 consilio

1144 1163 1356 1190 consecretur.
1388 1153 1491 1201 Ipsius
1522 1161 1626 1188 autem
1653 1153 1808 1188 dioecesis
1825 1153 1896 1200 epi-

1145 1216 1252 1251 scopo,
1281 1204 1339 1238 nisi
1366 1202 1405 1238 ab
1437 1202 1548 1238 abbate
1575 1202 1692 1249 ipsius·
1710 1202 1894 1237 monasterii

1146 1254 1294 1288 invitatus
1320 1252 1422 1293 suerit,
1450 1252 1601 1287 stationes
1623 1263 1715 1297 agere
1743 1251 1896 1298 publicas,

1146 1311 1199 1337 aut
1227 1303 1360 1350 privatas
1386 1301 1499 1336 missas
1532 1301 1690 1336 celebrare
1720 1300 1752 1335 in
1784 1299 1898 1336 eodem

1148 1353 1348 1392 monasterio,
1362 1351 1443 1385 haud
1466 1351 1566 1385 liceat.
1590 1349 1798 1385 Donationem
1815 1361 1900 1397 quo-

1148 1414 1232 1448 que,
1268 1401 1315 1436 vel
1350 1399 1580 1435 subiectionem
1616 1412 1671 1434 seu
1712 1407 1899 1446 potestatem

1150 1449 1356 1486 interdicendi
1381 1450 1411 1484 iu
1438 1448 1549 1484 eodem
1577 1448 1741 1489 coenobio,
1774 1456 1804 1483 et
1835 1449 1901 1483 cir-

1913 270 1963 298 An.
1983 269 2012 298 G.
2029 270 2096 300 1103

1912 328 2005 357 nisteriis
2015 333 2027 348 a
2039 327 2098 357 dioe-

1913 360 1996 375 cesanis
2016 359 2027 374 e
2044 359 2099 374 isco-

1913 387 1946 408 pis
1957 381 2025 407 depen
2041 382 2097 401 eant.

1942 671 2032 702 ⁴Antiati·
2061 670 2104 692 ele·

1919 701 1962 719 ctio
1980 703 2046 724 penes
2059 702 2104 718 mo-

1919 725 1999 747 nachos
2007 741 2012 749 ,

1934 1171 2053 1198 Episcopus
2059 1175 2110 1191 vero

1926 1199 1966 1220 loci
1988 1198 2067 1219 nullam
2088 1203 2111 1218 a·

1924 1226 1974 1246 liam
1985 1225 2005 1246 in
2020 1226 2110 1245 monast.

1925 1252 2004 1273 habeat
2019 1253 2111 1277 potesta·
2142 1259 2145 1262 ν

1926 1281 1968 1299 tem
1984 1278 2025 1298 nisi
2041 1277 2063 1298 in
2077 1282 2111 1298 su-

1926 1304 2037 1332 prad-ictis.

1149 1499 1376 1536 cumadiacenti
1400 1498 1482 1542 villa,
1504 1497 1622 1532 nullam
1638 1497 1762 1532 habeat.
1782 1496 1903 1532 Decre-
1924 1494 1927 1495 ⁷

1152 1551 1253 1584 vimus
1279 1549 1384 1591 etiam,
1412 1556 1445 1582 ut
1471 1546 1548 1582 nulli
1584 1547 1714 1581 omnino
1735 1546 1902 1581 hominum

1150 1599 1241 1634 liceat
1266 1597 1454 1633 coenobium
1489 1597 1594 1643 ipsum
1628 1595 1829 1643 perturbare,
1853 1594 1903 1630 vel

1152 1649 1349 1695 inquietare,
1375 1659 1431 1681 seu
1465 1645 1683 1681 vexationibus
1709 1656 1816 1680 servos
1842 1643 1902 1679 Dei

1152 1697 1293 1744 fatigare,
1315 1696 1363 1731 vel
1378 1696 1446 1730 eius
1465 1695 1680 1741 possessiones
1701 1693 1836 1734 auferre,
1855 1693 1904 1728 vel

1156 1748 1316 1781 minuere:
1340 1745 1394 1780 sed
1417 1746 1521 1779 omnia
1543 1744 1574 1778 in
1597 1744 1754 1790 integrum
1773 1754 1903 1777 conser-

1155 1803 1266 1830 ventur
1291 1807 1399 1830 eorum
1428 1793 1548 1836 usibus,
1584 1805 1640 1840 pro
1667 1804 1802 1840 quorum
1827 1791 1907 1826 sub-

1155 1845 1343 1879 stentatione
1365 1852 1395 1878 et
1416 1842 1644 1889 gubernatione
1665 1841 1770 1876 eidem
1792 1853 1908 1876 mona-

1155 1895 1250 1929 sterio
1265 1902 1339 1928 sunt
1354 1904 1516 1927 concessa.
1541 1891 1588 1926 Ad
1614 1891 1763 1926 indicium
1779 1901 1909 1937 quoque

1157 1944 1250 1977 liuius
1284 1943 1446 1982 libertatis,
1477 1940 1679 1988 Apostolicae
1706 1939 1794 1980 Sedi,
1816 1940 1909 1974 cuins

1157 1993 1232 2026 iuris
1253 2004 1321 2026 esse
1344 1991 1549 2036 dignoscitur,
1577 1989 1688 2024 libram
1711 1989 1833 2036 argenti
1853 1999 1910 2036 pet·

1156 2041 1299 2087 singulos
1315 2052 1414 2074 anuos
1437 2039 1601 2085 persolvat.

1205 2090 1237 2125 Si
1274 2090 1345 2137 quis
1376 2097 1481 2124 autem
1516 2089 1640 2128 sciens,
1675 2094 1783 2122 contra
1811 2086 1910 2122 huius

1159 2139 1254 2174 nostri
1283 2139 1400 2173 decreti
1438 2138 1581 2185 paginam
1617 2149 1709 2184 agere
1732 2137 1911 2177 tentaverit,

1158 2188 1298 2224 secundo
1329 2188 1458 2223 tertiove
1486 2187 1721 2230 commonitus,
1751 2186 1810 2220 nisi
1834 2186 1916 2220 resi-

1161 2238 1273 2284 puerit,
1290 2250 1306 2272 a
1320 2237 1532 2272 sacratissimo
1546 2235 1688 2282 Corpore
1702 2243 1733 2270 et
1750 2234 1915 2281 Sanguine

1160 2287 1288 2322 Domini
1320 2287 1416 2321 nostri
1444 2286 1513 2320 lesu
1541 2285 1659 2320 Christi
1694 2284 1819 2319 alienus
1847 2284 1912 2318 [iat.

1160 2336 1221 2378 Qui
1249 2348 1322 2371 vero
1349 2336 1531 2370 observator
1552 2334 1707 2378 extiterit,
1734 2341 1916 2367 sanctorum

1162 2386 1372 2432 apostolorum
1395 2384 1476 2418 Petri
1499 2392 1530 2418 et
1546 2383 1636 2418 Pauli
1660 2381 1916 2417 benedictionem

1165 2435 1326 2482 percipiat,
1360 2441 1390 2468 et
1417 2434 1448 2467 in
1481 2433 1586 2467 futuro
1618 2440 1801 2467 sanctorum
1835 2432 1918 2466 cou-

1163 2484 1260 2518 sortio
1276 2482 1393 2530 perfrui
1411 2490 1578 2517 mereatur.
1590 2480 1803 2527 Omnipotens
1818 2479 1918 2521 Deus,

1165 2533 1217 2579 qui
1240 2541 1287 2567 est
1308 2544 1379 2566 vera
1401 2532 1485 2566 salus
1512 2539 1542 2566 et
1568 2542 1639 2564 vera
1660 2528 1815 2570 custodia,
1844 2537 1872 2562 te
1887 2536 1920 2564 et

1166 2582 1440 2627 congregationem
1466 2580 1518 2614 tibi
1546 2578 1697 2614 creditam
1726 2586 1864 2625 protegat
1889 2585 1921 2612 rt

1167 2631 1340 2676 defendat,
1366 2639 1397 2666 et
1428 2642 1483 2678 per
1516 2628 1775 2664 intercessionem
1813 2628 1922 2664 beatae

1959 1920 2044 1940 Annuus
2068 1923 2118 1939 een-

1933 1952 1968 1966 sus
1982 1945 2118 1971 apostoliea·

1934 1972 1985 1992 Sodi
1999 1972 2119 1999 persolven-

1933 1999 1979 2020 dus.

1947 2108 2063 2130 anathema
2071 2113 2120 2128 con-

1936 2135 1975 2184 Ιιιὲἱ.
1995 2134 2120 2156 mobedien-

2172 1225 2178 1328 Ἀρ---
2170 1048 2177 1218 ...η-..Μ’
2170 1005 2173 1040 —-
2169 950 2173 998 —-—4
2169 928 2172 939 -

2178 1843 2180 1853 a
2178 1812 2180 1827 ⁴.
2173 1386 2180 1803 rr.-.-...-—.‚..-..---0.-—-<„„
2176 1366 2177 1372 a
2176 1345 2177 1355 a
