2180 3205
52 245 103 274 An.
118 245 146 273 C.
168 247 234 274 ¹12³

289 304 345 330 tur.
365 317 404 323 —-
425 300 561 331 Facultas
583 303 774 333 construendi
804 303 928 333 oratoria
949 304 997 333 ubi

287 349 412 383 quatuor
433 346 535 375 fratres
556 346 671 376 suerint.
693 364 733 369 —
750 347 812 376 Alia
834 347 996 386 privilegia.

285 405 324 410 —
342 388 515 419 luuuuuitas
539 389 574 419 ab
593 391 727 420 exteriori
747 391 884 429 quapiam
909 391 999 421 mole-

285 432 350 462 stia.
377 449 417 454 —
438 433 550 462 Census
574 443 690 463 annuus
721 433 787 464 Scdi
811 435 996 472 Apostolicae

285 477 507 515 persolvendus,
533 494 573 500 —
597 478 757 507 Auatbema
783 483 880 507 contra
907 484 997 509 teme-

283 526 396 551 ratores
417 522 558 559 privilegii
591 522 689 552 buius.
721 539 761 544 -
784 521 950 552 Benedictio
969 528 997 553 et

283 574 337 602 pax
359 565 431 594 illud
452 565 688 595 observantibus.
710 583 750 588 —-
767 567 922 596 Alexandri
944 568 994 597 l'l'.

282 609 470 648 subscriptio,
494 615 521 639 et
543 610 571 639 S.
592 610 623 639 R.
646 610 723 639 Eect.
743 611 948 641 cardinalium.

241 674 372 704 Alexander
393 675 512 713 episeopus
537 684 739 705 serrusservoruni
754 675 806 713 Dei,
830 676 921 706 dilectis
941 678 995 707 filiis

280 718 348 748 Petro
376 718 520 748 Fertlinanelo
549 721 659 757 magistu-0
681 721 779 749 militiae
811 720 886 750 Sunt-ti
910 721 993 758 lat-olii,

278 763 373 801 eiusque
396 762 502 793 fratribus
523 763 614 792 clericis
630 767 650 792 et
673 764 746 801 lau-ix,
769 768 815 792 tani
835 765 994 802 praesentibus

277 815 345 845 quani
358 805 447 844 lutaris,
456 816 602 837 communen]
615 809 683 837 utam
693 807 808 847 professis,
821 809 843 838 in
856 813 991 848 perpetuant

276 851 310 881 rei
328 852 474 881 memoriani.

285 917 479 954 Benedictus
516 917 603 953 Deus
644 919 675 953 iu
703 918 796 956 donis
835 921 920 960 suis,
961 929 990 956 ct

235 967 372 1003 Sanctus
399 968 428 1002 in
464 968 612 1002 omnibus
646 968 796 1015 operibus
821 970 906 1014 suis,
934 972 986 1017 qui

236 1016 410 1052 Ecclesiam
438 1029 525 1051 suam
550 1030 628 1052 nora
658 1030 784 1064 semper
807 1019 892 1064 prole
920 1019 987 1055 soe-

235 1067 364 1108 euadat,
391 1074 421 1101 et
442 1067 523 1101 sicut
553 1079 608 1112 pro
632 1067 772 1113 patribus
800 1067 879 1101 filios
901 1068 930 1102 iu
952 1082 985 1104 ea

7 1126 29 1150 r·
235 1115 307 1151 facit
327 1128 499 1162 exurgere,
535 1117 580 1150 sie
603 1129 618 1150 a
647 1118 850 1162 generatione
878 1117 907 1151 iu
931 1131 986 1164 ge-

233 1165 428 1200 nerationem
459 1165 601 1203 notitiam
625 1166 762 1200 nominis
792 1166 851 1205 sui,
880 1175 908 1200 et
936 1168 985 1201 lu-

232 1226 300 1249 cem
329 1215 400 1250 fidei
424 1214 610 1249 christianae
638 1214 795 1249 diss'uudit.
832 1214 872 1250 Ut
906 1216 984 1251 sicut

231 1272 303 1299 ante
324 1272 427 1299 ortum
451 1264 526 1298 solis
551 1263 657 1298 stellae
679 1276 747 1299 sese
770 1264 810 1298 ad
834 1276 980 1300 occasum

231 1313 262 1347 in
286 1313 483 1348 firmamento
510 1321 704 1360 sequuntur,
744 1314 782 1347 ita
815 1314 843 1347 iu
879 1315 983 1349 ecclc-

229 1363 363 1398 siasticis
383 1362 532 1408 gradibus
558 1364 779 1407 generationes
813 1362 979 1405 iustorum,

229 1420 397 1459 antequam
420 1412 523 1446 veniat
545 1411 613 1446 dies
637 1411 764 1446 Domini
788 1425 918 1459 maguus
951 1423 980 1448 ct

229 1460 408 1502 horribilis,
442 1469 472 1495 et
497 1461 642 1495 tenebras
664 1469 786 1495 nostras
809 1463 870 1495 veri
895 1463 979 1497 Solis

227 1510 380 1557 splendor
401 1510 570 1554 illuminet,
594 1522 649 1557 per
671 1519 810 1558 tempora
827 1511 886 1545 sibi
905 1525 980 1547 suc-

227 1560 353 1595 cedant.
376 1560 415 1594 Et
437 1560 519 1594 sicut
546 1559 633 1593 multi
656 1572 750 1606 saepe
767 1573 822 1606 per
846 1561 976 1595 caudam

227 1609 374 1644 draconis
407 1609 601 1644 deiiciuutur
629 1609 658 1643 in
695 1617 820 1653 terrani,
849 1610 888 1643 ita
924 1623 977 1656 per

225 1658 427 1705 adoptionem
451 1658 588 1705 Spiritus
611 1658 791 1704 quotidiana
818 1658 868 1692 liat
891 1672 978 1705 repa-

225 1708 304 1743 ratio
327 1707 536 1756 perditorum,
559 1715 589 1741 ct
615 1707 653 1741 de
682 1707 837 1753 profundo
862 1708 974 1742 inserui

4 1760 22 1774 “¹
225 1757 261 1791 ad
289 1757 468 1804 quaerenda
504 1756 591 1790 multi
615 1757 760 1791 coelestia
796 1757 973 1802 erigantur:

224 1814 255 1841 et
288 1807 328 1842 ita
363 1818 495 1853 corpore
529 1814 694 1840 teneantur
730 1806 759 1840 iu
797 1807 905 1850 terris,
943 1816 973 1840 ut

225 1864 383 1904 tamquam
406 1856 491 1891 cives
512 1854 716 1894 Sanctorum,
752 1863 782 1890 et
809 1855 973 1890 domestici

223 1905 294 1947 Dei,
322 1904 511 1951 cogitatione
538 1917 573 1939 ac
595 1903 752 1939 desiderio
779 1916 973 1939 conversen-

223 1962 273 1989 tur
295 1955 326 1989 in
353 1954 462 1989 coelis.

272 2003 341 2038 Hoc
357 2015 433 2038 sane
456 2003 652 2050 temporibus
680 2002 794 2037 nostris
820 2003 849 2036 in
877 2004 973 2050 parti-

39 2053 111 2091 ⁵¹⁵!³.¹⁵¹¹
127 2055 149 2090 ,S-
174 2054 210 2091 ¹²}-
223 2052 283 2087 bus
316 2052 542 2100 Hispaniarum
570 2053 609 2087 de
631 2052 737 2086 divino
764 2052 878 2086 factum
904 2065 972 2086 mu-

27 2085 72 2106 cclu
79 2092 99 2106 in
108 2085 210 2113 Hispania

63 966 195 990 From-nium.

6 2110 127 2150 grunitum.
222 2114 297 2137 nere
312 2102 520 2148 gratulamur:
546 2102 596 2136 ubi
622 2101 744 2135 nobiles
765 2101 892 2148 quidam
916 2102 970 2135 viri

10 2181 22 2193 .,
194 2169 199 2173 ·
222 2160 424 2199 peccatorum
452 2152 587 2186 vinculis
613 2151 745 2194 irretiti,
784 2158 812 2185 et
842 2151 973 2185 misera-

219 2202 306 2243 tione
327 2200 422 2242 illius,
449 2201 502 2248 qui
531 2208 619 2235 vocat
641 2212 675 2235 ea
699 2211 778 2247 quae
800 2211 863 2234 non
886 2207 970 2240 sunt,

5 2251 27 2300 ⁴5.
220 2259 382 2298 tamquam
414 2262 450 2285 ea
483 2262 564 2297 quae
590 2258 676 2294 sunt,
710 2261 846 2303 superna
873 2250 971 2295 gratia

7 2304 17 2333 't
219 2308 293 2335 sunt
319 2299 413 2335 afflati
435 2307 465 2334 et
496 2299 584 2343 tacti,
618 2310 713 2346 super
735 2299 842 2332 multis
865 2306 971 2332 trans-

6 2344 17 2405 Ξ
219 2353 435 2401 gressionibus
461 2353 527 2388 suis
561 2352 670 2388 dolore
699 2352 802 2386 cordis
825 2352 972 2386 intrinse-

5 2412 22 2453 ξ’
221 2419 295 2453 cus,
321 2414 352 2442 et
385 2406 623 2454 praeteritorum
650 2413 780 2452 agentes
808 2406 972 2452 poeniten—

6 2463 22 2504 ξ’
220 2461 295 2496 tiam
311 2468 523 2508 peccatorum,
546 2472 609 2495 nou
632 2460 735 2494 solum
755 2459 972 2507 possessiones

7 2498 25 2541 5
221 2523 372 2555 terrenas,
394 2513 450 2549 sed
471 2525 603 2561 corpora
620 2525 677 2548 sua
692 2512 766 2548 dare
785 2513 814 2546 in
834 2520 970 2547 extrema

5 2557 29 2611 {5
221 2581 365 2616 quaeque
380 2568 517 2616 pericula
533 2580 589 2615 pro
603 2567 738 2602 Domino
753 2567 971 2607 decreveruntg

17 2782 22 2788 ,
13 2759 23 2774 .,
8 2745 14 2752 ι
7 2685 26 2731 :⁸230

852 249 1050 273 ALEXANDER
1078 251 1114 272 ΙΙΙ
1144 251 1191 273 ΙΨ.

1672 244 1734 276 781

1040 304 1170 348 Cbristi,
1206 306 1258 352 qui
1296 306 1357 341 ait:
1393 306 1462 342 Non
1498 308 1564 343 veni
1601 307 1701 342 facere
1731 319 1789 342 vo-
1818 314 1991 350 cuins-inu„-

1041 353 1188 389 luntatcm
1227 368 1345 396 meatu,
1381 357 1436 391 sed
1464 357 1530 392 eius
1565 357 1617 403 qui
1643 356 1789 391 misitmc
1805 349 1990 403 {351.”.¹„.'„,.1‡1¹‡s¹'¹¹„¹.1

1040 402 1139 436 l'atris
1174 408 1242 447 ta),
1282 406 1311 439 in
1350 405 1454 439 babitu
1483 415 1512 441 et
1552 406 1883 441 couversatione'¹³⁸³‘-

1040 452 1199 495 rcligiouis
1230 454 1287 487 sub
1320 455 1413 489 unius
1441 455 1579 502 Magistri
1615 463 1790 490 statuerunt

1037 500 1213 536 obedientia
1242 504 1445 538 esnuuiorari:
1481 518 1517 539 eo
1540 505 1648 551 utique
1672 504 1789 539 mode-

1039 550 1157 585 ramine
1205 553 1399 598 propositum
1442 566 1536 588 suum
1578 563 1607 589 et
1643 554 1786 589 ordinem

1038 607 1255 645 temperanti-s,
1289 610 1318 634 ut
1352 603 1425 648 quia
1461 604 1601 638 universa
1630 603 1718 638 turba
1749 605 1787 637 ti-

1036 647 1153 682 delium
1181 650 1210 684 in
1240 651 1423 696 coniugatus
1455 661 1485 686 et
1516 653 1712 687 continentes
1735 652 1786 687 di-

1035 697 1215 741 stiuguitur,
1238 707 1266 733 ct
1290 700 1444 735 Dominus
1460 701 1545 735 lesus
1560 701 1706 736 Clu-istus
1722 714 1783 737 nou

1034 749 1134 780 solum
1154 761 1208 793 pro
1233 749 1317 786 viris,
1340 750 1393 783 sed
1417 758 1447 784 et
1463 762 1518 797 pro
1542 751 1687 785 foeminis
1701 763 1784 798 quo-

1034 808 1094 841 que
1123 797 1160 829 dv
1188 798 1321 831 lia-initia
1351 800 1434 833 nasci
1462 800 1572 842 voluit,
1593 808 1711 834 etcum
1731 800 1784 834 bo-

1035 845 1172 880 minibus
1205 849 1400 892 conversari,
1436 848 1609 883 habeantur
1643 850 1672 882 iu
1714 849 1782 896 ipso

1032 894 1160 938 ordine,
1192 896 1245 942 qui
1280 897 1433 932 coelibem
1461 897 1577 932 ducant
1605 898 1716 942 vitam,
1740 907 1781 934 et

1031 944 1197 978 consilium
1223 945 1301 980 beati
1327 946 1416 980 Pauli
1440 955 1622 994 sequautur,
1650 948 1703 994 qui
1727 947 1780 982 ‹li-

1030 993 1088 1027 cit:
1132 994 1179 1028 De
1221 995 1397 1041 virginibus
1435 1005 1539 1030 autem
1575 1005 1778 1043 praeceptum

1030 1041 1154 1076 Domini
1192 1056 1253 1078 non
1301 1044 1420 1085 babeo,
1455 1046 1622 1080 consilium
1670 1054 1776 1081 autem

1028 1091 1067 1124 do
1084 1094 1133 1134 (b).
1157 1092 1227 1127 Sint
1249 1094 1341 1128 etiam
1365 1095 1417 1141 qui
1441 1095 1523 1129 iuxta
1545 1095 1775 1130 iustitutionem

1028 1139 1240 1182 Dominiram,
1263 1143 1299 1177 ad
1326 1144 1550 1190 procreandam
1573 1144 1728 1189 sobolem,
1745 1153 1777 1179 et

1026 1190 1271 1226 incontinentiae
1310 1193 1529 1239 praecipitium
1574 1193 1774 1239 evitandum,

1025 1240 1212 1285 coniugibus
1234 1242 1300 1276 suis
1322 1250 1464 1286 utantur,
1493 1251 1521 1276 et
1545 1255 1604 1277 una
1626 1255 1698 1277 cum
1729 1244 1775 1278 eis

1023 1288 1061 1322 ad
1078 1289 1248 1324 incolatum
1268 1303 1423 1338 supernae
1440 1293 1557 1339 patriae
1574 1291 1612 1326 de
1631 1292 1774 1328 convalle

1023 1338 1241 1386 lacrymarum,
1276 1348 1305 1374 et
1334 1350 1444 1375 terram
1474 1341 1604 1375 transire
1631 1342 1773 1388 peregri-

1023 1389 1148 1423 natione
1175 1390 1325 1430 nitantur⁷
1353 1397 1382 1424 et
1407 1391 1549 1437 lacrymis
1585 1390 1706 1424 diluant
1741 1399 1772 1426 et

1021 1438 1170 1483 operibus
1206 1439 1328 1484 pietatis
1365 1447 1485 1474 reatus:
1525 1439 1641 1485 quibus
1676 1452 1770 1486 supra

1021 1486 1260 1521 fundamentum
1290 1501 1394 1529 suum,
1422 1488 1505 1534 quod
1530 1489 1677 1523 Christus
1710 1497 1769 1533 est,

1021 1548 1075 1581 pro
1098 1549 1172 1570 cura
1200 1538 1318 1576 carnis,
1348 1545 1377 1572 et
1399 1537 1563 1572 aflectibus
1585 1538 1768 1579 liberorum,

1019 1585 1101 1631 ligna
1132 1585 1259 1620 foenum
1288 1587 1433 1633 stipulam
1456 1587 1621 1622 aedificare
1643 1588 1769 1622 contin-

1018 1635 1080 1680 git:
1108 1647 1179 1669 cum
1203 1636 1254 1670 alii
1277 1636 1487 1682 expeditiores
1514 1645 1544 1671 et
1569 1637 1769 1671 continentes

1017 1684 1183 1718 aedificent
1221 1697 1345 1729 aurum,
1385 1694 1549 1732 argeutum
1577 1694 1606 1719 et
1648 1686 1768 1732 lapides

1019 1734 1188 1780 pretiosos:
1229 1743 1259 1768 et
1288 1734 1336 1768 isti
1372 1743 1474 1769 tamen
1503 1744 1534 1769 et
1561 1735 1603 1769 illi
1632 1736 1767 1769 militent

1016 1783 1070 1816 uui
1101 1783 1182 1829 regi,
1209 1791 1240 1818 et
1266 1796 1360 1830 super
1391 1797 1488 1818 uuum
1524 1784 1765 1818 fundamentum

1015 1831 1182 1866 coelestem
1228 1845 1322 1867 unam
1350 1834 1516 1867 aedificent
1551 1834 1765 1877 mansionem,

1017 1881 1223 1927 promissione
1246 1881 1431 1916 Psalmistae
1455 1883 1485 1916 iu
1511 1882 1646 1916 Domino
1670 1882 1765 1917 robo-

1015 1931 1085 1970 rati,
1107 1931 1159 1977 qui
1182 1931 1301 1965 minora
1325 1944 1451 1978 quoque
1482 1932 1621 1966 membra
1648 1931 1765 1966 Eccle-

1015 1980 1077 2014 siae
1099 1980 1264 2024 confortat,
1287 1988 1316 2014 et
1338 1981 1427 2015 dicit:
1458 1980 1678 2028 linpersecttun
1695 1993 1764 2015 me—

1016 2041 1067 2062 um
1092 2029 1235 2063 viderunt
1261 2030 1343 2063 oculi
1377 2031 1433 2071 tui,
1472 2039 1503 2064 et
1538 2031 1568 2064 in
1603 2030 1681 2065 libro
1710 2040 1764 2065 tuo

1014 2090 1124 2112 omues
1150 2078 1328 2112 scribentur
1350 2083 1396 2123 (c).

1063 2127 1097 2161 In
1127 2127 1238 2161 borum
1262 2136 1364 2162 auten]
1394 2127 1533 2162 fidelium
1557 2127 1673 2162 Christi
1695 2129 1762 2163 col-
1789 2137 1882 2165 Magistri
1910 2147 1962 2168 pro-

1013 2177 1106 2223 legio‚
1134 2185 1179 2219 tu,
1213 2177 1327 2211 dilecte
1362 2178 1391 2211 in
1415 2177 1552 2211 Domino
1582 2178 1640 2218 lili,
1669 2177 1760 2212 Petre
1775 2171 1961 2222 ffi‚,²‚¹dpfi{¹f,}'⁴‚.¹[,j

1014 2225 1233 2270 Fcrdinaude7
1269 2238 1323 2272 per
1349 2227 1539 2260 voluntatem
1569 2226 1624 2261 Dei
1662 2228 1762 2274 magi-
1775 2235 1833 2281 ⁰93¹?
1863 2231 1958 2281 ipen-“D

1013 2276 1142 2310 sterium
1165 2287 1260 2321 super
1281 2275 1370 2316 alios,
1392 2284 1422 2309 et
1449 2275 1676 2321 providentiam
1699 2289 1761 2311 su-
1774 2266 1960 2319 tntife'iiipissssi-tffl

1012 2325 1155 2372 scepisti:
1200 2324 1252 2371 qui
1291 2336 1362 2359 cum
1403 2325 1590 2371 quibusdam
1631 2325 1759 2360 fratrum
1774 2323 1961 2380 {¹:1¹⁹S]¹‡‡}¹{222

1014 2383 1138 2409 tuorum
1173 2374 1209 2408 ad
1250 2374 1455 2420 praesentiam
1491 2383 1627 2408 nostram
1664 2387 1761 2410 acce-
1775 2371 1869 2412 veretur-

1013 2423 1102 2466 deus,
1124 2435 1195 2457 cum
1213 2423 1400 2464 humilitate,
1423 2435 1483 2470 qua
1506 2423 1623 2466 decuit,
1645 2436 1661 2458 a
1676 2424 1761 2459 Sede

1013 2472 1193 2520 Apostolica
1227 2473 1403 2520 requisisti,
1443 2480 1475 2506 ut
1509 2485 1564 2507 vos
1603 2481 1760 2520 tamquam

1014 2522 1188 2569 peculiares
1211 2521 1290 2556 lilios
1312 2522 1343 2556 in
1370 2521 1585 2557 defensionem
1610 2531 1762 2568 nostram,

1047 2592 1085 2626 (tt)
1104 2592 1175 2617 toan.
1193 2599 1230 2618 vr.
1271 2590 1309 2626 (b)
1330 2590 1486 2624 l,Corintb.
1499 2599 1548 2624 vu,
1565 2591 1608 2618 25.
1649 2591 1760 2627 (c)Psal.

1811 254 1859 279 An.
1879 254 1907 279 C.
1928 255 1992 280 1¹75

221 2630 253 2659 et
292 2622 330 2658 ad
370 2622 551 2670 exemplum
590 2621 719 2656 Domini
765 2620 862 2656 nostri
899 2619 969 2655 Iesu
1012 2640 1146 2659 cxxxi-iu.
