2180 3205
130 225 166 250 Au
196 225 212 249 tt
248 224 313 251 1072

163 880 287 900 Ptoou-‚tunt

140 1419 230 1439 Abbati<
243 1425 314 1439 tunna-

127 1446 185 1465 sterii
195 1445 216 1466 S.
226 1445 315 1471 Prospe-

137 1472 153 1492 ri
183 1472 308 1492 electionem

129 1499 243 1519 secun-lum
263 1499 315 1519 San-

128 1525 315 1546 ctisssneticure-

144 1553 197 1571 ulain
233 1552 314 1572 sacien-

141 1583 176 1598 am
198 1579 314 1599 constituit.

383 206 425 238 M

942 207 1019 230 BUU.
1029 206 1129 229 &llll'n
1153 205 1313 227 {immutat

372 279 437 299 rnm
457 262 973 301 declaratur.-lrritum,quidquid
986 265 1084 290 contra
1128 260 1185 307 ipsi
1208 259 1376 293 venerabili
1400 255 1553 294 coenobio
1573 254 1681 291 Sancti
1705 255 1852 304 Prosperi
1867 284 1876 298 ‚

373 310 429 339 boc
449 307 635 347 privilegium
664 308 761 333 actum
783 302 879 337 suerit,
907 301 1085 330 decernitur.

375 365 413 372 —-
429 349 468 378 De
491 347 636 377 electione
654 343 769 373 abbatis
788 341 899 380 absque
922 341 1086 375 venalitate,

374 393 402 418 et
435 388 532 418 favore
560 384 705 415 facienda.
744 398 784 404 —
818 380 1085 411 Excommunicatio

374 428 517 458 adversus
536 425 693 454 violatores
713 421 801 451 buius
821 420 975 461 privilegii.

334 493 486 523 Alexander
505 492 645 528 episcopus
665 496 759 518 servus
781 494 919 517 servorum
937 486 997 518 Dei,
1021 485 1086 513 dile-

380 538 503 567 ctissimo
523 537 551 565 et
570 533 795 564 reverendissimo
807 532 863 561 filio
878 531 1026 560 Giselherto
1041 530 1086 558 ab·

380 583 439 611 bati
455 580 620 610 venerabilis
640 578 758 608 coenobii
777 577 868 606 sancti
885 576 1008 612 Prosperi
1027 582 1086 603 con·

380 626 494 656 sessoris
514 625 625 658 Christi.
643 624 688 652 ubi
702 621 883 651 sacratissimi
900 621 956 649 eius
972 620 1087 652 cineres,

381 672 494 704 conditi,
515 672 542 699 et
555 676 617 699 ossa
627 670 819 700 reservantur,
836 667 929 695 subter
948 665 1088 693 civitatem

381 717 492 752 Regium
508 714 665 746 constitum
686 714 714 741 et
735 719 784 749 per
814 719 873 740 eum
901 710 1006 738 cunctis
1025 716 1086 737 suc-

380 761 533 790 cessoribus
542 759 628 796 ipsius
638 758 706 787 inibi
715 757 880 793 regulariter
890 754 1087 791 promovendis,

380 806 408 834 in
424 806 595 842 perpetuum.

384 866 663 911 Quemadmodum
683 866 760 912 regi,
775 863 914 907 defendi,
928 870 958 897 et
972 862 1088 907 guber-

335 919 403 953 nari
426 917 465 952 ab
489 917 565 957 illo,
592 928 608 950 a
630 927 693 962 quo
714 925 836 950 sumus,
864 921 1021 959 optamus,
1047 911 1087 945 ita

336 979 393 1014 per
415 967 596 1001 universum
619 964 727 1000 orbem
751 962 981 1003 christianum,
1004 960 1087 994 iuxta

336 1016 420 1064 quod
444 1015 536 1050 nobis
552 1013 757 1049 commissum
773 1024 842 1045 esse
855 1017 987 1052 constat,
998 1009 1089 1043 asin-

336 1065 419 1112 gnlis
433 1063 647 1112 provisoribus
667 1061 880 1096 Ecclesiarum
901 1059 971 1102 Dei,
997 1067 1089 1105 prout

337 1114 526 1160 cuicumque
561 1124 670 1147 eorum
702 1109 851 1157 expedit,
877 1119 1003 1155 sperare
1025 1119 1088 1141 non

336 1163 529 1197 dubitamus.
556 1161 696 1207 Ideoque
724 1159 797 1193 huic
823 1158 910 1205 operi
935 1164 1020 1191 tanto
1048 1156 1090 1189 vi-

336 1212 484 1258 gilantius
506 1211 650 1244 insistere
672 1208 837 1251 debemus,
864 1215 993 1253 quanto,
1016 1217 1089 1252 per-

338 1261 483 1295 mittente
506 1259 585 1302 Deo,
604 1257 840 1293 malefactorum
855 1255 1013 1290 saevitiam
1031 1255 1089 1289 boc

337 1318 479 1356 tempore
501 1308 653 1343 adversus
675 1307 781 1341 ovium
799 1304 920 1340 domini
937 1311 1088 1350 pastores,

338 1359 426 1394 nullo
461 1358 625 1392 resistente
640 1384 649 1401 ‚
687 1356 845 1391 efferatam
883 1353 1086 1388 attendimus.

337 1408 541 1454 Quapropter
574 1407 655 1440 iusta
688 1413 717 1440 et
744 1403 860 1439 salubri
887 1402 1089 1448 suggestione

337 1466 402 1500 tua,
424 1456 586 1491 carissime
612 1455 706 1489 frater
731 1453 907 1488 Giselberte
924 1451 1032 1494 abbas,
1051 1451 1087 1484 ad

340 1507 504 1541 utilitatem
530 1513 615 1539 tuam
643 1513 930 1548 successorumque
963 1508 1087 1534 tuorum

338 1555 487 1591 commoti
510 1562 540 1588 et
561 1553 756 1595 commoniti,
779 1563 834 1598 per
855 1550 949 1584 huius
965 1557 1089 1583 nostrae

338 1603 529 1652 apostolicae
551 1601 788 1637 constitutionis
811 1600 955 1647 paginam
978 1598 1091 1633 confir-

338 1665 463 1688 mamus
484 1661 515 1686 et
541 1651 783 1686 corroboramus
801 1648 971 1683 venerabili
987 1659 1091 1682 coeno—

338 1703 390 1737 bio
411 1701 519 1737 Sancti
542 1700 690 1747 Prosperi
723 1698 892 1744 Regiensis
927 1697 1089 1742 episcopi,

340 1760 373 1786 ut
412 1750 525 1785 electio
563 1757 595 1784 et
636 1748 792 1783 ordinatio
831 1747 953 1781 abbatis
991 1746 1091 1792 ipsius

339 1799 522 1835 monasterii
546 1799 597 1832 fiat
611 1798 740 1833 omniuo
759 1796 934 1831 secundum
951 1795 1090 1840 regulam

340 1850 375 1885 S.
399 1848 562 1884 Benedicti
585 1850 638 1891 (1).
656 1847 692 1881 Et
714 1847 785 1892 quia
804 1858 820 1880 a
840 1854 964 1879 sanctae
986 1856 1091 1878 recor-

341 1898 477 1933 dationis
498 1897 628 1931 domino
659 1895 802 1929 videlicet
823 1893 984 1939 Stephano
1007 1893 1091 1939 Papa

341 1947 541 1983 sanctissimo
563 1944 773 1991 privilegium,
795 1951 826 1977 et
851 1955 867 1977 a
894 1942 1092 1976 beatissimae

341 1996 512 2031 memoriae
545 1994 713 2034 Conrado,
736 2001 767 2027 et
787 1992 905 2026 Enrico
928 1992 995 2026 eius
1016 1991 1091 2031 filio,

342 2044 597 2093 imperatoribus,
619 2055 655 2078 ac
677 2041 838 2077 nonnullis
863 2041 932 2075 aliis
966 2040 1093 2085 regibus

342 2101 520 2143 praecepta,
543 2101 573 2127 et
600 2104 618 2126 a
644 2090 812 2126 venerabili
846 2089 1035 2136 Sigei'redo,
1063 2097 1092 2122 et

342 2143 514 2179 Adelberto
549 2140 725 2188 praedictae
762 2148 888 2174 sanctae
928 2138 1093 2183 Regiensis

343 2193 503 2228 Ecclesiae
523 2190 682 2238 episcopis
693 2189 830 2229 decreta,
854 2200 914 2222 non
937 2188 1039 2222 solum
1055 2187 1093 2221 de

343 2243 410 2288 ipsa
448 2240 597 2275 abbatum
635 2239 788 2274 electione
803 2265 811 2279 ,
838 2249 946 2271 verum
986 2245 1015 2270 et
1055 2236 1093 2270 de

343 2290 493 2326 omnibus
532 2289 624 2323 rebus
640 2315 650 2332 ,
689 2288 748 2335 ipsi
787 2286 975 2321 monasterio
1015 2286 1093 2320 iuste

344 2339 506 2387 acquisitis
534 2338 579 2372 vel
601 2336 827 2384 acquirendis,
853 2343 1015 2375 constant3
1042 2346 1094 2368 se-

344 2388 483 2424 cundum
508 2396 648 2421 tenorem
675 2386 813 2425 illorum,
836 2392 865 2418 et
887 2384 970 2431 quod
994 2383 1094 2417 maius

345 2445 404 2478 est,
414 2436 587 2471 seeundum
597 2435 735 2470 veritatis
745 2443 775 2469 et
787 2434 922 2468 iustitiae
931 2433 1093 2471 rationem,

345 2498 403 2535 per
420 2485 516 2520 huius
538 2492 660 2519 nostrae
682 2483 876 2518 auctoritatis
898 2481 1093 2528 privilegium

346 2535 530 2571 nominatim
553 2533 770 2577 concedimus,
789 2540 882 2580 atque
897 2531 1096 2565 deceruimus

382 2592 422 2628 (l)
441 2590 504 2619 Vide
522 2590 655 2626 superius.

1127 309 1210 356 quod
1240 309 1269 343 in
1294 309 1385 343 tutela
1409 308 1489 343 beati
1512 306 1594 342 Petri
1617 315 1648 341 et
1674 313 1777 341 nostra
1803 319 1879 341 suc-

1127 370 1352 404 cessorumque
1379 366 1558 392 nostrorum
1587 362 1738 402 perpetuo
1772 356 1878 390 susci-

1130 408 1250 453 pimus:
1292 407 1423 441 fundum
1457 406 1557 453 ipsius
1585 405 1734 440 ecclesiae
1769 404 1877 439 Sancti

1129 457 1275 504 Prosperi
1298 457 1356 490 sub
1379 456 1455 490 urbe
1477 455 1567 501 Regii
1589 454 1666 489 sitae
1680 482 1688 494 ,
1711 467 1781 489 cum
1803 467 1878 490 coe-

1129 506 1258 541 meterio
1281 506 1381 553 ipsius
1399 513 1427 539 et
1449 517 1559 539 novem
1587 503 1753 549 iugeribus
1765 511 1877 549 terrae,

1129 568 1200 590 cum
1231 555 1371 602 cappella
1407 554 1514 589 Sancti
1552 553 1698 592 Nazarii,
1732 566 1826 600 quam
1860 567 1877 589 a

1131 605 1308 651 praeposito
1335 603 1486 639 ecclesiae
1507 603 1648 638 eiusdem
1669 602 1774 637 Sancti
1798 602 1879 638 Pro-

1129 655 1235 700 speri‚
1272 654 1350 688 intra
1387 661 1523 688 castrum
1563 651 1705 686 eiusdem
1744 652 1879 687 civitatis

1129 704 1232 743 sitam,
1258 715 1312 750 per
1333 702 1611 737 commutationem
1640 701 1720 736 iuste
1753 700 1878 742 factam,

1129 752 1235 793 abbas,
1258 753 1311 798 qui
1335 760 1409 786 tunc
1431 751 1581 798 temporis
1616 759 1704 791 erat,
1738 751 1876 797 accepit:

1130 814 1187 836 nec
1231 813 1292 835 non
1329 810 1359 835 et
1399 813 1526 835 omnem
1565 799 1648 834 illam
1687 807 1802 834 terram
1839 800 1879 835 de

1129 850 1318 894 Corticella‚
1342 850 1387 884 vel
1413 850 1444 884 in
1471 850 1603 884 circuitu
1635 848 1736 896 ipsius
1767 861 1878 883 mona-

1129 900 1238 941 sterii,
1265 912 1344 947 quae
1378 899 1417 933 ab
1444 898 1604 946 episcopis
1637 898 1685 932 vel
1717 898 1879 934 canonicis

1129 949 1267 984 eiusdem
1292 949 1364 989 loci,
1387 948 1434 982 vel
1456 960 1472 982 a
1494 948 1748 995 quibuscumque
1775 947 1880 982 fideli-

1130 998 1189 1032 bus
1203 999 1261 1033 iarn
1286 998 1370 1032 dicto
1385 997 1656 1032 monaster-indata
1669 1004 1733 1031 est:
1750 996 1880 1043 insuper

1129 1047 1296 1082 duodecim
1317 1059 1444 1081 mansos
1471 1048 1501 1080 in
1524 1046 1667 1090 Fossula,
1691 1054 1825 1093 quatuor
1846 1046 1878 1081 in

1129 1096 1260 1136 palude,
1288 1104 1422 1142 quatuor
1444 1096 1474 1130 in
1502 1095 1730 1142 Campagnola‚
1756 1103 1820 1130 tres
1846 1096 1879 1130 in

1129 1145 1322 1191 Quingente‚
1346 1157 1442 1179 unum
1466 1145 1496 1178 in
1519 1143 1710 1188 Curtenova‚
1729 1145 1879 1183 nnumin

1130 1194 1249 1240 Gurgo,
1278 1207 1374 1228 unum
1399 1194 1428 1227 in
1452 1193 1672 1234 Fossudunde,
1692 1194 1832 1240 quinque
1847 1194 1879 1228 in

1130 1243 1290 1290 Bagumlm
1325 1253 1353 1278 ct
1381 1242 1522 1289 cappella
1549 1242 1683 1277 Sanctae
1714 1242 1881 1278 Mustiolae

1130 1305 1200 1327 curn
1224 1305 1291 1327 suis
1319 1292 1528 1338 pertinentiis,
1552 1304 1648 1326 unum
1675 1304 1820 1326 mansum
1848 1292 1880 1326 in

1131 1342 1280 1376 Crustulu
1296 1342 1414 1383 Veteri,
1438 1353 1534 1375 unum
1555 1341 1585 1374 in
1609 1340 1686 1375 Vico
1709 1340 1748 1375 de
1770 1340 1880 1376 Sebre-

1130 1399 1212 1437 gato,
1236 1404 1333 1425 unuin
1361 1391 1390 1424 in
1414 1390 1526 1436 Magno
1548 1389 1670 1434 Casale‚
1685 1398 1716 1425 et
1737 1390 1880 1437 cappella

1129 1441 1236 1475 Sancti
1259 1440 1412 1479 Silvestri‚
1435 1452 1507 1473 curn
1530 1439 1721 1474 dominicatu
1749 1438 1789 1473 de
1827 1451 1881 1473 ca-

1130 1491 1200 1524 dem
1225 1490 1293 1524 villa
1312 1490 1426 1535 Magno
1447 1488 1574 1523 Casale:
1603 1497 1665 1523 tres
1687 1500 1814 1523 mansos
1848 1488 1881 1522 in

1130 1540 1242 1585 Regio,
1270 1547 1299 1573 ct
1326 1538 1550 1572 dominicatum
1591 1537 1681 1583 Regii
1698 1565 1706 1577 ,
1732 1537 1880 1572 Braidam

1130 1589 1239 1634 Regis,
1261 1597 1291 1622 et
1313 1600 1438 1622 omnem
1463 1596 1574 1621 terram
1603 1586 1753 1633 praedicti
1769 1598 1883 1621 mona-

1131 1638 1215 1672 sterii
1237 1638 1318 1672 circa
1342 1636 1485 1671 eamdem
1500 1636 1656 1670 civitatem
1680 1636 1786 1670 sitam:
1818 1644 1881 1670 tres

1131 1700 1258 1721 mansos
1280 1687 1310 1720 in
1339 1685 1488 1725 Rodano,
1516 1694 1579 1719 tres
1613 1686 1642 1718 in
1677 1685 1881 1725 Mat-mirolo‚

1133 1749 1230 1770 unuin
1255 1736 1284 1769 in
1307 1735 1424 1779 filiano,
1441 1747 1536 1768 unum
1561 1735 1591 1768 in
1610 1734 1767 1774 Bubiano,
1782 1746 1880 1768 unum

1132 1787 1161 1820 in
1185 1785 1294 1825 Plano,
1317 1797 1415 1818 unum
1445 1785 1475 1817 in
1503 1783 1697 1821 Mulazzano,
1727 1796 1823 1817 unum
1847 1783 1879 1817 in

1133 1836 1271 1875 planzo,
1310 1846 1407 1868 unum
1446 1834 1477 1867 in
1513 1832 1625 1867 Castro
1662 1832 1816 1867 Oleriani:
1852 1840 1883 1866 et

1132 1893 1251 1919 curtem
1275 1883 1313 1917 de
1335 1883 1480 1917 Nassetto
1501 1894 1572 1916 cum
1591 1881 1686 1916 Lama
1709 1881 1882 1919 Fraularia.

1133 1942 1162 1968 et
1183 1946 1199 1968 a
1227 1944 1351 1979 campo,
1378 1940 1408 1966 et
1431 1932 1529 1965 rivum
1553 1930 1591 1965 de
1616 1931 1749 1965 Nassete
1764 1957 1773 1974 ,
1801 1942 1882 1977 quae

1133 1995 1149 2017 a
1176 1983 1289 2016 Carolo
1317 1993 1389 2023 rege
1424 1980 1565 2027 piissimo
1593 1991 1648 2026 per
1677 1988 1881 2026 praeceptum

1133 2033 1217 2066 iuxta
1244 2032 1321 2065 fines
1345 2031 1385 2063 ibi
1406 2030 1587 2076 designatos
1602 2028 1750 2075 Regiensi
1768 2028 1884 2063 Eccle-

1134 2082 1196 2115 siae
1231 2081 1301 2114 data
1335 2091 1403 2113 esse
1438 2078 1651 2124 dignoscitur;
1685 2086 1715 2111 ct
1741 2085 1853 2112 terram
1873 2104 1882 2117 ,

1134 2143 1225 2176 quam
1255 2129 1341 2163 dedit
1368 2128 1531 2162 Rolandus
1558 2127 1641 2161 filius
1666 2126 1815 2161 Eriberti:
1851 2127 1882 2161 in

1134 2180 1284 2214 Mutilena
1307 2186 1441 2224 quatuor
1455 2188 1581 2211 mansos
1594 2189 1665 2210 cum
1687 2176 1838 2223 cappella,
1853 2183 1884 2210 et

1134 2229 1267 2276 quadam
1292 2236 1376 2273 parte
1399 2226 1508 2261 castri:
1533 2227 1562 2260 in
1590 2225 1722 2259 Albinea
1750 2232 1884 2272 quatuor

1136 2289 1272 2316 mansos,
1299 2285 1328 2310 et
1355 2275 1529 2322 cappellam
1555 2275 1691 2310 Sanctae
1712 2274 1827 2308 Mariae
1849 2274 1881 2307 in

1137 2327 1306 2372 pisignano
1328 2337 1400 2359 cum
1423 2324 1536 2359 oliveto
1563 2324 1622 2358 sihi
1644 2322 1822 2357 adiacente:
1851 2322 1882 2356 in

1135 2376 1303 2421 vergnano
1330 2374 1409 2408 duos
1432 2385 1568 2414 mansos,
1596 2380 1626 2406 et
1649 2379 1719 2406 octo
1745 2383 1883 2412 mansos,

1135 2437 1216 2471 quos
1238 2424 1322 2458 dedit
1345 2423 1472 2457 Ardicio
1489 2422 1570 2456 filius
1586 2420 1886 2459 Attonis,filiiGai1-

1136 2474 1229 2512 <tuith
1253 2482 1280 2507 ct
1304 2472 1478 2519 cappellam
1495 2470 1602 2506 Sancti
1619 2470 1763 2504 Damiani
1781 2470 1810 2503 in
1824 2469 1885 2503 Me-

1136 2523 1207 2557 dula
1235 2534 1327 2569 quam
1361 2521 1447 2555 dedit
1478 2520 1634 2559 Ubertus·‚
1669 2519 1789 2552 vineam
1812 2530 1884 2552 cum

1137 2581 1255 2618 septeni
1278 2570 1455 2611 mansibus3
1475 2568 1648 2617 cappellam
1670 2567 1778 2603 Sancti
1800 2566 1885 2602 Petri

1906 218 1955 245 An.
1977 218 2003 246 C.
2021 219 2089 246 1072

1941 272 2090 293 ,nonasterium

1906 298 1943 319 nub
1959 300 2090 324 protectione

1907 325 1968 346 Sedis
1987 326 2090 351 Apostoli-

1906 358 1945 372 cae
1969 352 2089 379 suscipitur.

1929 479 1986 500 Bona
1996 479 2090 500 eius-lein

1907 508 2054 527 enumerantur
2071 508 2091 527 et

1907 534 2062 554 confirmantur.
