2180 3205
42 203 140 238 An.‘C.
158 211 226 238 tono

599 260 669 297 Xll.

53 352 111 373 Laiei
128 358 168 372 nnn
183 354 224 371 sta-

41 381 75 400 tim
92 385 112 399 iu
127 384 193 398 sari-is
209 385 224 397 ι-

42 405 139 426 nutandi.

301 354 344 390 Ut
368 353 476 389 nullus
497 353 595 389 laicus
616 354 653 389 ad
676 353 849 402 quemlibet
870 354 1003 400 gradum

253 404 501 439 ecclesiasticum
524 412 654 450 repente
677 410 920 451 promoveatur,
944 404 1002 438 nisi

254 453 340 500 prius
358 480 365 494 ,
393 460 513 488 mutato
551 453 660 488 habitu
696 452 861 497 saeculari,
897 452 1003 487 divina

252 502 489 538 consecratione
522 502 602 537 inter
636 502 768 536 clericos
794 501 888 536 suerit
908 514 1004 537 com-

253 551 410 597 probatus.
428 551 492 586 Vos
514 563 589 598 ergo
610 551 688 586 haec
704 558 735 586 et.
749 550 808 585 alia
821 558 1001 586 sanctorum

39 598 223 646 ,fiss‘fflllsstlffifiisst
252 600 380 635 Patrum
420 607 533 636 statuta
571 599 704 635 fideliter
719 627 727 640 ,
763 608 794 635 et
832 600 1001 635 christiana

38 651 221 672 ¹¹⁰⁰*¹‘¹·⁵·¹²*¹'¹¹³¹·
252 649 424 685 reverentia
458 650 641 691 observate,
679 649 706 683 si
741 649 834 684 vultis
876 658 1002 685 sanctae

251 699 413 734 Ecclesiae
435 698 609 739 Romanae,
635 706 666 733 et
687 698 888 744 Apostolicae
909 698 1002 734 Sedis

251 748 326 795 pace
350 756 380 783 ct
402 748 640 789 communione,
662 755 756 794 atque
777 747 1002 784 benedictione

249 805 280 833 et
305 796 504 832 absolutione
529 797 678 843 gaudere.
708 796 828 832 Valete.

592 920 658 955 VII.

253 993 452 1038 Confirmatio
465 994 645 1027 concordiae
662 993 757 1027 initae
768 994 846 1027 inter
856 999 1000 1026 rectorem

298 1044 477 1076 monasterii
497 1043 532 1076 S.
550 1043 662 1080 Pauli,
679 1050 704 1075 ct
720 1043 859 1076 abbatem
888 1043 999 1074 Vindo-

299 1092 457 1129 ct‘nensem,
474 1093 523 1125 cui
536 1093 659 1125 ecclesia
679 1092 713 1125 S.
733 1092 855 1124 Priscae
870 1092 905 1124 dc
922 1092 1000 1124 Urbe

298 1142 496 1174 aclittdicatttr
518 1144 572 1183 (1).
591 1142 676 1182 (Non
690 1142 860 1173 absimilem
878 1152 1000 1173 conces-

298 1190 413 1222 sionem
433 1191 560 1233 leqr'mtts
582 1201 676 1233 supra
692 1191 725 1222 in
745 1191 912 1233 diplomate
933 1190 998 1222 (lat.

302 1250 384 1272 anno
415 1240 519 1278 1065,
536 1238 696 1272 Omnibus
718 1246 766 1272 etc
781 1242 801 1281 ).

516 1306 730 1337 SUMMARIUM

250 1366 417 1397 Exordium.
439 1384 480 1389 —
495 1367 696 1397 Controversia
714 1368 790 1397 inter
805 1367 998 1397 Vindocinen.

289 1407 438 1443 abbatem,
469 1412 496 1436 et
529 1417 721 1437 aeconomum
758 1408 929 1437 monasterii
967 1408 996 1437 S.

288 1446 371 1476 Pauli
391 1448 425 1476 de
447 1447 570 1476 ecclesia
595 1448 622 1477 S.
642 1447 769 1483 Priscae,
791 1456 866 1486 quae
891 1447 999 1477 Vindo-

287 1486 383 1516 cinen.
399 1486 556 1516 abbatibus
574 1486 887 1516 adiudicatur—Cum
910 1496 998 1517 onere

287 1525 493 1556 substentandi
515 1526 625 1556 ibidem
645 1527 811 1563 duodecim,
831 1527 874 1556 vel
893 1527 997 1556 saltem

287 1570 352 1595 octo
371 1567 544 1602 monachos,
563 1570 591 1595 et
609 1567 698 1596 annui
722 1576 838 1600 census,
857 1571 942 1603 prout
969 1567 998 1595 in

286 1606 443 1635 concordia
464 1615 554 1644 super
572 1606 627 1635 hoc
646 1607 771 1636 firmata.
790 1624 829 1628 —
847 1606 998 1635 Ecclesiae

286 1645 421 1675 eiusdem
448 1645 568 1675 libertas
597 1646 631 1675 ab
657 1647 736 1675 ouini
760 1646 857 1677 laicali
882 1646 923 1675 vel
946 1656 997 1675 cc-

286 1685 452 1715 clesiastica
476 1686 621 1722 molestia,
637 1690 777 1724 potestate
796 1690 849 1715 etc.
864 1702 904 1707 —
920 1686 999 1715 Ana-

286 1725 383 1754 thema
402 1729 501 1755 contra
524 1725 756 1755 inobservanteS.

245 1791 396 1820 Alexander
415 1792 555 1828 episcopus
575 1799 669 1821 servus
682 1799 822 1820 servorum
836 1792 891 1825 Dei,
905 1792 998 1820 odrico

291 1836 468 1865 dilectissimo
490 1837 546 1865 filio
565 1837 752 1865 vindocinensi
771 1837 874 1870 abbati,
892 1838 920 1866 et
936 1839 998 1873 post

290 1888 350 1910 eum
366 1882 470 1910 cunctis
483 1882 682 1910 successoribus
695 1882 763 1914 eius,
783 1882 811 1910 in
827 1883 996 1918 perpetuum.

62 1939 181 1961 'mmmm‘
296 1943 453 1979 Convenit
475 1945 650 1992 apostolico
673 1945 891 1985 moderamini,
909 1945 998 1979 iustis

224 1993 453 2041 petitionibus
486 2007 648 2030 assensum
684 1994 852 2041 praebere,
881 2002 911 2028 et
939 1995 998 2041 piis

247 2043 516 2079 admonitionibus
543 2057 669 2079 manum
692 2044 798 2078 auxilii
825 2043 996 2090 porrigere.

247 2091 351 2132 Unde,
374 2093 533 2128 carissime
552 2094 593 2127 lili
617 2093 733 2128 Odrice
758 2093 854 2127 abbas
877 2093 998 2127 Vindo-

247 2142 386 2177 cinensis
420 2143 625 2186 monasterii,
658 2142 805 2189 quoniam
835 2142 938 2188 petis,
965 2150 998 2176 ut

25 2191 222 2238 ’[ἷζῗῖῗζξῇξῑῇξζξζ
247 2192 513 2235 convenientiam,
540 2204 633 2238 quam
656 2204 726 2226 cuin
750 2191 910 2226 carissimo
934 2191 997 2226 lilio

37 2244 222 2296 {fflissmg-Nf'ffi·
248 2248 355 2276 nostro
376 2240 594 2288 Heldiprando
620 2240 844 2276 archidiacono
861 2268 868 2281 ,
904 2248 997 2287 atque

37 2287 222 2345 ggfjssegffiffifflj
247 2290 392 2325 coenobii
405 2290 509 2325 Sancti
520 2289 608 2325 Pauli
620 2302 804 2331 oeconomo,
813 2290 852 2324 de
865 2290 997 2325 ecclesia

39 2339 86 2370 tur?
112 2337 116 2343 “
247 2338 381 2375 Sanctae
411 2339 549 2380 Priscae,
571 2351 650 2387 quae
673 2340 730 2373 sita
757 2348 804 2374 est
831 2339 860 2373 in
890 2346 996 2373 monte

247 2388 421 2434 Aventino,
444 2389 569 2430 fecisti,
604 2389 775 2435 apostolica
812 2388 996 2422 auctoritate

248 2439 651 2479 confirmemuswonvenit
669 2438 751 2471 enirn
777 2439 933 2484 praelatus
961 2437 997 2471 fi-

248 2486 311 2522 lius
324 2495 431 2522 noster
446 2487 693 2535 Heldiprandus,
715 2487 886 2533 Sanctique
906 2486 996 2520 Pauli

264 2553 322 2593 ·(1)
338 2554 376 2580 Ex
395 2553 503 2580 Archiv.
530 2552 702 2580 vindocinen.
724 2552 807 2579 edidit
831 2551 917 2579 Mabil.
945 2551 994 2579 loc.

247 2591 293 2616 cit.
310 2597 336 2615 n.
354 2597 459 2615 Lxxxv.

326 2633 401 2664 Ball.
419 2632 496 2663 Rom.
525 2632 579 2663 Vol.
597 2632 619 2662 1.
637 2640 644 2658 t
820 2632 838 2662 4

72 2085 220 2106 Controversia

38 2114 90 2133 mter
122 2111 221 2132 Vindom-

37 2144 84 2159 nen.
108 2139 221 2161 abbatem,

37 2167 58 2186 et
85 2170 221 2186 oeconomum

900 207 1096 231 ALEXANDER
1118 208 1143 230 l!
1165 208 1213 231 PP.

1708 201 1754 233 25

1049 262 1229 297 monasterii
1254 270 1366 303 rector,
1390 262 1443 297 tibi
1463 263 1587 311 tuisque
1607 265 1803 300 successori-

1048 311 1108 346 bus
1129 311 1376 347 Vindocinensis
1412 313 1592 348 monasterii
1624 314 1802 355 abbatibus,

1048 361 1239 407 praedictam
1255 362 1387 396 Sanctae
1402 362 1530 397 Priscae
1547 362 1712 398 ecelesiam
1728 376 1800 399 cum

1047 410 1197 444 omnibus
1233 411 1297 444 suis
1326 411 1522 456 pertinentiis
1556 412 1586 446 in
1611 420 1800 460 perpetuum

1047 458 1150 505 largiri
1178 459 1215 493 ad
1237 460 1403 504 utendum⁷
1426 460 1608 503 fruendum,
1624 462 1800 509 possiden—

1046 508 1186 555 dumque
1213 508 1364 554 dignitate
1399 509 1563 544 cardinali:
1593 523 1630 545 eo
1658 512 1802 547 videlicet

1047 565 1165 597 tenore,
1189 565 1222 591 ut
1250 558 1289 591 ita
1317 557 1489 604 praefatum
1513 560 1645 594 Sanctae
1674 560 1800 596 Priscae

1047 607 1270 641 :nonasterium
1299 607 1445 642 ordinare
1469 619 1505 642 ac
1533 608 1703 656 disponere
1731 620 1800 645 stu-

1045 656 1131 699 deas,
1155 664 1187 690 nt
1209 668 1335 703 semper
1358 656 1398 690 ibi
1433 656 1470 690 ad
1494 658 1696 692 serviendum
1733 659 1799 695 Deo

1043 705 1223 747 duodecim,
1249 718 1408 752 nunquam
1432 713 1536 740 autem
1573 707 1678 742 minus
1713 717 1796 750 octo,

1044 755 1190 789 monachi
1201 755 1383 801 regulariter
1392 755 1710 791 valeantconversari.
1722 757 1800 792 Pen-

1043 804 1166 838 sionem
1199 816 1295 848 vero,
1331 813 1361 838 et
1388 812 1509 838 caetera
1532 806 1637 839 omnia
1661 807 1743 840 sicut
1766 807 1795 841 in

1043 853 1160 894 charta,
1175 866 1269 900 quam
1288 853 1376 887 vobis
1399 853 1577 900 praedictus
1606 854 1799 902 Heldipran-

1043 902 1103 937 dus
1124 903 1367 937 archidiaconns
1388 914 1423 937 ae
1446 902 1555 937 Sancti
1579 902 1667 938 Pauli
1696 912 1800 939 rector

1042 964 1114 986 cum
1139 952 1367 987 monachorum
1395 951 1503 986 Sancti
1533 951 1634 997 Pauli,
1656 954 1798 1000 generali

1041 1001 1205 1048 capitulo,
1228 1013 1384 1036 consensu
1413 1000 1539 1035 tradidit
1574 1009 1605 1035 et
1640 1002 1797 1045 firmavit,

1042 1051 1231 1091 continetur,
1255 1051 1460 1097 persolvetur.
1484 1049 1568 1095 Ergo
1588 1059 1796 1099 utrarumque

1042 1099 1256 1134 Ecclesiaruni
1291 1100 1455 1134 utilitatem
1498 1099 1528 1133 in
1569 1099 1629 1135 lioc
1668 1102 1797 1147 negotio

1043 1149 1298 1195 perpendentes,
1332 1148 1494 1184 beatorum
1523 1148 1607 1183 Petri
1642 1157 1672 1184 et
1704 1150 1796 1185 Pauli

1042 1198 1220 1244 principum
1244 1197 1461 1245 apostolorum
1484 1198 1679 1240 auctoritate,
1697 1211 1798 1246 prae-

1043 1247 1137 1281 fatum
1150 1247 1283 1282 Sanctae
1296 1247 1422 1282 Priscae
1438 1248 1662 1282 monasterium
1679 1260 1796 1283 secun-

1041 1296 1117 1330 duin
1145 1296 1339 1342 praedictum
1369 1305 1509 1331 tenorem
1537 1309 1609 1330 cum
1644 1298 1794 1332 omnibus

1041 1345 1106 1378 suis
1148 1345 1264 1391 ubique
1306 1345 1506 1392 pertinentiis
1547 1346 1792 1388 confirmamus;

1040 1393 1146 1427 Sancti
1175 1394 1313 1441 Spiritus
1353 1394 1470 1429 iudicio
1497 1393 1728 1436 decernentes,
1762 1404 1796 1431 ut

1041 1443 1146 1477 nullus
1169 1456 1306 1490 unquam
1330 1443 1436 1478 Sancti
1460 1443 1548 1477 Pauli
1568 1444 1675 1485 abbas,
1696 1445 1793 1491 prior,

1041 1492 1086 1526 vel
1109 1493 1296 1537 monachus,
1320 1493 1471 1539 nullaque
1494 1505 1623 1539 prorsus
1641 1494 1795 1529 ecclesia-

1040 1541 1114 1575 stica
1142 1542 1348 1577 saecularisve
1374 1554 1506 1589 persona
1544 1542 1712 1588 infringere
1745 1544 1793 1578 vel

1039 1590 1161 1625 auferre
1173 1591 1228 1625 tibi
1244 1592 1290 1626 vel
1304 1591 1367 1626 tuis
1378 1591 1617 1626 successoribus
1626 1592 1793 1628 abbatibus

1039 1639 1283 1675 Vindocinensis
1300 1641 1479 1676 monasterii
1494 1648 1683 1687 praesumat.
1699 1642 1792 1683 Quod

1039 1690 1091 1735 qui
1108 1690 1225 1731 fecerit,
1243 1691 1300 1725 nisi
1317 1690 1430 1736 dignos
1446 1691 1656 1737 poenitentiae
1672 1691 1792 1727 fructus

1040 1738 1199 1780 exhibeat,
1227 1740 1267 1774 sit
1288 1741 1453 1775 anatliema
1468 1767 1477 1783 ,
1500 1740 1692 1775 maranatha.
1728 1741 1792 1782 Qui

1040 1800 1111 1822 vero
1134 1796 1335 1824 conservator
1361 1797 1391 1824 et
1423 1788 1577 1824 obediens
1599 1790 1792 1836 apostolicae

1039 1838 1214 1872 auctoritati
1242 1838 1345 1879 fuerit,
1380 1838 1601 1873 benedictione
1628 1847 1658 1873 ct
1691 1840 1791 1885 gratia

1039 1887 1265 1934 omnipotentis
1287 1888 1343 1922 Dei
1368 1888 1556 1935 perfruatur,
1575 1895 1606 1922 et
1625 1888 1707 1923 inter
1722 1901 1792 1935 pro-

1039 1948 1130 1983 spera
1153 1937 1293 1980 humilis,
1323 1945 1354 1971 et
1389 1937 1470 1971 inter
1500 1937 1629 1972 adversa
1663 1946 1789 1973 maneat

1039 1997 1181 2025 securus,
1211 1995 1245 2020 ut
1272 1987 1378 2020 divina
1401 1986 1616 2021 misericordia
1639 1988 1791 2028 munitus,

1040 2034 1138 2069 valcat
1159 2047 1215 2082 per
1237 2036 1361 2070 beatum
1386 2035 1512 2070 Petrum
1533 2036 1679 2071 coelestia
1694 2048 1790 2082 regna

1040 2084 1166 2125 intrare,
1190 2092 1219 2119 et
1241 2097 1313 2120 cum
1337 2085 1463 2119 Christo
1485 2086 1514 2119 in
1538 2093 1700 2120 aeternum
1717 2098 1792 2132 gau-

1039 2133 1123 2167 dere.
1146 2133 1306 2180 Scriptum
1323 2147 1378 2182 per
1390 2146 1504 2169 manus
1517 2134 1656 2169 Rainerii
1672 2136 1793 2170 scrina-

1040 2182 1103 2221 rii,
1138 2191 1168 2217 et
1195 2183 1305 2218 notarii
1336 2184 1463 2230 palatii,
1497 2185 1528 2218 in
1556 2196 1664 2218 mense
1692 2184 1791 2226 iulio,

1040 2231 1210 2266 indictione
1246 2241 1364 2279 quarta.
1393 2232 1508 2267 Datum
1548 2232 1693 2267 Laterani
1730 2234 1790 2268 kal.

1040 2280 1105 2313 iulii
1133 2292 1189 2327 per
1226 2293 1338 2316 manus
1373 2281 1457 2316 Petri
1485 2291 1611 2316 sanctae
1645 2294 1793 2317 romanae

1039 2329 1202 2364 Ecclesiae
1220 2330 1406 2365 subdiaconi
1422 2339 1516 2378 atque
1530 2331 1707 2365 cancellarii
1726 2332 1792 2366 vice

1039 2378 1146 2413 domni
1169 2379 1314 2414 Annonis
1326 2379 1528 2414 Coloniensis
1549 2380 1792 2427 archiepiscopi,

1038 2439 1121 2462 anno
1140 2429 1251 2475 quinto
1272 2429 1470 2476 pontificatus
1484 2429 1606 2463 domini
1621 2429 1792 2464 Alexandri

1038 2477 1143 2523 Papae
1165 2478 1310 2519 secundi,
1332 2478 1505 2513 indictione
1521 2486 1642 2525 quarta.

1087 2537 1146 2569 Dat.
1165 2539 1212 2570 die
1231 2540 1324 2579 prima
1344 2540 1408 2570 iulii
1427 2550 1503 2570 anno
1522 2539 1637 2571 Domini
1654 2541 1740 2580 1066,

1203 2588 1305 2628 pontis.
1324 2588 1480 2620 Alexandri
1504 2598 1580 2620 anno
1599 2598 1625 2620 v.

1820 211 1869 238 Λη,
1892 212 1921 238 (2.
1937 211 2004 237 loun

1854 519 1904 539 (tum
1940 524 2003 538 ont-ri·

1818 545 1962 566 Sllllsltmlssntlt
1988 552 2002 564 ι-

1818 572 1888 593 birli-111
1919 572 2003 591 dunile-

1818 605 1865 619 rim.
1882 599 1912 618 vel
1928 599 2002 617 saltem

1818 628 1865 646 0¹11»
1881 625 2003 647 iii-inavlios,

1819 654 1837 671 et
1846 651 1909 671 annui
1921 656 2001 673 census,

1817 680 1877 704 prout
1904 684 1922 697 in
1954 683 2002 697 enn-

1831 704 1903 724 nni-dia
1927 710 1990 729 super

1818 732 1858 752 hoc
1872 731 1961 751 firmata.

1852 1401 1960 1421 Ecclesiae

1817 1427 1911 1449 eiusdem
1940 1428 2001 1448 liber-

1817 1457 1848 1476 1ῦὲ
1859 1455 1886 1475 ab
1898 1454 1954 1474 omni
1965 1454 2001 1474 Iai-

1817 1482 1856 1502 cali
1869 1497 1872 1504 .
1888 1481 1919 1501 vel
1935 1481 2002 1501 eccle-

1816 1508 1905 1528 siastica
1938 1508 2001 1527 mole-

1816 1535 1870 1557 stin.
1894 1536 2001 1560 potestate

1817 1563 1856 1581 etc.

1824 1622 1941 1643 anathema
1952 1628 2001 1643 con-

1815 1650 1848 1696 lg}
1866 1649 2001 1669 inobservan-

2074 648 2085 661 N
