2180 3205
157 262 196 288 An
221 263 250 288 (ἶ.
272 262 337 288 [175

168 323 219 343 butu
230 330 247 341 w
264 323 324 344 elau-

214 354 281 374 sulae.

170 1204 283 1224 Alexandri
300 1202 340 1223 PP.

157 1303 177 1319 et
194 1300 213 1319 zi.
237 1300 258 1320 n.
283 1299 332 1320 Eccl

184 1331 321 1351 ‹ardinalium

158 1362 327 1388 subscriptiones

407 251 475 283 780
933 252 1122 276 aumantium

355 316 562 351 ecclesiastica
598 311 804 348 saecularisve
832 321 986 358 persona,
1025 308 1105 342 banc

354 374 478 400 nostrae
521 361 754 398 constitutionis
793 360 938 407 paginam
979 358 1104 397 sciens,

355 422 461 448 contra
500 425 566 447 eam
596 421 713 445 temere
747 421 852 444 venire
887 415 1104 454 temptaverit,

354 462 493 497 secundo
510 462 639 496 tertiove
654 459 856 498 commonita,
873 458 931 491 uisi
950 468 1107 503 praesum-

354 513 491 558 ptionem
528 523 616 545 snam
652 510 744 555 iligna
778 507 991 542 satisfactione
1029 518 1106 540 cor—

354 561 482 605 rexerit,
516 559 678 606 potestatis
706 558 897 602 honorisque
925 556 971 590 sui
999 555 1106 599 digni-

355 618 416 644 tate
447 618 567 648 careat,
607 619 755 654 reamque
790 619 823 641 se
850 605 957 639 divino
991 604 1105 638 iudicio

353 659 486 693 existere
513 659 552 693 de
579 664 754 704 perpetrata
788 656 952 702 iniquitate
986 665 1106 698 cogno-

353 717 430 748 scat,
453 717 481 742 et
509 720 525 742 a
552 707 764 742 sacratissimo
796 705 936 750 Corpore
966 711 994 738 et
1024 703 1107 737 San-

353 758 448 803 guine
470 757 528 791 Dei
556 765 585 791 ct
613 756 741 790 Domini
767 753 992 801 Redemptoris
1010 752 1104 786 nostri

354 807 423 841 Iesu
447 806 564 841 Christi
586 805 685 839 aliena
710 805 778 847 fiat,
801 813 894 850 atque
916 803 945 836 iu
967 811 1106 836 extremo

354 857 496 891 examine
515 855 671 890 districtae
694 853 806 888 ultioni
833 852 1007 891 suliiaceat;
1033 863 1109 885 cun—

353 907 412 940 ctis
437 914 543 940 autem
566 904 668 939 eidem
692 904 760 938 loco
785 915 839 936 sua
865 902 930 935 iura
953 901 1107 934 serranti-

354 955 414 989 bus
437 956 475 989 sit
499 967 558 1002 pax
585 953 726 988 eiusdem
751 951 882 986 Domini
911 950 1008 984 nostri
1036 949 1106 983 lesu

353 1003 491 1047 Christi,
518 1011 673 1051 quatenus
700 1010 730 1037 et
754 1002 802 1035 hic
837 1000 971 1034 fructum
1008 998 1108 1033 honae

353 1054 486 1088 actionis
522 1053 710 1099 percipiant,
748 1059 778 1085 et
813 1050 894 1096 apud
930 1049 1106 1082 districtum

353 1103 492 1138 Iudicem
518 1102 654 1149 praemia
674 1108 819 1135 aeternae
834 1099 920 1146 pacis
935 1098 1107 1132 inveniant.

356 1153 470 1196 Amen,
492 1164 596 1191 amon,
623 1162 727 1184 amen.

404 1202 475 1237 Eoo
510 1202 716 1235 ALExANDeu
742 1197 915 1234 catholicae
948 1195 1108 1231 Ecclesiae

356 1252 526 1298 episcopus
547 1263 589 1285 ss.

406 1301 472 1347 Ego
494 1300 636 1334 Ubaldus
663 1297 820 1333 Ostiensis
848 1296 1018 1342 episcopus
1040 1307 1082 1328 ss.

406 1350 474 1397 Ego
502 1349 683 1384 Bernardus
705 1347 891 1382 portuensis
926 1353 955 1379 ct
978 1344 1012 1379 S.
1035 1344 1110 1378 Ru-

358 1400 438 1434 linae
465 1400 636 1446 episcopus
657 1410 699 1433 ss.

405 1449 474 1495 Ego
500 1448 682 1483 Gualterius
709 1444 898 1480 Albaneusis
932 1443 1028 1490 episc.
1067 1454 1108 1476 ss.

406 1499 474 1545 Ego
503 1499 546 1532 lo.
583 1498 746 1544 presbyter
773 1493 942 1529 cardinalis
975 1492 1110 1527 Sancto-

357 1565 426 1587 rum
451 1551 576 1586 loannis
607 1559 636 1584 ct
658 1549 749 1584 Pauli
775 1548 818 1582 tit.
848 1546 1042 1581 pammachii
1067 1559 1108 1579 ss.

406 1601 474 1647 Ego
496 1601 540 1635 Io.
570 1600 731 1647 presbyter
761 1596 930 1632 cardinalis
961 1595 1042 1629 tituli
1076 1595 1108 1629 S.

356 1650 539 1685 Anastasiae
565 1662 606 1684 ss.

406 1700 472 1745 Ego
503 1699 695 1733 Guillelmns
734 1696 838 1744 presb.
874 1694 958 1730 card.
992 1693 1037 1728 tit.
1074 1693 1108 1728 S.

358 1749 442 1784 Petri
465 1749 501 1784 ad
526 1747 657 1782 Vincula
685 1759 728 1780 ss.

406 1799 473 1845 Ego
499 1798 583 1833 Boso
606 1796 768 1844 presbyter
789 1793 957 1828 cardinalis
975 1791 1109 1826 Sanctae

358 1848 574 1883 Pudentianae
598 1848 644 1881 tit.
672 1844 811 1880 Pastoris
833 1856 874 1877 ss.

409 1898 475 1943 Ego
502 1895 685 1931 Manfredus
707 1895 786 1929 diac.
810 1892 895 1927 card.
924 1891 956 1926 S.
980 1889 1108 1937 Georgii

358 1947 394 1982 ad
424 1947 536 1981 Velum
560 1946 699 1980 Aureum
727 1956 769 1977 ss.

408 1996 476 2042 Ego
504 1996 616 2030 Petrus
646 1993 806 2042 presbyter
832 1990 999 2026 cardinalis
1027 1989 1109 2023 tituli

358 2046 492 2081 Sanctae
511 2045 676 2080 Susannae
704 2056 745 2077 ss.

409 2095 476 2141 Ego
499 2095 625 2129 Ardicio
644 2093 796 2128 diaconus
815 2089 982 2126 cardinalis
1003 2088 1110 2123 Sancti

359 2145 516 2179 Theodori
536 2157 578 2178 ss.

410 2194 476 2240 Ego
499 2194 625 2228 Cintius
646 2191 799 2226 diaconus
813 2188 980 2224 cardinalis
1004 2186 1110 2222 Sancti

360 2244 489 2278 Adriani
513 2256 554 2277 SS.

410 2293 478 2338 Ego
500 2292 644 2327 Vitellius
666 2290 745 2324 diac.
769 2287 854 2323 card.
883 2287 933 2322 Ss.
957 2286 1060 2333 Sergii
1083 2293 1111 2320 et

361 2341 477 2376 Bacchi
505 2354 548 2376 ss.

411 2391 478 2437 Ego
507 2390 576 2437 Ugo
613 2389 765 2423 diaconus
801 2385 967 2422 cardinalis
1005 2384 1111 2419 Sancti

362 2440 475 2486 Angeli
497 2453 539 2474 ss.

414 2490 483 2535 Ego
504 2489 665 2523 Laborans
701 2487 733 2521 S.
770 2485 884 2519 Mariae
919 2484 951 2518 in
985 2483 1112 2518 Porticu

364 2538 515 2574 diaconus
537 2537 704 2572 cardinalis
730 2548 772 2571 ss.

413 2588 491 2623 Data
523 2586 683 2622 Ferentini
721 2598 774 2632 per
811 2596 937 2618 manum
971 2581 1111 2617 Gratiani

364 2646 490 2673 sanctae
511 2636 673 2671 Romanae
694 2634 853 2670 Ecclesiae
875 2631 1061 2667 subdiaconi
1085 2640 1114 2665 et

1150 250 1311 273 nortmanni
1359 232 1366 237 ’

1149 306 1270 346 notarii,
1301 318 1338 340 ιιι
1373 304 1444 340 idus
1467 304 1580 344 martii,
1604 304 1712 338 indict.
1735 316 1814 348 vni,
1851 304 1902 337 in-

1148 355 1338 390 carnationis
1354 354 1531 389 dominicae
1553 365 1636 388 anno
1657 365 1803 392 mccxxv,
1825 364 1902 399 pou-

1148 405 1282 440 tilicatns
1305 416 1377 439 vero
1399 403 1507 438 domui
1533 402 1705 437 Alexandri
1727 402 1831 449 Papae
1860 401 1900 435 ΙΙΙ

1148 466 1231 489 anno
1254 465 1319 488 xvi.
1827 472 1830 474 .

1197 511 1258 542 Dat.
1281 511 1328 540 die
1352 510 1388 540 13
1407 509 1502 539 martii
1526 518 1602 539 anno
1624 508 1740 538 Domini
1766 507 1852 545 1175,

1387 555 1487 595 pontis.
1507 564 1583 583 anno
1602 562 1657 583 xvi.

1455 729 1592 765 LXXX.

1173 804 1366 849 Approbctti'o
1392 804 1526 836 instituti
1549 803 1680 836 'militiae
1706 804 1741 836 S.
1774 802 1879 835 lacobi

1295 854 1332 886 de
1357 853 1478 898 Spatlzcz
1503 853 1536 885 in
1561 853 1726 896 Hispania.

1416 925 1632 956 SUMMARIUM

1149 990 1340 1020 Prooemium.
1357 1006 1397 1011 —
1418 988 1517 1018 Militia
1541 988 1569 1017 S.
1594 987 1691 1018 lacobi
1714 988 1742 1017 in
1761 987 1903 1027 Hispania

1189 1035 1329 1064 instituta.
1344 1050 1384 1055 —
1398 1033 1489 1063 Cuius
1508 1034 1660 1063 historiam
1674 1033 1906 1063 institutionem-

1189 1090 1246 1119 que
1269 1083 1395 1108 enarrat.
1426 1095 1466 1100 -—
1496 1077 1625 1116 Magistri
1649 1087 1751 1116 preces
1774 1078 1810 1107 ad
1832 1078 1903 1108 Ale-

1191 1124 1332 1153 xandrum
1356 1122 1409 1152 PP.
1442 1127 1472 1152 ut
1497 1132 1601 1152 recens
1633 1123 1766 1152 instituta
1799 1122 1904 1152 militia

1191 1170 1262 1198 haec
1286 1169 1314 1197 in
1334 1168 1379 1197 ius
1399 1171 1426 1196 et
1449 1167 1656 1206 proprietatem
1677 1165 1762 1196 Sedis
1778 1165 1905 1204 Aposto-

1191 1213 1264 1242 licae
1283 1212 1476 1250 reciperetur.
1497 1228 1537 1233 —
1558 1210 1627 1240 Eam
1657 1210 1712 1240 PP.
1731 1211 1904 1248 coufirmat,

1191 1263 1219 1287 et
1241 1258 1330 1287 hocce
1354 1257 1442 1286 donat
1461 1256 1629 1295 diplomate.
1650 1272 1690 1277 —
1706 1254 1785 1284 Bona
1805 1255 1902 1285 omnia

1191 1302 1218 1332 ei
1236 1302 1399 1331 confirmat.
1417 1317 1456 1322 —
1472 1299 1520 1329 Eis
1539 1300 1674 1329 concedit
1692 1300 1721 1329 in
1741 1299 1904 1339 proprieta-

1193 1352 1248 1376 tem
1281 1345 1425 1385 quidquid
1458 1344 1492 1373 [le
1521 1343 1735 1373 Saracenorum
1765 1343 1903 1373 manibus

1191 1391 1354 1429 acquirent.
1385 1406 1424 1412 —
1455 1388 1567 1418 Statuta
1591 1388 1714 1418 militiae
1736 1388 1903 1418 confirmat:

1191 1446 1223 1465 ac
1247 1435 1340 1474 primo
1359 1435 1394 1464 tle
1412 1433 1580 1463 obedientia
1603 1441 1655 1472 per
1678 1432 1786 1462 milites
1806 1433 1903 1470 magi-

1191 1485 1250 1510 stro
1269 1478 1454 1519 praestanda.
1481 1494 1522 1499 —
1542 1477 1658 1512 Milites
1686 1485 1720 1506 ac
1743 1476 1903 1514 mulieres,

1191 1525 1240 1564 qui
1258 1524 1313 1553 sub
1333 1533 1365 1553 ca
1382 1527 1459 1559 sunt,
1478 1523 1542 1551 sine
1559 1521 1692 1559 magistri
1711 1521 1828 1550 licentia
1849 1530 1906 1550 nu—

1193 1570 1260 1598 bere
1280 1578 1336 1598 non
1361 1568 1484 1607 possint,
1505 1583 1545 1588 —
1570 1565 1629 1595 Nec
1652 1566 1687 1594 ad
1710 1565 1800 1594 alium
1825 1565 1906 1595 ordi-

1192 1624 1258 1643 nem
1292 1613 1428 1642 transire.
1464 1628 1504 1634 —
1534 1610 1574 1640 De
1606 1610 1736 1648 generali
1774 1610 1904 1650 capitulo

1191 1657 1317 1695 singulis
1346 1656 1477 1694 cogendo
1503 1655 1609 1691 annis,
1643 1671 1683 1676 —
1711 1654 1750 1684 De
1778 1663 1904 1684 numero

1193 1703 1315 1732 fratrum
1335 1709 1386 1740 pro
1423 1699 1566 1729 electione
1598 1698 1748 1735 magistri:
1794 1715 1834 1721 —
1864 1698 1906 1728 Ex

1192 1747 1237 1777 his
1268 1754 1335 1775 vero
1362 1744 1442 1784 prior
1476 1743 1600 1773 caeteris
1635 1752 1762 1781 praeesse
1799 1742 1906 1773 debeat

1192 1791 1255 1821 loco
1282 1789 1426 1828 magistri.
1453 1804 1493 1810 —
1519 1786 1559 1816 De
1587 1787 1674 1816 modo
1693 1786 1826 1824 magistri
1848 1787 1906 1816 eti-

1192 1836 1291 1874 genili.
1314 1852 1354 1857 —
1378 1833 1550 1863 Tresdecim
1575 1831 1714 1861 fratribus
1741 1841 1807 1861 cum
1825 1832 1905 1871 prio-

1192 1890 1223 1910 re
1239 1904 1246 1916 ,
1285 1880 1334 1918 qui
1368 1878 1508 1916 magistro
1547 1885 1664 1916 semper
1702 1875 1807 1905 adesse
1847 1876 1903 1906 de-

1191 1925 1288 1960 beant,
1305 1928 1432 1962 potestas
1451 1922 1623 1952 conceditur
1640 1930 1707 1951 eum
1727 1921 1905 1959 deponendi,

1193 1971 1287 2009 deque
1303 1968 1366 1998 eius
1386 1967 1518 1997 moribus
1542 1966 1726 2006 inquirendi,
1753 1970 1780 1995 et
1806 1965 1904 1995 causis

1192 2013 1400 2052 cognoscendi.
1424 2029 1461 2034 —
1483 2011 1546 2047 Quo
1568 2011 1642 2040 bella
1663 2014 1763 2040 contra
1782 2008 1904 2040 Sarace-

1192 2068 1245 2088 nos
1257 2058 1383 2088 debeant
1405 2057 1567 2086 intendere.
1583 2072 1623 2077 —
1637 2054 1676 2083 De
1695 2053 1905 2091 visitatoribus,

1193 2112 1354 2141 eorumque
1370 2102 1475 2131 officio.
1494 2118 1529 2121 —
1542 2099 1581 2129 De
1597 2099 1724 2133 clericis
1742 2107 1905 2137 eorumque

1192 2147 1345 2176 institutis.
1361 2162 1401 2167 —
1422 2144 1462 2174 Dc
1484 2144 1670 2182 eleemosyna
1702 2143 1794 2181 magis
1823 2143 1904 2173 indi-

1193 2191 1329 2230 gentibus
1350 2199 1402 2229 per
1420 2189 1591 2227 magistrum
1612 2187 1731 2227 provide
1754 2186 1904 2217 submini-

1194 2235 1324 2265 stranda.
1342 2251 1382 2256 —
1398 2232 1438 2263 De
1458 2232 1664 2271 hospitalitate.
1681 2249 1722 2254 —
1737 2231 1905 2261 Exhortatio

1194 2279 1330 2318 adjopera
1344 2278 1566 2309 misericordiae
1589 2287 1656 2315 erga
1676 2278 1849 2316 proximum.
1866 2294 1906 2300 --

1193 2324 1232 2353 De
1265 2323 1485 2363 episcopatibus
1515 2322 1719 2359 instituendis,
1742 2321 1792 2351 ubi
1822 2322 1904 2360 prius

1193 2368 1326 2407 episcopi
1345 2367 1469 2396 fucrant.
1485 2384 1525 2388 —
1538 2366 1688 2396 Ecclesiae
1711 2366 1905 2405 parochiales,

1194 2422 1269 2452 quae
1291 2421 1306 2441 a
1340 2411 1483 2441 militibus
1506 2410 1638 2440 construi
1667 2410 1842 2448 contigerit,
1868 2409 1904 2440 ab

1194 2457 1326 2497 episcopi
1344 2456 1485 2486 ordinarii
1504 2455 1710 2486 iurisdictione
1728 2455 1906 2485 eximuntur.

1193 2519 1233 2524 —
1250 2501 1451 2539 Privilegium,
1469 2509 1505 2530 ne
1524 2510 1537 2529 a
1558 2508 1706 2539 quoquam
1730 2503 1846 2537 praeter
1863 2498 1907 2528 le-

1196 2551 1294 2585 gatum
1321 2544 1508 2584 Apostolicae
1530 2543 1616 2574 Sedis
1648 2543 1763 2582 possint
1789 2551 1906 2572 excom-

1195 2590 1352 2622 municari.
1367 2606 1407 2612 —-
1428 2588 1608 2619 Dioecesano
1630 2596 1697 2617 vero
1716 2587 1854 2625 episcopo
1874 2586 1905 2615 in

1195 2637 1243 2674 iis,
1253 2644 1328 2675 quae
1340 2633 1491 2673 dignitatis
1510 2637 1589 2671 sunt,
1605 2632 1723 2662 omnino
1739 2630 1905 2661 subiiciun-

1920 247 1966 273 λα.
1984 247 2014 273 G.
2030 246 2096 274 ¹175
