2180 3205
20 220 90 250 An.
103 220 132 248 C.
153 221 220 248 ¹175

9 299 16 305 .
50 273 321 331 Arcbnnnndffffllmtas
349 287 509 310 remanere
534 288 712 311 censemus.
741 276 888 312 Obeunte
911 291 982 313 vero

10 311 178 368 {Rideam-¹¹⁰(
197 317 220 332 ⁰
235 331 276 364 te,
300 336 383 359 nuuc
411 325 552 359 eiusdem
575 326 633 361 loci
653 320 912 368 archimandrita,
936 328 980 362 vet

233 380 358 407 tuorum
387 373 528 420 quolibet
553 387 785 418 successorum,
808 376 913 410 nullus
942 377 981 411 ibi

233 421 372 468 qualibet
394 423 610 469 subreptionis
636 424 746 459 astutia
766 437 820 459 scu
836 425 980 460 violentia

233 480 454 518 praeponatur,
471 473 530 507 nisi
553 484 646 519 quem
670 473 780 508 fratres
803 475 980 509 monasterii

231 521 392 554 communi
429 533 604 577 consensu,
639 522 685 557 vel
724 522 853 557 fratrum
884 524 983 558 maior

232 580 303 615 pars
330 570 452 604 consilii
476 571 622 610 sanioris
657 572 831 606 secundum
855 572 911 607 Dei
944 573 982 607 ti-

232 629 364 661 morem
386 626 416 652 et
439 620 619 654 monasterii
636 621 772 664 regulam
797 621 835 655 de
857 634 889 656 se
907 622 982 668 ipsis

46 659 160 714 Ἇξξξξζᾞ
168 667 218 719 'uma'
232 667 424 712 proiitleiint
450 668 642 714 eligendum.
667 669 875 705 Decernimus
897 683 981 715 er,go

31 698 217 750 ‘mqueexiernn
231 729 264 756 ut
285 721 361 756 nulli
389 722 517 756 omnino
541 722 704 757 hominum
730 724 830 767 liceat
853 725 983 771 praesa—

32 751 139 776 noto-tm
230 783 294 810 tum
324 775 547 809 monasterium
572 783 689 810 temere
712 777 904 824 perturbare,
930 786 982 812 aut

229 829 299 864 eius
322 828 539 876 possessiones
560 829 693 872 auferre,
723 830 767 864 rel
796 831 913 865 ablatas
933 843 983 866 re-

231 881 340 922 tinere,
369 882 524 922 minuere,
546 895 603 917 scu
626 883 821 929 quibuslibet
849 884 984 918 vexatio-

228 935 323 970 nibus
338 935 484 980 satigare;
499 935 555 970 sed
571 935 685 970 illibata
700 937 804 970 omnia
819 944 849 971 et
864 936 982 982 integra

228 997 463 1029 conserventur,
486 1001 609 1034 eorum,
637 1002 693 1037 pro
712 1003 846 1037 quorum
867 990 983 1036 guber-

228 1045 354 1080 natione
375 1055 410 1077 ac
438 1042 688 1078 substentatione
715 1056 863 1078 concessa
891 1052 982 1083 sunt,

229 1098 339 1132 usibus
361 1096 554 1132 omnimodis
579 1097 760 1144 profutura:
789 1097 870 1132 salva
891 1097 984 1132 Sedis

228 1151 431 1198 Apostolicae
470 1151 674 1193 auctoritate,
708 1159 739 1186 et
771 1151 984 1186 Messanensis

228 1204 471 1252 archiepiscopi,
503 1204 584 1239 sicut
606 1205 822 1252 supradictum
845 1213 904 1246 est,
927 1217 985 1239 an-

230 1271 295 1294 nuo
321 1270 430 1293 censu.
458 1257 491 1292 Si
515 1270 575 1305 qua
599 1258 694 1304 igitur
719 1258 749 1292 in
778 1257 916 1292 futurum
937 1271 986 1293 ec-

229 1311 402 1348 clesiastica
418 1312 626 1346 saecularisve
644 1324 794 1359 persona,
811 1313 985 1359 praesentis

228 1365 461 1402 constitutionis
487 1366 632 1412 paginam
655 1365 770 1405 sciens,
792 1372 899 1399 contra
917 1377 984 1399 eam

229 1428 347 1455 temere
375 1419 480 1453 venire
513 1418 722 1466 temptaverit,
749 1418 889 1453 secundo
924 1427 986 1452 ter-

228 1473 310 1509 tiove
347 1472 560 1516 commonita,
597 1472 655 1507 nisi
696 1472 984 1519 praesumptionem

228 1539 317 1562 suam
336 1527 430 1573 digna
455 1525 668 1561 satisfactione
685 1526 873 1569 correxerit,
898 1534 988 1572 pote-

229 1581 318 1616 statis
354 1579 549 1626 honorisque
590 1579 637 1614 sui
672 1579 824 1625 dignitate
864 1586 986 1618 careat,

230 1646 379 1681 reamque
411 1645 446 1667 se
479 1632 587 1667 divino
630 1632 749 1666 iudicio
783 1632 916 1666 existere
948 1631 987 1666 de

229 1692 408 1736 perpetrata
458 1686 624 1733 iniquitate
667 1694 856 1731 cognoscat,
903 1693 934 1720 et
971 1698 987 1720 a

230 1742 443 1777 sacratissimo
465 1740 608 1787 Corpore
634 1748 664 1774 et
691 1740 854 1786 Sanguine
875 1739 933 1773 Dei
958 1748 987 1774 et

231 1795 359 1830 Domini
392 1794 616 1840 Redemptoris
651 1794 748 1828 nostri
776 1793 846 1827 Iesu
869 1791 986 1828 Christi

231 1849 332 1884 aliena
374 1848 441 1887 fiai,
476 1856 572 1894 atque
606 1847 635 1881 in
668 1855 810 1882 extremo
845 1847 988 1881 examine

231 1902 392 1937 districtae
407 1899 520 1936 ultioni
543 1900 712 1935 subiaceat.
737 1900 870 1935 Cunctis
885 1908 987 1935 antem

231 1955 334 1991 eidem
364 1954 435 1990 loco
464 1967 518 1989 sna
548 1955 614 1989 iura
643 1954 838 1989 servantibus
867 1954 906 1988 sit
930 1966 989 2001 pax

231 2009 361 2045 Domini
389 2009 487 2044 nostri
515 2008 585 2043 lesu
613 2007 754 2049 Christi,
781 2015 937 2055 quatenus
959 2015 989 2042 et

233 2063 286 2098 hic
307 2062 443 2097 fructum
472 2061 572 2096 bonae
594 2062 728 2097 actionis
751 2062 937 2108 percipiant,
959 2069 988 2096 et

233 2116 318 2164 apud
350 2115 530 2150 districtum
565 2115 703 2149 Iudicem
727 2114 864 2162 praemia
887 2122 989 2149 aeter-

233 2182 293 2205 nae
320 2170 405 2216 pacis
428 2169 598 2203 invtniant.
621 2169 735 2209 Amen,
758 2180 863 2206 amen,
884 2180 987 2203 amen.

282 2223 399 2258 Datum
426 2222 591 2269 Anagniae
615 2235 669 2269 per
699 2235 826 2257 manum
849 2222 987 2257 Gratiani

234 2285 361 2312 sanctae
382 2276 544 2312 Romanae
565 2276 727 2311 Ecclesiae
754 2276 936 2311 subdiaconi
959 2284 989 2311 et

235 2331 361 2375 notarii,
378 2343 430 2366 xiv
447 2329 596 2366 kalendas
610 2329 802 2370 novembris,
821 2329 928 2364 indict.
944 2342 988 2375 lx,

235 2384 460 2420 incarnationis
498 2384 674 2418 dominicae
712 2395 794 2418 anno
837 2395 987 2424 mccxxv,

236 2437 437 2486 pontificatus
458 2450 532 2473 vero
547 2437 656 2472 domni
678 2437 848 2472 Alexandri
868 2437 930 2471 PP.
948 2437 989 2471 tlt

235 2503 319 2527 anno
340 2504 416 2526 xvii.

271 2548 335 2578 Dat.
358 2549 405 2579 die
425 2549 461 2579 19
483 2548 612 2578 octobris
635 2557 711 2578 anno
729 2548 844 2579 Domini
868 2549 953 2585 1175,

472 2598 574 2638 pontis.
596 2607 672 2627 anno
691 2606 757 2628 xvn.

45 1257 126 1282 Satine
149 1265 204 1281 enn-

68 1289 183 1313 elmiones.

828 225 910 248 ALnx
915 225 1021 248 axnntt
1045 226 1080 248 111
1106 226 1154 249 1¹1¹.

1657 215 1724 248 787
1789 223 1840 250 An.
1855 223 1885 251 C.
1905 223 1973 251 ¹¹70

1322 279 1482 314 Lxxxtt.

1025 352 1229 395 l’riuileqi'um
1263 351 1507 395 confirmationis
1545 352 1695 384 bonorum
1731 356 1774 383 at·

1071 412 1128 443 qne
1170 401 1399 433 immunitatum
1442 401 1622 433 inonaslert'i
1665 400 1776 433 Vallis-

1075 449 1238 483 Umbrosac
1260 452 1285 491 (l
1298 453 1316 482 l.

1293 517 1507 548 St'tttttnttttt

1024 570 1190 599 Exordium.
1219 587 1258 592 —
1280 570 1488 600 nonasterium
1513 569 1567 599 sub
1595 569 1775 608 protectione

1064 614 1148 643 Sedis
1168 615 1353 654 Apostolirae
1373 614 1484 652 recipit.
1511 631 1550 635 —
1576 613 1652 643 Bona
1677 614 1774 643 omnia

1062 659 1087 687 ei
1103 660 1264 693 t-(uifirmat,
1288 663 1343 687 tani
1361 659 1523 696 praesentia
1543 668 1629 697 quam
1650 659 1678 687 in
1697 658 1776 688 sutu-

1062 712 1125 731 rtnn
1146 704 1334 742 acquirenda:
1366 720 1404 724 —
1434 702 1563 737 Quorum
1591 702 1689 741 aliqua
1722 712 1776 731 no-

1063 747 1154 775 minat
1187 747 1313 786 propriis
1347 747 1507 776 vocabulis.
1538 763 1578 768 —
1611 746 1775 776 Nonnuttas

1063 791 1261 828 exemptiones
1291 792 1434 825 concedit,
1453 796 1539 829 atque
1565 791 1775 820 immunitates.

1061 851 1101 855 —
1121 834 1363 864 Monastcriorum
1384 835 1584 864 subiectorum
1608 840 1694 873 caput
1710 834 1777 864 Val-

1064 878 1327 907 lisumbrosanum.
1342 895 1382 900 —
1397 878 1517 907 Abbatis
1535 878 1707 908 electionem
1726 887 1777 916 per

1063 927 1195 951 caeteros
1213 927 1338 951 monast.
1355 922 1476 951 abbates
1491 923 1551 952 [ieri
1573 922 1723 961 praecipit.
1737 939 1777 944 —

1065 966 1172 996 Solitae
1192 967 1406 996 conclusiones,
1428 984 1467 988 —
1488 967 1645 996 Alexandri
1668 966 1721 996 1³1³.
1749 971 1777 996 et

1063 1011 1091 1040 S.
1113 1010 1143 1039 tt.
1167 1010 1243 1039 Eccl.
1267 1011 1461 1040 cardinalium
1482 1011 1726 1049 subscriptiones.

1024 1071 1155 1101 Alexander
1181 1072 1300 1110 episcopus
1317 1081 1394 1100 serius
1408 1081 1523 1101 serrorum
1546 1071 1597 1110 Dei,
1617 1072 1708 1102 dilectis
1723 1072 1777 1102 liliis

1064 1116 1147 1145 lacobo
1170 1116 1382 1146 l'aliistuulirosauo
1394 1116 1482 1154 abbati,
1498 1117 1593 1155 eiusque
1609 1116 1715 1146 iratribus
1730 1121 1776 1146 tant

1063 1160 1222 1199 praesentibus
1244 1170 1312 1199 quain
1335 1161 1415 1191 laturis
1430 1162 1562 1201 regularem
1577 1162 1646 1191 vitain
1662 1160 1777 1200 professis,

1065 1207 1087 1235 in
1114 1209 1260 1244 perpetuum.

1074 1268 1286 1311 Desiderium,
1309 1267 1392 1314 quod
1416 1268 1452 1302 ad
1477 1267 1639 1313 religionis
1661 1280 1778 1314 propo-

1026 1317 1133 1361 situm,
1174 1326 1204 1351 et
1238 1318 1413 1352 animarum
1452 1318 1583 1351 salutem
1622 1317 1777 1363 pertinere

1026 1367 1232 1412 dignoscitur,
1254 1374 1381 1401 auctore
1405 1366 1552 1407 Domino,
1580 1367 1648 1400 sine
1675 1367 1778 1412 aliqua

1027 1424 1073 1449 est
1113 1415 1262 1449 dilatione
1302 1416 1536 1462 complendum.
1573 1415 1653 1457 Quia
1682 1415 1778 1461 igitur

1029 1465 1223 1511 propositum
1248 1472 1402 1503 vestrum,
1430 1464 1534 1499 divina
1563 1473 1722 1511 praeeunte
1741 1476 1777 1499 ac

1027 1513 1119 1547 subs
1116 1521 1239 1560 quente
1269 1513 1447 1557 clementia,
1475 1514 1636 1560 religionis
1658 1521 1777 1548 vestrae

1028 1563 1214 1609 simplicitas
1230 1563 1329 1597 bonae
1349 1563 1508 1609 opinionis
1523 1541 1619 1598 obdere
1635 1571 1664 1598 et
1680 1575 1778 1610 prope

1029 1620 1059 1646 et
1086 1613 1178 1658 longe
1204 1612 1313 1658 positis
1335 1612 1496 1658 aspiraxit‚
1518 1625 1576 1647 nos
1592 1620 1692 1647 vestro
1711 1624 1778 1659 pro

1030 1661 1143 1701 vectui
1171 1669 1330 1696 annuente
1351 1661 1500 1706 Domum,
1529 1670 1693 1709 protectus
1721 1661 1778 1695 ad-

1031 1711 1159 1756 iungere
1185 1711 1367 1757 cupientes
1394 1710 1430 1744 ad
1459 1711 1619 1758 exemplar
1646 1710 1778 1758 praede-

1029 1771 1188 1794 cessorum
1212 1767 1392 1794 nostrorum
1416 1759 1515 1794 felicis
1539 1761 1707 1795 memoriae
1724 1759 1780 1793 Pa-

1029 1808 1145 1843 schalis
1177 1816 1208 1843 et
1235 1809 1377 1849 Adriani,
1404 1808 1618 1844 Romanoium
1642 1809 1778 1844 Pontifi-

1029 1870 1121 1899 cum⁷
1161 1857 1350 1892 coenobium
1395 1866 1531 1892 restrum
1570 1871 1626 1905 pro
1670 1858 1779 1893 beatae

1029 1907 1144 1941 Mariae
1172 1919 1297 1954 semper
1330 1906 1470 1952 Virginis
1497 1907 1692 1949 reverentia,
1727 1908 1778 1942 cui

1030 1956 1166 1990 dicatum
1195 1964 1253 1995 est
1281 1957 1310 1990 in
1338 1956 1500 1991 Romanae
1519 1957 1680 1991 Ecclesiae
1697 1969 1779 2003 pro-

1031 2005 1193 2051 prietatem
1228 2012 1258 2039 et
1285 2006 1411 2039 tutelam
1435 2013 1528 2060 atque
1551 2006 1776 2052 protectionem
1804 2020 1954 2042 monasterium

1029 2054 1228 2100 Apostolicae
1249 2054 1343 2089 Sedis
1365 2054 1569 2100 suscipimus
1591 2062 1622 2089 et
1642 2063 1777 2102 aposto·
1790 2052 1977 2108 ξζζξῐᾝξοῗζῖξῖ

1030 2103 1107 2137 licae
1131 2103 1207 2137 illud
1235 2103 1426 2138 auctoritatis
1453 2104 1613 2158 pritilegio
1636 2104 1776 2138 munien·
1790 2118 1828 2134 cae
1844 2113 1928 2139 recena

1030 2160 1093 2193 tes,
1115 2152 1154 2186 ab
1177 2152 1317 2186 omnium
1335 2165 1537 2199 personarum
1554 2153 1627 2199 iugo
1641 2153 1777 2188 liberum

1030 2213 1215 2248 permanere
1239 2201 1455 2242 decernimus3
1487 2202 1519 2236 in
1547 2203 1655 2249 primis
1676 2203 1779 2249 siqui-

1030 2251 1100 2284 dem
1123 2258 1312 2291 statuentes,
1337 2258 1370 2284 ut
1391 2251 1468 2285 oido
1490 2252 1697 2294 monasticus,
1724 2251 1778 2298 qui

1030 2299 1147 2334 ibidem
1174 2300 1350 2334 secundum
1378 2299 1492 2341 Deum,
1520 2309 1548 2334 et
1571 2300 1652 2335 beati
1672 2301 1780 2336 Bene-

1029 2348 1103 2383 dicti
1126 2348 1264 2394 regulam
1290 2349 1431 2383 noscitur
1457 2349 1637 2391 institutus,
1666 2362 1780 2397 perpe-

1030 2399 1092 2432 tuis
1119 2397 1317 2444 temporibus
1340 2397 1560 2433 inviolabiliter
1582 2399 1778 2434 observ.etur

1029 2447 1192 2481 Praeterea
1209 2459 1424 2501 quascumque
1441 2448 1667 2493 possessiones,
1689 2461 1779 2495 quae·
1806 2460 1976 2481 Bounomntaet

1030 2508 1165 2543 cumque
1187 2495 1267 2530 bona
1291 2508 1351 2530 iam
1374 2496 1492 2531 dictum
1519 2497 1730 2532 coenobium*
1724 2510 1781 2532 im—
1793 2492 1910 2516 ⁰⁰⁰¹³¹¹¹¹³¹¹
1935 2494 1976 2510 ¹¹¹¹

1824 2522 1948 2549 praesentia

1065 2561 1102 2596 (l)
1120 2561 1157 2587 Ex
1175 2561 1304 2587 tabulario
1329 2565 1442 2588 monast.
1463 2561 1542 2589 huius
1567 2562 1648 2589 edidit
1664 2563 1778 2597 Ughell.‚

1032 2601 1086 2627 ltal.
1104 2601 1176 2634 Suc„
1194 2605 1257 2628 tom.
1276 2609 1316 2634 ιιι,
1332 2601 1375 2627 ubi
1392 2601 1424 2628 (le
1441 2601 1561 2629 Fesulan.
1579 2604 1719 2638 episcopis.

1823 1283 1944 1305 Exordium.
