2180 3205
173 228 222 258 An.
244 229 273 257 C.
289 230 359 259 1135

186 282 329 310 Data1raepo
332 285 358 304 si-

172 313 192 329 tu
203 312 224 329 to
228 311 262 330 tat·
259 317 313 330 ituri
309 311 358 331 isdi-

171 336 213 355 ctio
202 342 240 356 one
257 337 298 357 inc

172 368 194 381 ro
183 368 205 382 s
221 368 266 383 can
270 364 310 383 nic

179 957 300 978 ties-emtis
320 961 349 978 ta-

164 990 211 1003 men
239 985 279 1004 sibi
311 985 350 1010 ipsi

165 1013 265 1036 tamqnan
294 1011 349 1031 ordi

164 1042 224 1057 nartfi
240 1043 306 1057 ἑὸιἾΊέ
318 1044 340 1057 ΟΙ“

165 1063 322 1084 rimationibus:

175 1306 198 1326 Et
215 1312 261 1327 rum
275 1307 347 1327 decre—

162 1335 189 1354 tu.
205 1336 226 1353 ιιι
249 1339 309 1353 nemo
325 1340 347 1353 a-

162 1360 200 1379 tiu<
220 1360 346 1380 iurisdictio-

161 1391 208 1405 nem
240 1387 302 1406 nllani
326 1387 346 1406 ιιι

161 1418 216 1432 nova
252 1412 345 1433 litu-lena

161 1438 201 1458 sibi
220 1439 317 1459 vinti-m.

187 1641 243 1662 Haec
275 1643 343 1662 omnia

160 1669 285 1695 confirmans
314 1669 345 1689 ln-

158 1696 268 1715 nocentius
303 1695 343 1716 Pl'.

158 1722 274 1747 apostolico
302 1728 344 1742 mn·

159 1749 187 1767 nit
203 1749 244 1773 prix
251 1748 321 1773 ilegin.

154 2483 235 2503 solitae
256 2482 339 2503 clausu·

154 2510 194 2530 lae.

434 218 504 253 <too

386 284 506 338 addito,
529 282 628 329 utqui
647 281 787 316 habitum
813 280 973 326 .eligionis
995 281 1137 323 induere,

301 340 358 381 ³5¹⁹
384 341 414 367 et
437 333 465 367 in
494 332 605 367 eodem
628 331 697 365 loco
732 329 800 364 Deo
828 330 963 365 militare
989 330 1138 366 decreve-

384 382 457 421 tint,
481 394 496 414 a
525 379 702 427 praeposito
729 379 884 414 ecclesiae
907 379 1014 414 Sancti
1033 380 1136 415 Anto—

385 430 464 469 nini,
481 429 528 464 vel
543 429 582 463 ab
603 429 673 463 eius
686 428 844 468 fratribus,
868 428 892 462 si
908 428 974 476 ipse
989 428 1135 473 defuerit,

382 479 420 513 ad
449 477 671 525 suscipiendos
703 489 810 512 sacros
837 477 964 512 ordines
992 490 1134 525 congruo

381 536 525 574 tempore
549 539 604 574 pro
631 526 741 561 eodem
770 526 956 562 Placentino
982 528 1133 575 episcopo

382 584 632 623 praesententur.
661 575 754 617 Quod
783 576 807 610 si
836 577 969 611 clericus
1009 585 1061 611 aut
1082 589 1132 611 sa—

379 625 491 660 cerdos
513 625 654 660 eiusdem
691 625 761 668 loci,
791 625 890 672 culpis
920 625 1130 672 exigentibus,

378 674 471 709 fuerit
489 675 707 720 corrigendus,
727 674 917 721 competenti
932 676 1130 722 regularique

377 723 545 770 disciplina
567 724 606 758 ab
631 723 742 758 eodem
777 724 955 770 praeposito
989 724 1035 758 vel
1063 725 1130 758 eius

376 772 524 807 fratribus
550 773 734 818 corrigatur.
770 772 802 807 Si
832 785 903 807 vero
925 785 1020 819 saepe
1041 785 1130 808 com-

375 822 527 863 monitus,
557 821 784 868 incorrigibilis
811 823 1004 868 apparuerit,
1041 831 1128 856 tam—

375 883 469 926 quam
500 870 620 905 inutilis
646 879 676 905 et
699 870 885 905 inobediens
918 883 972 917 pei
998 871 1126 906 eosdem

375 920 476 965 ipsius
497 920 556 955 loci
580 919 733 954 beneficio
755 927 784 953 et
800 920 962 954 mansione
979 920 1039 974 pri
1033 928 1125 954 etm

373 968 488 1004 Oleum
511 981 640 1016 quoque
654 968 844 1003 etChrisma
872 981 887 1002 a
916 969 1043 1003 matrice
1065 968 1127 1003 Ec—

343 1018 468 1053 clesia
494 1018 622 1066 praefati
646 1017 705 1052 loci
733 1017 880 1052 sacerdos
902 1018 1045 1064 accipiat.
1068 1018 1126 1052 De-

374 1068 472 1102 cimas
498 1076 619 1106 autem,
646 1067 684 1101 ad
720 1066 844 1113 plebem
873 1067 911 1101 de
938 1066 1123 1114 Sparovaria

371 1117 579 1163 pertinentes
608 1116 790 1150 nullatenus
803 1128 964 1170 ‘usurpare
996 1128 1125 1163 praesu-

373 1174 448 1200 mat.
485 1165 618 1212 Insuper
644 1166 750 1208 etiam
785 1165 810 1199 si
837 1165 908 1211 quis
943 1165 982 1199 de
1013 1165 1122 1204 eadem

371 1215 445 1249 villa
468 1214 669 1250 devotionem
692 1226 780 1248 suam
804 1214 833 1247 in
856 1213 1049 1260 quibuslibet
1076 1215 1124 1248 ei-

372 1263 445 1298 dem
481 1263 564 1310 plebi
605 1263 752 1298 iudicatis
787 1263 934 1297 exhibere
970 1262 1122 1307 voluerit,

372 1325 573 1360 nequaquam
598 1312 758 1359 impediat.
786 1311 820 1346 In
848 1312 917 1346 aliis
946 1324 1020 1346 vero
1053 1325 1123 1347 om—

371 1362 467 1396 nibus
482 1362 636 1400 Ecclesia,
654 1374 734 1408 quae
755 1373 838 1395 nnnc
865 1373 880 1395 a
911 1361 1122 1396 fundamentis

370 1412 400 1445 in
429 1412 642 1458 suprascripta
671 1411 741 1445 villa
767 1410 963 1445 Ronchaliae
995 1422 1011 1444 a
1033 1410 1121 1445 vobis

370 1461 574 1504 construitur,
608 1459 706 1494 libere
740 1460 870 1494 omnino
892 1459 930 1493 ad
945 1459 1119 1494 Ecclesiam

370 1509 456 1544 Beati
480 1509 632 1544 Antonini
667 1509 840 1555 pertineat,
874 1508 989 1543 adeout
1013 1508 1120 1543 nullus

369 1559 619 1606 archipresbyter
641 1558 691 1592 ius
714 1558 875 1604 potestatis
898 1558 926 1591 in
947 1558 1120 1604 spirituali-

370 1608 429 1642 bus
451 1615 504 1642 aut
533 1606 761 1654 temporalibus
793 1619 826 1641 se
847 1607 968 1641 noverit
992 1606 1119 1641 habitu—

371 1669 451 1691 rum.
479 1657 560 1698 Quia
587 1657 682 1702 igitur
705 1657 787 1690 sicut
808 1669 858 1695 ea,
886 1668 967 1702 quae
989 1668 1005 1690 a
1028 1656 1120 1691 nobis

369 1714 569 1750 statuuntur,
602 1705 749 1740 volumus
784 1704 902 1739 illibata
934 1705 1117 1752 persistere;

369 1755 410 1790 ita
427 1756 519 1790 etiam
533 1754 661 1789 fratrum
678 1763 854 1789 nostrorum
871 1754 1023 1789 debemus
1038 1754 1117 1789 bene

367 1812 454 1851 gesta
477 1805 615 1839 firmare:
639 1804 750 1838 vestris
773 1803 1039 1850 postulationibus
1051 1804 1118 1838 clc-

367 1861 491 1888 menter
524 1854 695 1888 annuimus
728 1861 759 1887 et
792 1852 877 1899 quod
911 1864 926 1886 a
955 1852 1116 1899 praedicto

366 1902 453 1937 fratri
474 1910 581 1937 nostro
604 1901 745 1936 Arduino
767 1903 918 1948 episcopo
939 1913 1036 1948 super
1058 1901 1117 1937 hoc

366 1959 516 1986 statutum
549 1960 613 1990 est,
652 1951 836 1985 auctoritate
862 1950 1035 1997 apostolica
1062 1963 1115 1985 ro-

366 2000 515 2036 boramus
529 2009 560 2035 et
575 2000 688 2035 futuris
710 1999 907 2047 temporibus
931 2008 1030 2034 ratum
1048 2012 1117 2034 ma-

366 2062 440 2085 nere
458 2050 670 2090 decernimus,
687 2048 956 2096 quemadmodum
970 2048 1113 2083 eiusdem

366 2098 470 2134 fratris
495 2099 593 2134 nostri
620 2099 737 2146 scripto
760 2098 901 2133 noscitur
930 2097 1113 2132 stabilitum.

364 2148 449 2182 Nulli
493 2160 567 2195 crgo
600 2147 765 2183 hominum
804 2147 850 2182 fas
875 2148 917 2181 sit
945 2146 1112 2193 praefatam

364 2197 539 2232 Ecclesiam
564 2205 680 2232 temere
702 2196 896 2243 perturbare,
916 2204 971 2231 aut
990 2208 1115 2242 posses·
1162 2210 1168 2215 ‘

364 2246 472 2281 siones
492 2246 631 2286 auferre,
655 2246 702 2280 vel
729 2246 848 2280 ablatas
873 2245 1019 2285 retinere,
1047 2246 1114 2279 mi-

365 2308 473 2336 nuere,
488 2304 542 2331 aut
561 2295 732 2330 temerariis
746 2295 964 2330 vexationibus
977 2294 1113 2340 fatigare;

364 2345 420 2379 sed
451 2345 555 2380 onmia
578 2345 698 2391 integra
731 2351 957 2379 conserventur
984 2356 1112 2387 eorum,

364 2406 422 2440 pro
451 2406 587 2441 quorum
619 2394 848 2440 gubernatione
875 2402 905 2428 et
930 2392 1113 2427 substenta-

365 2442 449 2478 tione
486 2455 636 2478 concessa
669 2451 754 2484 sunt,
782 2442 894 2477 usibus
920 2441 1112 2477 omnimodis

364 2491 538 2538 profutura.
571 2491 605 2526 Si
633 2504 693 2539 qua
721 2493 815 2538 igitur
842 2492 872 2526 in
896 2491 1036 2526 futurum
1059 2502 1113 2525 ec-

365 2540 535 2576 clesiastica
560 2541 767 2576 saecularisve
789 2553 934 2588 persona,
955 2540 1036 2575 hanc
1055 2551 1112 2574 no-

363 2596 446 2625 strae
471 2590 704 2626 constitutionis
729 2591 878 2639 paginam
899 2589 1015 2632 sciens,
1040 2601 1112 2624 con·

981 226 1169 250 errulum!
1189 227 1353 251 ROMANUM

1181 289 1225 315 tra
1243 293 1311 316 eam
1327 289 1444 316 temere
1459 281 1566 317 venire
1591 286 1765 322 tentaverit,
1789 282 1928 318 secundo

1180 330 1309 365 tertiove
1331 330 1539 371 commonita,
1572 331 1596 365 si
1629 343 1689 366 non
1717 332 1928 367 satisfactione

1178 391 1315 426 congrua
1334 379 1565 424 emendaverit,
1592 381 1753 426 potestatis
1774 381 1927 416 honoris-

1177 441 1238 476 que
1265 429 1312 463 sni
1337 428 1488 475 dignitate
1509 436 1623 468 eareat,
1651 441 1800 476 reamque
1821 442 1855 465 se
1877 431 1927 464 ‹li-

1177 490 1248 513 vmo
1275 477 1394 513 iudicio
1420 478 1554 513 existere
1580 477 1620 512 de
1654 486 1830 533 perpetrata
1863 479 1926 513 ini-

1175 527 1293 574 quitate
1315 535 1485 573 cognoscat
1507 535 1537 562 et
1563 539 1581 561 a
1607 527 1818 562 sacratissimo
1843 527 1925 562 Coi-

1175 588 1249 622 pore
1276 589 1312 611 ac
1347 562 1509 622 Sanguine
1536 575 1593 610 Dei
1634 584 1665 610 et
1697 576 1824 611 Domini
1857 577 1925 612 Re-

1173 625 1347 672 (lemptoris
1375 626 1471 660 nostri
1500 625 1570 660 Iesu
1592 624 1708 660 Christi
1736 625 1838 661 aliena
1859 626 1923 665 fiat,

1172 683 1265 721 atque
1287 675 1318 709 in
1347 683 1487 709 extremo
1516 675 1661 709 examine
1683 674 1846 710 districtae
1875 675 1924 710 ul-

1172 724 1247 758 tioni
1275 723 1444 759 subiaceat.
1474 723 1606 758 Cunctis
1623 731 1727 758 autem
1750 723 1854 759 eidem
1870 724 1923 759 Ec-

1172 772 1265 807 lesiae
1296 773 1377 807 iusta
1407 772 1606 808 servantibus
1632 773 1674 807 sit
1701 785 1760 820 pax
1792 772 1920 808 Domini

1171 822 1267 856 nostri
1296 822 1366 856 Iesu
1385 821 1521 862 Christi3
1543 830 1699 876 quatenus
1725 830 1755 856 et
1783 822 1834 857 hic
1853 822 1921 857 fru-

1170 879 1253 904 (tum
1282 871 1383 906 bonae
1416 871 1547 906 actionis
1575 871 1749 925 percipiant
1782 880 1812 906 et
1837 871 1920 918 apud

1169 919 1345 954 districtum
1369 920 1508 955 Iudicem
1530 932 1666 967 praemia
1678 928 1822 955 aeternae
1836 921 1920 968 pacis

1170 969 1338 1003 inveniant.
1366 969 1482 1009 Amen
1509 981 1615 1013 amen,
1635 981 1739 1004 amen.

1216 1017 1286 1052 Eoo
1318 1018 1532 1053 Ixsocssxrms
1558 996 1731 1053 catholicae
1756 1018 1918 1054 Ecclesiae

1167 1079 1347 1114 episcopus.

1215 1115 1283 1161 Ego
1301 1115 1493 1151 Guillelmus
1507 1115 1735 1151 Praenestinus
1748 1116 1918 1164 episcopus

1166 1164 1352 1212 subscripsi.

1214 1214 1281 1260 Ego
1316 1214 1493 1249 Matthaeus
1518 1213 1710 1249 Albanensis
1745 1215 1918 1263 episcopus

1164 1262 1350 1311 subscripsi.

1213 1312 1280 1358 Ego
1301 1311 1462 1347 Gerardus
1485 1312 1648 1359 presbvter
1671 1312 1842 1349 cardinalis
1870 1314 1914 1349 tit.

1163 1360 1297 1396 Sanctae
1322 1362 1462 1397 Crucis
1457 1374 1486 1396 in
1509 1361 1706 1396 Hierusalem
1730 1362 1914 1418 subscripsi.

1212 1410 1281 1456 Ego
1304 1411 1475 1446 Ansclmus
1498 1410 1660 1458 presbyter
1676 1411 1846 1447 cardinalis
1868 1413 1914 1446 tit.

1162 1460 1269 1494 Sancti
1297 1460 1458 1502 laurentii
1486 1460 1515 1494 in
1538 1459 1659 1494 Lucina
1685 1460 1868 1508 subscripsi.

1213 1508 1279 1554 Ego
1301 1509 1493 1544 Lictifredus
1511 1508 1674 1556 presbyter
1694 1509 1863 1544 cardinalis
1880 1509 1915 1544 ti-

1162 1558 1214 1591 tuli
1238 1558 1385 1593 Vestinae
1415 1558 1599 1605 subscripsi

1208 1606 1277 1653 Ego
1308 1607 1409 1642 lucas
1442 1607 1602 1654 presbyter
1627 1606 1796 1642 cardinalis
1826 1608 1910 1643 tituli

1159 1655 1349 1691 Sanctorum
1370 1656 1520 1691 Iohannis
1550 1664 1580 1690 et
1606 1655 1696 1690 Pauli
1723 1656 1910 1704 subscripsi.

1208 1705 1276 1751 Ego
1285 1705 1391 1740 Guido
1406 1705 1553 1751 indignus
1561 1705 1710 1740 sacerdos
1724 1706 1909 1753 subscripsi.

1208 1754 1276 1801 Ego
1298 1754 1473 1802 Gregorius
1487 1754 1640 1789 diaconus
1654 1754 1822 1789 cardinalis
1836 1755 1912 1790 San-

1158 1811 1279 1838 ctorum
1307 1803 1412 1850 Sergii
1434 1812 1464 1838 et
1490 1803 1606 1838 Bacchi
1635 1803 1822 1851 subscripsi.

1208 1853 1275 1899 Ego
1302 1852 1408 1888 Guido
1444 1853 1597 1888 diaconus
1632 1852 1682 1887 Ss.
1711 1852 1848 1888 Cosmae
1880 1861 1912 1889 et

1157 1905 1301 1941 Damiani
1329 1906 1516 1953 subscripsi.

1205 1959 1272 2006 Ego
1293 1959 1400 1995 Guido
1427 1960 1581 1994 diaconus
1607 1958 1777 1994 cardinalis
1799 1958 1908 1994 Sancti

1157 2013 1288 2048 Adriani
1315 2013 1502 2060 subscripsi.

1205 2067 1271 2113 Ego
1291 2067 1449 2110 vasallus,
1471 2066 1624 2101 diaconus
1644 2064 1812 2100 cardinalis
1825 2065 1909 2100 San-

1156 2121 1196 2155 cti
1219 2121 1370 2156 Eustachi
1393 2120 1577 2167 subscripsi.

1203 2174 1320 2209 Datum
1359 2174 1441 2208 Pisis
1487 2185 1542 2221 per
1579 2173 1709 2207 manuni
1749 2172 1907 2220 Aymerici

1155 2235 1281 2262 sanctae
1308 2227 1472 2262 Romanae
1496 2226 1659 2261 Ecclesiae
1685 2225 1809 2260 diaconi
1837 2237 1908 2261 car-

1155 2282 1271 2317 dinalis
1292 2290 1322 2316 et
1348 2280 1540 2321 cancellarii,
1563 2292 1602 2314 ιιι
1626 2279 1697 2314 idus
1719 2280 1834 2319 martii,
1851 2279 1908 2314 in—

1155 2336 1291 2371 dictione
1312 2348 1362 2370 xn
1384 2337 1440 2379 (t),
1475 2333 1702 2370 incarnationis
1729 2333 1907 2368 dominicae

1153 2401 1236 2424 anno
1266 2400 1414 2433 nexium,
1451 2387 1651 2435 pontificatus
1687 2398 1761 2421 vero
1798 2386 1906 2421 domni

1153 2442 1330 2478 Innocentii
1356 2441 1460 2488 Papae
1481 2440 1611 2475 Hanno
1637 2452 1681 2475 vr.

1205 2500 1266 2530 Dat.
1285 2499 1332 2529 die
1355 2498 1392 2528 13
1415 2498 1510 2528 martii
1531 2507 1607 2527 anno
1629 2496 1744 2526 Domini
1765 2496 1852 2533 1135,

1401 2537 1504 2577 pontif.
1522 2546 1599 2567 anno
1618 2545 1654 2566 ιι.

1187 2601 1226 2636 (t)
1241 2600 1309 2637 Lege
1326 2609 1386 2628 xm.

1954 244 2003 270 An.
2023 243 2051 271 o.
2069 244 2137 273 1135
2178 238 2180 256 ²

1960 1018 2075 1040 iunocentii
2091 1018 2131 1040 Pt‘.

1947 1047 1968 1065 et
1978 1045 1999 1065 S.
2010 1045 2033 1065 R.
2041 1045 2064 1066 E.
2075 1045 2133 1066 card.

1946 1072 2119 1097 subscriptiones.
