2180 3205
78 208 126 234 Λιι.
148 206 257 234 C.1097

99 651 149 672 ltam
162 657 230 672 rerum

74 678 164 700 omnium
184 677 249 699 dona-

86 707 161 728 tarum.
179 708 243 731 pcrti-

71 732 190 752 nentiarum
206 733 255 754 ete..

73 759 94 779 et
107 763 186 781 eorum.
200 763 255 784 quan

73 783 154 811 acquiri
175 785 195 805 in
218 790 255 810 pu-

71 814 149 832 nterum
190 811 254 832 couti·

72 836 138 864 gerim

94 1316 162 1345 Atque
184 1320 252 1336 exem-

65 1341 143 1368 ptionis
165 1347 179 1362 a
202 1342 252 1362 sub·

65 1368 200 1389 ordinatione
209 1369 252 1394 epi-

67 1395 146 1420 scopati
162 1395 182 1415 in
199 1395 251 1415 alta-

67 1421 120 1442 rium
136 1422 168 1442 vet
183 1422 251 1442 eccle-

64 1447 141 1468 siarum
177 1453 251 1468 eonse-

64 1474 165 1498 eratione,

64 1728 86 1750 ln
108 1729 249 1750 ordinationi-

72 1755 110 1776 bus
130 1757 243 1777 monacho-

64 1787 116 1807 rum.
124 1785 143 1803 et
153 1783 172 1803 iu
183 1783 248 1804 sacris

64 1809 198 1836 peragendis.

85 1929 100 1949 Α
115 1929 192 1955 quibus
203 1935 248 1950 sus-

64 1954 134 1981 pendi.
158 1955 190 1976 vet
214 1961 248 1976 ex-

85 1983 235 2002 communicari

64 2009 160 2029 monachi
168 2009 199 2029 vel
207 2015 249 2029 ino-

63 2035 178 2055 uastarium
206 2041 248 2055 om-

63 2060 113 2081 uino
124 2067 163 2081 non
186 2067 248 2087 posse

33 2098 41 2107 .
65 2086 194 2109 decernitur.

915 204 1060 227 t'ttnsxtzs
1084 205 1105 226 ΙΙ
1131 205 1176 227 ΙΨ.

283 267 370 290 sores
385 256 482 290 nostri
501 256 662 291 Ecclesiae
678 256 840 290 Romanae
858 257 1035 295 Pontifices.

284 306 465 351 praesertim
489 302 679 352 apostolicae
717 307 885 340 memoriae.
912 306 1036 351 Grego-

283 354 347 388 rius
372 353 427 388 Vlt
458 364 557 389 vestro
573 355 763 389 monasterio
786 363 815 388 et
838 355 914 389 loeis
936 355 973 389 ad
1007 355 1034 388 id

284 402 512 450 pertinentibus
523 405 732 441 contulerunt,
748 416 938 450 nosquoque
953 416 1035 450 prae-

283 452 361 486 senti
378 452 517 497 decreto,
544 462 671 488 auctore
692 452 768 493 Deo,
792 453 1032 487 confirmamus:

282 501 413 542 scilicet,
442 510 475 536 ut
501 510 611 537 cuneta
636 503 700 536 loca
729 509 759 535 ct
786 502 972 536 monasteria
996 502 1032 536 ad

282 550 492 585 Cluniacense
518 551 704 585 coenobium
727 551 931 597 pertinentia,
954 563 1034 597 quae

281 599 319 634 ab
341 600 497 647 aliquibus
513 600 657 634 lidelibus
672 599 860 639 christianis,
890 600 1032 645 regibus,

280 650 456 696 episcopis,
479 649 624 689 ducibus,
647 649 826 686 comitibus
849 661 903 682 seu
923 649 1031 695 print-i>

281 698 372 745 pibus
406 698 508 732 eidem
543 698 612 732 loco
635 706 708 732 sunt
738 709 898 737 concessa,
932 707 962 731 et
994 698 1032 732 ab

279 747 531 782 antecessoribus
553 747 613 780 tuis
635 746 797 793 acquisita,
817 754 1032 793 etquaecum-

278 808 341 843 que
358 796 394 830 ad
418 796 564 830 eumdem
597 796 700 830 locum
720 796 824 842 aliquo
845 796 937 829 modo
962 809 1031 843 pcr-

277 846 377 880 tinere
392 845 548 889 videntur,
572 845 617 879 vcl
639 845 841 891 imposterum
861 845 1030 889 dabuntur,

278 896 344 929 sive
369 903 481 935 terrae,
508 895 572 928 sive
598 894 763 934 ecclesiae,
792 895 855 928 sive
879 894 1029 936 decimae,

277 950 308 978 et
327 955 546 991 quaecumque
571 955 845 990 quorumcumque
879 943 1029 978 beneficia

276 992 429 1033 fidelium,
451 993 570 1040 absque
585 992 680 1027 ullius
694 993 941 1027 contradictione
957 1005 1027 1027 cum

277 1054 389 1089 magna
412 1042 518 1090 quiete
545 1049 575 1076 et
597 1042 765 1076 securitate
788 1050 818 1075 tu
843 1049 872 1076 et
895 1042 938 1075 tui
963 1054 1028 1088 pos-

275 1091 422 1136 sideatis,
450 1099 479 1126 et
516 1103 571 1138 per
598 1100 626 1125 te
655 1091 791 1125 universi
829 1103 1029 1126 successores

276 1141 322 1175 tui
346 1141 376 1175 in
401 1148 600 1188 perpetuum.
630 1140 758 1174 Necnon
782 1140 842 1174 sub
864 1140 961 1174 divini
978 1141 1028 1174 iu-

276 1190 350 1225 dicii
375 1190 628 1238 promulgatione
651 1198 681 1224 et
709 1189 969 1233 confirmatione,
998 1198 1027 1224 et

275 1239 483 1274 anathematis
528 1238 748 1273 interdictione
786 1238 1027 1273 corroborantes

274 1288 484 1328 decrevimus,
511 1296 545 1322 ut
568 1287 675 1322 nullus
697 1288 867 1334 episcopus
889 1300 944 1322 seu
959 1289 1027 1335 qui-

274 1337 350 1372 libet
377 1338 524 1372 sacerdos
548 1337 576 1371 in
599 1337 711 1371 eodem
748 1337 916 1371 venerabili
952 1350 1026 1372 coe-

274 1386 382 1428 nobio,
405 1399 507 1434 neque
529 1386 658 1420 omnino
680 1386 711 1420 in
739 1385 846 1432 aliquo
865 1386 932 1420 loco
953 1387 1025 1421 huic

273 1436 413 1477 subdito,
441 1448 498 1484 pro
524 1435 626 1482 aliqua
649 1435 847 1470 ordinatione
873 1447 929 1469 seu
948 1448 1025 1470 con-

274 1486 448 1520 secratione
466 1485 583 1529 altaris,
606 1484 653 1519 vel
669 1484 831 1523 ecclesiae,
862 1484 1025 1532 presbyte-

275 1547 396 1576 rorum,
418 1534 466 1569 vel
485 1535 703 1577 diaconorum,
727 1534 956 1580 missarumque
971 1546 1024 1568 ce-

273 1583 465 1624 lebratione,
493 1583 551 1618 nisi
580 1583 620 1618 ab
646 1582 756 1617 abbate
779 1583 846 1617 eius
867 1582 1022 1624 coenobii,

273 1633 321 1668 vel
350 1633 507 1680 prioribus
541 1632 643 1667 eidem
680 1631 834 1666 coenobio
868 1632 1022 1676 subditis,

272 1682 420 1717 invitatus
442 1682 546 1723 suerit,
569 1682 675 1716 venire
697 1681 735 1715 ad
758 1681 915 1726 agendum
938 1694 1023 1728 prae-

273 1740 386 1766 sumat.
413 1732 477 1766 Sed
505 1731 594 1765 liceat
615 1730 778 1765 monacbis
800 1731 861 1764 tuis
884 1730 1022 1765 ubicum-

273 1792 336 1828 que
359 1781 468 1828 positis
497 1781 726 1826 cuiuscumque
753 1779 909 1814 volueriut
938 1780 1023 1814 ordi-

272 1829 407 1865 nationis
445 1830 576 1876 gradum
616 1829 795 1875 suscipere,
832 1829 1022 1876 ubicumque

272 1879 330 1914 tibi
351 1887 381 1914 et
403 1879 464 1914 illis
488 1879 659 1925 vestrisque
685 1878 923 1913 successoribus
956 1879 1022 1924 pla-

272 1928 381 1963 cuerit.
430 1928 652 1963 Interdicimus
690 1935 794 1962 autem
833 1927 891 1961 snb
923 1928 1019 1962 simili

272 1977 480 2012 anathematis
522 1977 774 2023 promulgatione
790 2004 798 2017 ,
843 1984 876 2010 ut
917 1989 1021 2023 neque

272 2026 479 2066 Cluniacum,
503 2038 604 2073 neque
627 2026 693 2060 loca
715 2026 753 2060 ad
777 2026 804 2060 id
834 2027 1021 2072 pertinentia

272 2075 476 2122 ubicumque,
499 2075 638 2122 episcopi
662 2075 708 2109 vel
724 2075 897 2109 sacerdotis
914 2074 1021 2121 depri-

272 2132 400 2159 mantur
427 2124 656 2158 interdictionis
683 2124 784 2163 titulo,
813 2136 868 2158 seu
892 2135 1022 2158 excom-

272 2173 497 2208 municationis
514 2172 638 2207 vinculo
653 2172 699 2206 vel
716 2173 933 2207 anathematis.
951 2173 1019 2207 Non

272 2223 358 2257 euim
393 2222 508 2269 patitur
540 2221 632 2256 Sedis
659 2221 792 2256 Sanctae
820 2222 1020 2268 Apostolicae

272 2271 458 2312 authoritas,
482 2279 513 2305 ut
529 2271 611 2304 illius
627 2271 855 2317 cuiuscumque
870 2283 1021 2317 personae

272 2320 466 2367 obligatione
495 2319 716 2366 proscindatur
750 2332 765 2354 a
801 2332 855 2361 se,
890 2320 1022 2354 cuilibet

273 2381 424 2404 concessa
455 2369 607 2403 libertatis
641 2377 787 2414 potestas.
822 2368 892 2402 Nou
928 2369 1022 2414 igitur

273 2418 384 2454 fratres
406 2419 450 2453 tui
473 2427 502 2453 et
524 2417 670 2452 monachi
695 2417 897 2464 ubicumque,
919 2418 1022 2452 cuius-

273 2480 410 2515 cumque
449 2467 589 2514 episcopi
630 2466 677 2501 vel
715 2466 947 2501 maledictionis
975 2468 1019 2501 vel

273 2517 608 2553 excommunicationis
629 2529 683 2550 seu
705 2515 934 2550 interdictionis
954 2517 1022 2550 vin-

275 2567 345 2602 culo
359 2574 523 2601 teneantur
534 2566 662 2600 astricti.
678 2565 771 2607 Quod
783 2565 807 2599 si
822 2566 904 2611 quis,
919 2565 1022 2601 sciens

393 2622 466 2654 Ruti.
485 2622 561 2655 Rom.
584 2621 638 2653 Vol.
661 2621 697 2651 II.
719 2633 799 2640 *a*
818 2621 857 2652 23

1713 198 1780 229 177

1079 258 1158 292 banc
1182 266 1318 292 nostram
1341 259 1495 305 paginam,
1520 267 1626 295 contra
1641 272 1710 295 eam
1730 261 1830 296 facere

1079 309 1333 353 praesunqiserit,
1357 309 1539 343 anctoritate
1563 309 1642 344 beati
1664 309 1758 350 Petri,
1778 313 1828 345 cui

1077 356 1230 390 Conditor
1252 359 1391 391 oimiium
1425 359 1539 404 ligandi
1562 368 1656 407 atque
1684 359 1828 394 solvendi

1079 413 1261 450 potestatem
1291 408 1465 447 commisit,
1499 408 1639 443 Ecclesia
1667 416 1766 444 vestra
1799 417 1830 444 et

1078 454 1133 500 ipsi
1154 455 1297 488 monaehi
1320 456 1530 491 absolvantur.
1555 457 1594 492 Et
1618 459 1654 498 is,
1677 459 1827 504 quicum-

1076 516 1136 549 que
1163 504 1214 543 sit,
1237 505 1289 550 qui
1320 504 1519 550 Apostolicae
1545 506 1637 542 Sedis
1665 508 1762 542 filium
1786 508 1826 542 li-

1075 564 1148 597 gare
1185 553 1249 587 sire
1290 553 1477 588 maledicere
1516 564 1622 590 contra
1664 557 1826 592 decretum

1077 609 1217 635 nostrum
1247 602 1394 644 voluerit,
1430 605 1649 640 maledictione
1677 614 1827 652 perpetua

1076 651 1200 695 ligetur,
1223 651 1513 696 anatliematizetur,
1532 654 1770 690 condamnetur.
1791 656 1824 690 Si

1074 712 1132 745 qua
1160 712 1233 733 vero
1260 709 1444 747 competens
1461 702 1537 736 ratio
1560 703 1709 737 adversus
1731 705 1822 751 quic-

1074 761 1166 794 quam
1193 750 1340 789 moverit,
1365 758 1394 784 et
1418 751 1475 784 boc
1509 751 1599 785 aliter
1621 753 1823 788 determinari

1074 797 1119 831 rel
1144 798 1268 831 dilliniri
1296 799 1482 844 nequiverit,
1519 800 1669 835 iudicium
1693 811 1822 848 aposto-

1073 846 1180 889 licum,
1211 848 1293 894 quod
1324 849 1398 882 nulli
1423 849 1649 895 praeiudicium
1675 859 1821 897 praeten-

1072 896 1145 929 dere
1173 899 1305 943 patitur,
1339 910 1436 942 super
1459 898 1517 932 boc
1552 899 1704 944 patienter
1731 913 1823 946 prae-

1072 945 1214 989 stoletur⁷
1241 955 1270 980 ct
1305 947 1465 981 humiliter
1500 948 1684 994 requiratur.
1714 949 1822 984 Liceit

1071 1007 1197 1041 quoqne
1225 996 1311 1030 vobis
1341 1009 1396 1030 seu
1431 996 1578 1031 fratribus
1614 998 1643 1031 in
1672 998 1822 1033 Ecclesiis

1072 1045 1181 1077 vestris
1205 1045 1404 1092 presbyteros
1431 1046 1559 1091 eligere,
1596 1047 1636 1081 ita
1659 1055 1762 1082 tamen
1787 1057 1819 1083 ut

1070 1093 1107 1125 ab
1131 1095 1287 1140 episeopis
1312 1094 1356 1127 rel
1379 1094 1418 1128 ab
1442 1096 1663 1142 episcoporum
1697 1097 1821 1132 vicariis

1069 1143 1245 1176 animarum
1282 1156 1388 1178 curam
1418 1144 1536 1191 absque
1573 1146 1736 1180 venalitate
1763 1160 1819 1181 su-

1069 1191 1219 1237 scipiant,
1261 1205 1338 1239 quas
1365 1194 1388 1226 si
1426 1195 1621 1229 committere
1654 1195 1713 1239 illi7
1736 1198 1819 1243 quod

1068 1240 1165 1280 absit,
1189 1254 1225 1275 ex
1255 1243 1405 1288 pravitate
1440 1238 1611 1288 noluerint,¹
1637 1253 1711 1279 tunc
1734 1258 1818 1292 pres-

1069 1289 1166 1335 byteri
1206 1303 1242 1324 ex
1270 1291 1469 1337 Apostolicae
1496 1292 1588 1327 Sedis
1624 1294 1817 1340 benignitate

1067 1339 1166 1373 ollicia
1194 1340 1374 1374 celebrandi
1402 1341 1557 1375 licentiam
1593 1351 1814 1389 assequantur.

1067 1387 1278 1423 Ecclesiarum
1303 1402 1385 1429 vero,
1409 1403 1463 1424 seu
1487 1391 1629 1425 altarium
1649 1405 1816 1427 conscera-

1067 1437 1167 1471 tiones
1193 1439 1232 1472 ab
1255 1439 1422 1486 episcopis,
1447 1440 1475 1473 in
1499 1452 1631 1486 quorum
1656 1441 1818 1476 dioecesi-

1066 1486 1123 1520 bus
1145 1496 1230 1531 sunt,
1260 1489 1398 1522 locorum
1424 1496 1599 1523 vestrorum
1634 1490 1743 1525 fratres
1765 1503 1818 1525 ac-

1065 1536 1200 1582 cipiant;
1223 1537 1247 1570 si
1268 1537 1396 1584 quidem
1414 1539 1508 1584 gratis
1529 1551 1565 1572 ac
1587 1539 1655 1573 sine
1670 1540 1817 1585 pravitate

1066 1585 1222 1620 voluerint
1248 1587 1414 1628 exhibere,
1441 1587 1578 1634 alioquin
1602 1600 1618 1623 a
1638 1589 1810 1630 catholico,

1064 1646 1158 1680 quem
1184 1635 1366 1677 malueritis,
1394 1637 1560 1683 episcopo,
1594 1639 1813 1673 consecratio—

1066 1696 1139 1718 num
1165 1684 1303 1731 ipsarum
1326 1694 1520 1720 sacramenta
1538 1687 1721 1733 suscipiant.
1751 1688 1814 1722 De-

1064 1733 1223 1768 cernimus
1241 1735 1334 1769 etiam
1359 1735 1451 1775 illius,
1471 1736 1562 1770 cuius
1586 1737 1650 1771 vice
1672 1738 1817 1783 quamvis

1064 1782 1184 1827 indigni
1208 1783 1382 1829 fungimur⁷
1399 1793 1428 1819 et
1443 1786 1626 1819 anctoritate
1641 1786 1814 1830 sancimus,

1064 1839 1097 1865 ut
1114 1832 1194 1866 idem
1219 1833 1317 1877 locus,
1340 1841 1369 1867 et
1386 1834 1451 1868 loca
1469 1834 1495 1868 ei
1512 1834 1646 1875 subdita,
1664 1835 1814 1870 omnibus

1063 1881 1103 1915 ob
1138 1882 1271 1916 salutem
1302 1882 1556 1928 confugientibus
1590 1884 1652 1918 sint
1692 1884 1814 1919 miseri-

1063 1931 1186 1965 cordiae
1209 1932 1309 1976 sinus,
1331 1932 1395 1966 sint
1410 1933 1505 1967 totius
1520 1933 1643 1980 pietatis
1658 1941 1688 1967 et
1703 1934 1813 1968 salutis

1064 1989 1186 2025 portus,
1214 1980 1354 2015 obtineat
1378 1983 1408 2015 iu
1432 1982 1468 2015 iis
1490 1982 1592 2016 locum
1613 1983 1713 2017 iustus
1728 2010 1735 2022 ,
1758 1995 1816 2017 nec

1063 2029 1232 2075 repellatur
1255 2031 1414 2076 poenitere
1429 2030 1537 2065 volens
1553 2031 1701 2072 iniustus,
1725 2044 1812 2078 prae-

1064 2077 1173 2112 beatur
1201 2079 1422 2114 innocentibus
1455 2081 1566 2114 caritas
1601 2088 1726 2115 mutuae
1751 2080 1814 2115 fra-

1063 2127 1234 2172 ternitatis,
1263 2140 1324 2162 non
1354 2136 1485 2174 negetur
1507 2130 1636 2163 oss'ensis
1658 2141 1730 2176 spes
1761 2142 1814 2164 sa-

1063 2176 1137 2210 lutis
1170 2184 1200 2210 et
1223 2177 1417 2222 indulgentia
1438 2178 1572 2224 pietatis.
1597 2179 1635 2212 Et
1657 2179 1681 2213 si
1702 2178 1815 2225 aliquis

1062 2225 1153 2259 etiam
1190 2238 1391 2273 quocumque
1424 2226 1580 2273 obligatus
1614 2227 1814 2262 anathemate

1062 2274 1207 2308 eumdem
1231 2274 1336 2309 locum
1363 2277 1410 2309 vel
1434 2275 1500 2310 loca
1523 2276 1549 2310 ei
1573 2276 1696 2310 subdita
1719 2289 1812 2324 expe-

1064 2323 1164 2363 tierit,
1198 2325 1262 2358 sive
1290 2336 1346 2370 pro
1375 2325 1517 2371 corporis
1544 2325 1722 2372 sepultura,
1757 2338 1812 2361 seu

1062 2372 1188 2406 alterius
1211 2373 1353 2408 utilitatis
1379 2385 1414 2407 ac
1440 2373 1550 2408 salutis
1571 2375 1688 2420 gratia,
1717 2375 1813 2409 mini-

1064 2433 1112 2465 me
1134 2433 1149 2456 a
1179 2423 1267 2456 venia
1304 2430 1333 2456 et
1367 2430 1469 2468 optata
1509 2423 1724 2458 misericordia
1758 2436 1814 2458 ex-

1063 2470 1221 2511 eludatur;
1253 2470 1308 2505 sed
1331 2471 1400 2506 oleo
1423 2471 1645 2507 medicamenti
1667 2473 1812 2508 salutaris

1063 2519 1215 2554 fovendus
1254 2520 1429 2566 benigniter
1466 2521 1639 2567 obligetur3
1674 2522 1746 2568 quia
1783 2530 1813 2557 et

1064 2569 1180 2604 iustum
1203 2570 1248 2604 sic
1284 2577 1348 2611 cst,
1383 2578 1415 2604 ut
1450 2570 1481 2604 in
1512 2570 1607 2606 domo
1638 2571 1760 2618 pietatis
1782 2580 1812 2607 et

1855 206 1904 232 An.
1924 206 1951 232 Γ..
1971 206 2035 234 itm

1869 462 1953 481 Poenae
1964 465 2037 483 centra

1872 488 2018 509 inobedientes

1853 514 1902 535 haic
1915 515 2009 536 decreto.

1876 948 1997 974 Presbyteri
2013 955 2033 969 e-

1851 975 1899 995 lei-ti
1921 976 1946 995 ad
1973 981 2034 996 curas

1851 1007 1965 1021 annuarum
1976 1002 2003 1022 ab
2013 1008 2033 1022 e-

1856 1034 1947 1054 piseopis
1969 1029 2024 1048 acci·

1856 1060 1904 1080 pere
1934 1055 2024 1075 debeant

1850 1081 1972 1106 facultatem

1865 1240 1902 1263 Qui
1914 1240 1930 1260 si
1940 1239 2031 1266 denega-

1848 1267 1921 1290 verint,
1939 1272 1951 1287 a
1975 1267 2031 1288 Sede

1846 1295 1917 1319 Apost.
1948 1294 2031 1314 obtine-

1847 1322 1889 1340 ant:

1872 1424 1956 1445 Eisdem
1979 1430 2030 1451 quo·

1846 1457 1886 1477 quc
1910 1455 2030 1472 reservatur

1846 1478 1942 1498 altarium
1959 1481 1978 1498 et
1996 1484 2029 1498 ec-

1847 1504 1957 1524 etesiarum
1980 1511 2029 1525 con-

1846 1534 1945 1553 secratur,
1965 1532 2029 1556 gratis

1859 1560 1929 1577 tamen
1954 1564 2015 1583 peru-

1847 1584 1921 1608 gunda.

1861 1689 1884 1709 Ei
1901 1691 1920 1709 et
1936 1689 2026 1710 subiecti

1844 1716 1894 1735 lari<
1915 1716 1976 1735 datur
1999 1716 2027 1735 sa-

1844 1742 1910 1762 cultas
1926 1748 2027 1767 reeipien-

1844 1769 1863 1788 di
1874 1774 2026 1794 :literarumque

1851 1795 1878 1815 ad
1901 1801 1925 1815 ea
1947 1795 2018 1815 carnisu-

1843 1822 1940 1847 gientem,

1873 2165 1960 2186 Etiamsi
1972 2171 2022 2186 ana-

1839 2192 1930 2213 theman·
1951 2192 1978 2213 sit
2002 2199 2023 2213 o-

1839 2220 1936 2245 bligatus,
