2180 3205
151 249 199 272 Αιι.
221 244 249 271 C.
266 246 331 272 llSO

172 302 198 322 [ιι
245 303 297 321 iitati
294 308 310 322 is

148 334 184 353 de·
189 309 234 353 reiii
224 339 256 352 ιιιιι

173 1387 281 1407 §lemn-tri
298 1385 337 1406 PP.

157 1488 176 1503 ei
192 1482 212 1502 S.
237 1482 260 1502 R.
282 1481 338 1503 Ecel.

183 1513 319 1534 mirilinaliuni

157 1545 332 1571 subscripiionos.

391 222 431 265 ⁷⁰.
422 235 466 266 ΖΟ

347 300 422 334 nulli
451 298 581 333 omnino
617 297 780 331 bominum
808 295 897 330 liceat
926 294 1093 341 praefatam

344 348 613 395 Monopolitanani
638 346 811 380 Ecolisiain
836 353 953 379 temere
977 354 1099 390 pertur-

347 399 430 437 b;·,iie
462 404 513 430 ant
541 408 610 429 cius
645 395 861 449 possessiones
887 393 1022 432 {infermie
1051 393 1096 428 iel

345 447 463 481 ablatas
493 445 640 487 iitiner,e
675 445 830 481 minucie
858 456 915 477 seu
939 442 1097 488 quibusli-

346 496 397 530 bet
422 472 712 542 perturbatioiiibiis
736 493 878 539 l'atigai·e;
906 492 961 526 sed
992 492 1096 526 omnia

346 545 465 590 integra
496 551 526 578 et
554 543 669 577 illibata
692 551 873 582 servemur,
903 554 1013 576 eorum
1042 553 1098 588 pro

346 606 482 640 quorum
516 592 746 638 gubernatione
772 600 825 625 aut
847 591 1099 625 substentatione

346 655 493 677 concessa
521 651 615 684 sunt,
643 641 752 676 usibus
775 640 967 674 omnimodis
990 640 1100 686 prosu-

347 700 431 726 tnra:
459 692 542 726 salia
565 690 658 725 Sedis
679 689 884 736 Apostolicae
906 689 1099 724 auctoritate.

295 740 333 790 '¹³⁰—
347 741 381 776 Si
417 753 478 788 qua
514 741 608 786 igitur
644 740 674 773 in
711 739 849 773 futurum
889 738 1099 773 ecclesiastica

348 790 558 825 saecularisve
589 801 734 836 persona,
767 788 847 823 lianc
876 796 1000 822 nostrae
1023 800 1102 822 eon-

348 839 520 874 stitutionis
552 839 696 885 paginam
732 838 856 882 sciens,
891 845 1001 872 contra
1033 849 1100 871 eain

350 898 467 924 temere
490 889 595 922 venire
618 887 792 928 tentaverit,
815 886 957 921 secundo
974 887 1103 920 tertiove

350 938 554 980 commonita,
577 937 635 971 nisi
658 945 780 971 reatum
803 949 895 970 suuni
931 936 1022 981 iligna
1053 948 1103 969 sa-

350 987 526 1022 tisfactione
548 987 733 1025 correxerit
766 986 926 1032 potestatis
957 985 1104 1019 lionoris-

350 1049 410 1092 qne
433 1037 480 1071 sni
506 1036 659 1082 dignitate
682 1043 798 1074 eareat
828 1047 977 1081 ieamque
999 1047 1032 1069 se
1056 1034 1104 1068 di-

350 1087 423 1120 vino
446 1085 563 1120 iudicio
593 1085 726 1119 existeie
756 1085 794 1119 de
830 1092 1005 1139 peipetiata
1042 1083 1104 1117 ini-

350 1136 468 1182 quitate
491 1143 672 1180 cognoscat,
700 1142 731 1168 et
753 1146 767 1168 a
791 1134 1002 1168 saeratissimo
1025 1132 1106 1167 Cor-

352 1197 428 1232 pore
445 1193 475 1219 et
494 1184 656 1229 Sanguine
678 1184 737 1218 Dei
760 1195 795 1218 ae
817 1182 945 1217 Domini
965 1182 1106 1217 Redem-

352 1234 452 1281 ptoris
475 1233 573 1268 nostri
589 1233 658 1268 Iesu
679 1233 796 1267 Christi
816 1232 916 1267 aliena
932 1233 996 1272 liat,
1013 1240 1106 1279 atque

352 1284 382 1318 in
406 1292 545 1318 extremo
567 1283 710 1317 examine
726 1282 885 1317 districtae
908 1281 1017 1316 ultioni
1035 1281 1108 1316 sub-

353 1333 460 1368 iaceat.
484 1332 615 1367 Cunctis
637 1340 697 1366 etc.
720 1332 834 1366 Amen.

402 1382 474 1417 Eoo
507 1382 715 1416 Auzxnnmi
744 1381 917 1416 catholicae
945 1381 1107 1416 Ecclesiae

353 1433 536 1479 episcopus.

405 1481 547 1515 Ubaliliis
569 1479 690 1514 Ostien.
719 1480 816 1526 episc.

404 1530 588 1565 'l'lieodinus
611 1529 805 1570 Portuensis,
829 1538 859 1564 et
886 1529 1020 1564 Sancate
1040 1528 1108 1563 Ru-

355 1580 435 1614 finae
461 1580 546 1614 sedis
568 1579 667 1626 episc.

404 1629 586 1663 Bernarilus
618 1628 843 1662 Praenestinus
869 1627 966 1674 episc.

404 1678 489 1713 loan.
514 1678 620 1725 presb.
644 1677 729 1712 card.
753 1677 803 1711 Ss.
824 1677 950 1712 loannis
972 1686 1001 1711 ct
1018 1677 1107 1712 Pauli

355 1728 403 1762 tit.
429 1728 549 1762 Pamin.

406 1777 557 1812 vivianus
581 1775 684 1823 presb.
712 1776 796 1810 card.
824 1775 932 1810 Sancti
955 1776 1108 1823 Stephani

357 1827 387 1860 in
411 1827 522 1861 Coelio
546 1835 664 1860 monte.

406 1877 532 1911 (lintius
555 1876 657 1922 presb.
685 1874 771 1908 card.
794 1875 871 1909 eccl.
892 1874 926 1909 S.
943 1874 1107 1909 Caeciliae.

407 1925 568 1960 Laborans
588 1924 749 1972 presbyter
763 1924 931 1959 cardinalis
945 1924 979 1958 S.
994 1924 1109 1958 Mariae

358 1974 525 2022 Traiistyb.
554 1974 690 2009 (jattixii.

411 2024 477 2070 Ugo
500 2024 660 2071 presbyter
682 2022 850 2057 cardinalis
873 2022 905 2056 S.
923 2021 1108 2056 Clementis.

407 2073 545 2107 Iaeiiitiis
568 2074 720 2109 diaconus
745 2071 914 2107 cardinalis
935 2072 969 2106 S.
994 2072 1109 2106 Mariae

359 2123 390 2156 in
413 2122 597 2158 Cosmetlin.

408 2172 584 2219 Rayneiius
611 2171 765 2206 diaconus
799 2169 968 2205 cardinalis
1001 2169 1109 2205 Sancti

359 2221 487 2267 Georgii
512 2222 549 2256 ad
576 2221 686 2256 Veluin
715 2222 867 2254 Aureum.

410 2272 543 2306 loannes
565 2270 716 2305 diaconus
737 2269 903 2304 cardinalis
926 2268 959 2303 S.
984 2268 1108 2314 Angeli.

410 2321 525 2355 Datum
548 2319 662 2360 Velet.,
687 2332 741 2366 per
769 2331 898 2353 manuni
926 2318 1045 2352 Alberti
1074 2318 1108 2352 S.

362 2369 400 2403 R.
428 2370 465 2404 E.
495 2369 598 2416 presb.
629 2369 714 2403 card.
750 2376 780 2402 et
805 2368 949 2408 cancell„
984 2379 1019 2401 lv
1047 2367 1105 2401 kal.

361 2421 475 2459 martii,
494 2419 557 2452 ind.
574 2431 645 2461 aiii,
664 2419 815 2452 incarnat.
836 2418 1012 2451 dominicae
1028 2429 1110 2450 anno

360 2480 502 2508 mcmxx,
540 2467 739 2515 pontificatus
767 2479 838 2500 vero
871 2466 909 2499 D.
938 2465 1109 2500 Alexandri

361 2517 464 2564 Papae
487 2517 529 2551 ΙΙΙ
555 2530 638 2551 anno
665 2529 728 2550 xxi.

400 2576 462 2608 Dat.
478 2578 525 2608 die
539 2577 576 2607 27
596 2577 736 2606 februarii
755 2586 830 2605 anns»
849 2575 964 2606 Domini
985 2575 1072 2613 1180,

599 2622 701 2661 pontif.
719 2631 794 2650 anno
813 2629 868 2650 xxi.

930 240 990 263 ΒΗΙ
994 239 1091 262 LAth
1095 239 1119 262 M
1147 238 1310 261 nonnrn

1471 293 1551 328 Ctv.

1143 366 1343 410 Confirmatio
1370 367 1518 399 bonorum
1550 367 1685 399 omnium
1719 373 1745 399 ει
1768 367 1892 411 pri'm'le-

1188 416 1310 459 giorum
1333 416 1511 449 monasterii
1543 417 1728 449 iiioni'ali'um
1760 418 1795 450 S.
1831 417 1894 450 Za-

1189 465 1312 498 chariae
1339 465 1533 498 Venestorum
1560 467 1616 507 (1).

1409 534 1624 564 SUMMARIUM

1142 595 1308 625 Exordium.
1333 613 1373 618 —
1404 596 1613 626 Moiiasterium
1647 597 1701 626 lioc
1731 597 1785 626 sub
1809 597 1894 628 Sedis

1182 640 1366 678 Apostolicae
1390 641 1570 680 protectione
1594 641 1729 680 suscipit.
1745 658 1785 663 —
1799 641 1896 671 Mona-

1182 685 1289 714 sticiim
1307 685 1440 714 ordinem
1460 686 1569 714 servari
1591 686 1718 715 mandat:
1737 703 1776 707 —
1793 686 1894 716 Eidem

1183 729 1258 758 bona
1287 729 1384 759 omnia
1408 730 1578 765 confirmat3
1597 747 1637 751 —
1658 729 1788 764 Quorzem
1818 740 1895 760 non-

1183 772 1263 801 nulla
1293 774 1339 802 liic
1369 777 1531 802 enumerat.
1561 790 1601 795 —
1632 773 1680 803 lus
1714 774 1896 804 decimarum

1183 821 1277 846 ratum
1293 817 1571 847 liabet.—Sorores
1589 818 1796 856 proprietatem
1814 828 1899 858 prac-

1184 866 1336 890 suinentcs
1353 861 1461 891 babere
1474 861 1618 900 prohibet.
1633 879 1673 884 —
1689 861 1828 892 Eiusdem
1841 863 1898 892 loci

1183 905 1365 944 sepulturam
1385 905 1508 934 liberam
1532 914 1598 935 esse
1616 905 1758 936 decernit.
1776 923 1816 928 —
1841 906 1899 936 lm-

1185 950 1338 980 munitatis
1365 949 1516 979 decretum
1545 959 1596 988 pro
1625 951 1760 988 personis
1787 951 1897 980 rebus-

1185 1004 1251 1034 que:
1272 1011 1312 1016 —
1327 994 1410 1030 Quod
1423 994 1541 1024 roborat
1560 995 1654 1025 solitis
1669 995 1761 1025 claus.
1783 995 1898 1035 poenal.

1146 1061 1295 1089 Alexander
1314 1061 1455 1096 episcopus
1479 1068 1574 1089 sei-vus
1594 1068 1736 1090 servorum
1754 1061 1811 1094 Dei,
1832 1061 1901 1090 dile-

1192 1110 1245 1138 ctis
1264 1110 1292 1137 in
1320 1109 1428 1138 Christo
1447 1109 1566 1143 filiabus,
1599 1111 1714 1140 casotae
1743 1111 1902 1140 abbatissae

1191 1160 1352 1188 monasterii
1390 1159 1481 1187 Sancti
1511 1159 1659 1188 Zachariae
1696 1161 1728 1188 de
1764 1160 1901 1194 venetiis,

1192 1210 1303 1244 eiusque
1337 1209 1486 1241 sororibus,
1517 1210 1576 1237 tam
1611 1210 1803 1245 praesentibus
1823 1218 1903 1246 quam

1193 1259 1298 1287 suturis
1318 1259 1484 1294 regulariter
1515 1260 1722 1292 substituendis.
1755 1259 1783 1287 in
1806 1267 1912 1301 perpe--

1193 1309 1283 1337 tuum.

1198 1372 1373 1418 Apostoliei
1389 1371 1614 1407 moderaminis
1628 1372 1813 1407 clementiae
1829 1385 1904 1407 con-

1152 1422 1245 1462 venit,
1268 1422 1430 1468 religiosas
1452 1434 1602 1468 personas
1623 1421 1767 1476 diligere,
1794 1431 1823 1457 et
1849 1434 1903 1457 ea-

1151 1483 1221 1505 rum
1260 1472 1326 1506 loca
1369 1472 1438 1516 piae
1481 1471 1684 1518 protectionis
1727 1471 1903 1506 munimine

1151 1520 1324 1555 defensare.
1348 1520 1536 1576 Eapropter,
1562 1520 1723 1555 dilectae
1717 1533 1746 1554 in
1768 1520 1903 1556 Domino

1152 1570 1244 1610 tiliae,
1280 1570 1391 1604 vestris
1418 1570 1507 1604 iustis
1541 1569 1808 1616 postulationibus
1836 1570 1902 1605 ele-

1152 1628 1273 1654 menter
1302 1620 1491 1660 annuimus
1519 1628 1548 1653 et
1579 1619 1752 1666 piaefatum
1791 1631 1903 1654 mona-

1151 1669 1304 1709 sterium,
1343 1669 1371 1702 in
1405 1681 1468 1715 quo
1504 1669 1610 1703 divino
1642 1669 1716 1703 estis
1748 1668 1902 1715 obsequio

1153 1717 1357 1764 mancipatae
1384 1718 1444 1752 sub
1471 1718 1507 1752 B.
1531 1718 1615 1752 Petri
1638 1727 1667 1753 et
1695 1726 1799 1753 nostri
1828 1730 1903 1765 pro-

1151 1767 1287 1802 tectione
1309 1767 1513 1822 suscipimus,
1540 1775 1569 1801 et
1596 1768 1767 1814 praesentis
1791 1768 1900 1814 scripti

1152 1816 1317 1863 piiiilegio
1338 1818 1591 1858 comniiiniinus;
1615 1830 1643 1850 in
1670 1817 1779 1863 primis
1802 1818 1903 1864 siqui-

1152 1866 1223 1900 dem
1247 1874 1429 1906 statuentes
1459 1875 1491 1901 ut
1521 1867 1598 1901 ordo
1621 1867 1827 1910 monasticus,
1849 1867 1902 1914 qui

1152 1915 1326 1949 secundum
1350 1916 1470 1958 Deum,
1506 1926 1535 1950 et
1559 1915 1640 1951 beati
1662 1916 1828 1950 Benedicti
1851 1928 1904 1950 re-

1152 1964 1258 2010 gulam
1281 1974 1374 2012 atque
1397 1966 1638 2008 institutionem,
1663 1974 1693 1998 et
1715 1964 1905 2000 Cluniacen-

1153 2014 1233 2048 sium
1272 2013 1400 2048 fratrum
1429 2015 1656 2049 observantiam
1693 2015 1734 2049 ibi
1763 2015 1905 2050 noscitur

1153 2063 1333 2101 institutus.
1373 2065 1535 2111 perpetuis
1571 2064 1600 2098 in
1635 2074 1672 2098 eo
1705 2064 1904 2112 temporibus

1153 2113 1376 2148 inviolabiliter
1402 2113 1601 2153 observetur,
1635 2122 1791 2160 praeterea
1815 2126 1906 2160 quas-

1152 2174 1289 2209 cumque
1318 2163 1542 2208 possessioneS,
1569 2175 1788 2210 quaecumque
1822 2163 1903 2197 bona

1152 2211 1234 2246 idem
1258 2212 1482 2246 monasterium
1511 2212 1800 2259 impraesentiarum
1825 2212 1904 2246 iuste

1152 2269 1181 2295 et
1207 2262 1356 2295 canonice
1381 2261 1528 2307 possidet,
1550 2269 1603 2295 aut
1626 2262 1654 2295 iii
1673 2262 1812 2296 futurum
1827 2273 1905 2296 eon-

1152 2311 1295 2344 cessionc
1318 2310 1519 2354 Pontificum,
1542 2311 1706 2357 largitione
1728 2323 1836 2357 regum
1856 2311 1903 2345 vel

1154 2361 1350 2406 principum,
1383 2360 1541 2394 oblatione
1571 2360 1731 2401 fidelium,
1759 2361 1806 2395 vel
1834 2359 1904 2394 aliis

1154 2409 1242 2442 iustis
1279 2410 1402 2453 modis,
1437 2418 1611 2455 praestante
1647 2409 1806 2451 Domino,
1842 2421 1904 2456 po-

1154 2459 1223 2492 terit
1245 2457 1394 2505 adipisci,
1423 2460 1510 2493 firma
1546 2459 1644 2499 vobis,
1677 2469 1707 2493 et
1739 2459 1796 2503 eis,
1822 2470 1903 2505 quae

1154 2517 1222 2554 post
1237 2520 1290 2542 vos
1311 2509 1570 2548 succecesseriiit,
1592 2517 1622 2542 et
1643 2508 1758 2543 illibata
1775 2520 1902 2555 perma-

1189 2579 1227 2613 (ι)
1246 2578 1333 2604 Elidit
1351 2579 1486 2605 Bozzonus
1502 2579 1527 2605 in
1544 2579 1611 2606 Hist.
1623 2580 1776 2607 monasterii
1802 2578 1900 2612 huius,

1129 2628 1136 2662 ι
1153 2629 1178 2646 ιιι
1189 2619 1292 2645 collect.
1310 2618 1474 2645 Moiinment.

1904 236 1956 264 An.
1976 235 2087 263 (3.1180

1950 1384 2070 1405 Exordium.

1935 1529 2085 1550 nonasterium

1918 1561 1958 1581 hoc
1981 1560 2018 1581 snb
2040 1559 2102 1581 Sedis

1918 1590 2013 1618 Aposioi.
2049 1596 2104 1617 pro-

1918 1623 2013 1643 tectione
2032 1622 2104 1643 susei-

1918 1655 1956 1680 pit.

1943 1823 2081 1844 uonasiieum

1917 1855 2012 1876 ordinem
2053 1860 2104 1875 soi·-

1918 1887 1962 1906 vai-i
1977 1885 2070 1906 mandat:

1931 2161 2003 2183 Eidem
2047 2161 2104 2182 hona

1919 2194 1989 2214 omnia
2023 2192 2089 2213 eonii:

1919 2226 1974 2249 inan
