2180 3205
20 254 68 280 Λιι.
90 252 201 281 atta-'3

57 420 134 442 enituit
163 419 200 441 rt>

19 447 158 475 nubsertpno.

869 247 1021 270 mmxrt's
1044 247 1068 269 tt
1091 246 1138 268 ΙΨ.

233 300 322 337 Pauli
345 310 374 337 et
400 301 652 337 benedictionem
676 309 705 336 et
727 301 856 349 gratiam
877 314 982 337 conse-

230 360 354 399 quatur.
383 352 496 386 Anien.

279 400 350 436 Eoo
386 401 552 436 (hunus-
603 401 773 435 catholicae

230 450 412 497 episcopus,
435 450 620 496 subscripsi.

278 498 393 534 Datum
422 499 581 537 Laterani
607 511 660 543 ner
682 510 808 533 inanum
838 496 982 542 lingonis

229 556 355 584 sanctae
390 547 552 582 Roman-ie
587 548 748 583 E‹·clt==,sia‹
782 546 980 585 snlnliiconi

229 609 288 632 vill
304 597 375 631 idus
388 597 507 643 aprilis7
532 597 702 631 indictione
718 609 740 639 i,
756 595 981 629 incarnationis

228 645 406 681 dominicae
428 658 510 680 anno
533 658 672 688 mcxvii,
703 645 902 691 pontilieatus
923 656 980 677 au-

228 703 289 730 tem
313 695 420 728 domni
449 694 562 729 Calixti
588 695 611 728 ll
635 707 718 728 anno
747 705 776 727 v.

281 750 342 782 Dat.
366 752 413 782 die
435 752 453 781 (i
475 751 577 790 aprilis
601 761 676 780 anno
700 750 814 780 Domini
840 749 924 786 1123,

482 795 585 835 pontis.
605 805 681 824 anno
701 804 726 825 v.

824 399 981 434 tit-etesiae

533 952 670 987 XXXII.

377 1030 414 1063 In
439 1030 519 1063 idem
541 1036 753 1073 argumentum
776 1030 830 1071 (t).

496 1109 709 1141 SUMMAIttt'at

226 1175 325 1208 Series
347 1177 561 1207 controversiae
585 1177 660 1206 inter
681 1174 712 1204 B.
733 1174 874 1213 Stephani
891 1183 979 1203 cano-

266 1221 350 1251 nicos
367 1225 392 1251 et
409 1220 439 1250 B.
451 1221 567 1250 loannis
581 1220 782 1258 Evangelistae
794 1219 829 1248 de
842 1218 979 1248 cathedra

265 1275 311 1305 ep.
334 1270 363 1295 et
380 1265 415 1295 de
435 1266 565 1294 matricis
584 1264 661 1294 Eccl.
680 1265 830 1302 dignitate.
845 1279 885 1285 -
902 1262 978 1291 Sen-

268 1310 358 1340 tentia
377 1309 407 1338 in
423 1309 550 1338 savorem
569 1308 647 1338 Eccl.
665 1308 693 1338 S.
710 1308 860 1338 Iohannis.
881 1309 921 1346 (n.
939 1309 978 1346 r.)

226 1383 351 1414 Galixtus
370 1384 510 1420 episcopus
529 1391 624 1413 servus
643 1390 782 1412 servorum
798 1383 853 1416 Dei,
874 1383 980 1411 dilectis

269 1433 404 1462 tratribus
428 1435 456 1462 et
477 1433 552 1465 filiis,
583 1432 764 1468 suffraganeis
789 1432 921 1468 episcopis
953 1433 981 1460 et

270 1483 413 1512 abbatibus
454 1491 503 1519 per
539 1483 706 1510 Bisuntinam
729 1482 895 1518 provinciam
920 1488 979 1509 con-

270 1531 389 1565 stitutis.
404 1532 520 1560 satutem
530 1533 557 1560 et
569 1531 746 1567 apostolicam
759 1531 980 1575 benedictionem.

1654 236 1722 246 ---1

1654 247 1717 267 ool

1028 309 1151 343 nerunt,
1175 311 1276 346 neque
1293 312 1349 347 pro
1365 311 1398 334 se
1414 299 1647 334 exeusationem
1670 311 1778 346 quani-

1027 349 1099 382 liliet
1125 350 1379 395 praetenderunt.
1412 349 1624 391 Quamobrem
1655 360 1711 383 nos
1737 361 1774 384 ex

1025 399 1184 432 communi
1200 399 1325 432 l'ratrnm
1344 408 1522 433 nostrorum
1549 398 1773 444 episcoporum

1024 455 1051 480 et
1072 447 1232 487 aliliitum,
1255 448 1307 494 (pii
1326 448 1488 482 nobiscnm
1507 455 1606 491 erant,
1629 448 1773 490 consitio,

1024 497 1192 539 apostoliea
1229 497 1411 530 auctoritate
1433 497 1617 536 statuimus,
1654 505 1684 530 ut
1714 497 1772 530 iam

1024 544 1104 578 dieta
1129 544 1163 578 B.
1190 545 1336 579 Iohannis
1357 546 1487 580 ecclesia
1510 558 1635 579 omnem
1652 545 1774 590 episco-

1025 593 1102 639 palis
1124 594 1220 636 sedis,
1237 603 1263 627 ct
1289 594 1594 629 miti-icisEcclesiae
1617 595 1771 628 obtineret

1024 643 1053 675 in
1089 651 1246 689 posterum
1275 643 1479 687 «lignitatem.
1515 656 1608 690 qnam
1636 644 1774 690 antiquis

1022 691 1194 725 dinoscitur
1226 692 1402 725 obtinuisse
1434 692 1639 738 tetnporilins.
1685 692 1773 726 Unde

1025 791 1253 835 praecepimus,
1283 798 1315 822 ut
1345 790 1417 823 illud
1448 790 1538 824 nohis
1566 791 1771 825 maternitatis

1025 839 1219 885 privilegium
1255 839 1437 883 redderent,
1472 839 1556 885 quod
1593 852 1607 873 a
1641 840 1771 873 domino

1025 888 1264 932 praedecessore
1303 896 1410 922 nostro
1441 896 1567 922 sanetae
1601 889 1771 923 memoriae

1025 936 1165 971 l‘ascliali
1192 937 1277 983 Papa
1312 949 1366 983 per
1397 937 1560 972 mendacia
1593 946 1622 972 et
1654 937 1771 972 fraudis

1025 987 1190 1020 versutiam
1222 995 1453 1032 surrepserunt.
1482 986 1644 1033 Rogamus
1678 988 1773 1032 igitur

1023 1035 1220 1070 dilectionem
1238 1044 1383 1073 vestram.
1398 1048 1563 1070 monemus
1577 1044 1670 1082 atque
1686 1048 1771 1082 prae-

1023 1084 1174 1130 cipimus,
1207 1093 1239 1119 ut
1276 1084 1464 1131 praedictam
1502 1084 1589 1119 Beati
1623 1085 1772 1119 Iohannis

1022 1134 1206 1172 ecclesiam,
1241 1142 1368 1168 matrem
1406 1142 1538 1169 vestram
1578 1134 1769 1169 omnimodis

1022 1184 1234 1227 cognoscatis,
1262 1193 1290 1218 et
1313 1183 1523 1218 obedientiam
1560 1184 1586 1217 ci
1614 1195 1649 1217 ac
1677 1196 1770 1217 reve-

1024 1233 1153 1266 rentiam
1173 1232 1347 1266 hnmilitate
1370 1232 1473 1266 debita
1491 1232 1690 1279 impendatis.
1706 1232 1770 1265 Nos

1022 1281 1104 1314 enim
1138 1281 1253 1315 ideirco
1282 1283 1341 1315 hoc
1369 1282 1498 1316 fecimus
1529 1282 1601 1328 quia
1624 1289 1653 1315 et
1676 1283 1770 1315 totius

1024 1330 1065 1363 rei
1090 1331 1248 1364 veritatem
1273 1331 1388 1364 nostris
1408 1332 1503 1364 visam
1523 1330 1623 1365 oculis
1647 1331 1771 1377 plenius

1023 1379 1178 1420 novimus.
1214 1389 1243 1413 et
1279 1380 1355 1413 ratio
1387 1379 1415 1413 id
1441 1380 1604 1425 poscebat,
1640 1388 1669 1414 et
1697 1380 1772 1426 quia

1023 1427 1108 1462 Beati
1131 1428 1281 1474 Stephani
1304 1428 1460 1471 canonici,
1483 1429 1575 1462 tertio
1588 1428 1700 1470 vocati,
1724 1440 1771 1463 vc-

1024 1477 1090 1510 nire
1120 1477 1157 1511 ad
1182 1478 1331 1512 iudicium
1360 1486 1629 1523 contempserunt.

1072 1526 1185 1560 Datum
1209 1526 1348 1567 Tarenti,
1377 1538 1410 1560 iv
1433 1527 1503 1560 idus
1523 1527 1713 1562 novembris.

1798 240 1845 266 Λη.
1867 239 1893 265 C.
1914 239 1979 265 ¹122

1822 708 1933 728 Sententia
1956 707 1978 726 tn

1811 742 1816 753 ι
1833 740 1892 754 orem
1922 734 1978 754 Eccl-

1025 740 1109 774 Beati
1126 741 1275 786 Stephani
1291 742 1451 774 canonicis
1468 742 1648 787 perscripta
1667 751 1768 776 nostra
1798 741 1927 780 ,ζιυωῃγψ

1140 1581 1201 1613 Dat.
1224 1583 1270 1613 die
1295 1584 1332 1614 10
1354 1583 1529 1613 novembris.
1549 1585 1590 1623 (n.
1612 1585 1651 1623 T.)

51 1607 124 1630 Series
150 1612 203 1629 con-

22 1635 138 1656 troversiae
146 1636 204 1655 inter

22 1660 157 1687 &stephani
166 1666 203 1682 ca-

23 1688 110 1710 nonicos
115 1691 136 1708 et
147 1688 203 1708 uenti

23 1713 108 1736 hunnis
132 1713 203 1735 Evan-

50 1741 109 1762 lisiae
131 1741 157 1761 de
167 1746 202 1761 ca-

23 1770 30 1788 t
47 1768 97 1789 eitra
108 1773 140 1794 ep.
147 1771 170 1788 et
177 1768 204 1788 de

23 1795 116 1816 maii-teis
149 1794 204 1816 tect.

23 1819 133 1848 dignitate.

263 1601 449 1657 Postquam
491 1615 549 1637 nos
583 1603 612 1636 in
653 1601 852 1647 Apostolicae
887 1601 980 1636 Sedis

226 1651 451 1695 ministerium
470 1651 658 1697 disponente
671 1651 821 1693 Domino,
845 1652 978 1696 promoti

227 1712 350 1738 sumus,
365 1679 548 1735 Bisuiitinae
557 1700 717 1734 Ecclesiae
727 1700 813 1734 Beati
830 1699 980 1734 Iohannis

227 1750 435 1798 evangelistae
473 1750 616 1784 canonici
644 1762 738 1796 saepe
761 1761 849 1783 suam
874 1761 979 1783 coram

228 1798 321 1833 nobis
334 1799 562 1845 querimoniam
579 1798 778 1845 protulerunt
800 1810 895 1844 supet
908 1811 981 1832 con-

228 1848 376 1882 troversia
405 1848 468 1888 itta,
495 1860 576 1901 quae
604 1848 684 1881 inter
715 1859 811 1893 ipsos
840 1855 869 1881 et
892 1847 979 1881 Beati

228 1896 382 1943 Stephani
405 1909 574 1932 canonicos
608 1897 728 1930 diutius
760 1910 788 1930 a
779 1897 914 1942 gitatur
941 1896 980 1930 de

229 1945 397 1992 episcopali
425 1946 568 1981 videlicet
593 1945 752 1989 cathedra,
780 1954 810 1979 et
843 1945 981 1979 matricis

230 1994 392 2029 Ecclesiae
413 1995 575 2041 dignitate.
597 1994 638 2028 Et
661 2007 717 2029 nos
740 1995 844 2041 itaque
867 2003 982 2029 utram-

231 2054 293 2089 que.
327 2052 446 2090 partem
483 2043 624 2079 secundo
650 2043 688 2078 ad
725 2051 862 2078 nostram
892 2056 980 2089 prac-

229 2091 362 2126 sentiam
399 2094 654 2127 convocavimus.
692 2092 755 2127 Sed
791 2105 862 2127 cum
893 2093 981 2126 Beati

229 2140 379 2176 Iohannis
400 2143 543 2176 canonici
565 2142 603 2176 ad
623 2154 681 2175 nos
699 2142 782 2175 iuxta
798 2141 980 2175 mandatum

198 2229 200 2231 ‚
230 2198 372 2225 nostrum
393 2193 552 2231 venirent,
567 2191 655 2225 Beati
671 2190 822 2236 Stephani
839 2191 981 2224 canonici

230 2250 264 2272 se
286 2239 354 2273 sine
375 2241 576 2274 excusatione
593 2239 735 2286 qualibet
749 2240 981 2273 subtraxerunt.

229 2286 333 2322 Tertia
357 2288 481 2322 tandem
510 2289 576 2323 Vlce
599 2288 767 2322 termInum
793 2288 935 2333 utrisque
952 2288 981 2321 in

231 2335 313 2371 beati
339 2336 444 2371 Lucae
467 2337 630 2371 festivitate
654 2337 833 2371 statuimus
863 2336 900 2370 Et
916 2338 984 2390 qui-

231 2384 304 2419 dem
345 2386 492 2433 praedicti
521 2385 606 2420 Beati
652 2385 801 2419 Iohannis
839 2385 983 2419 canonici

231 2442 340 2469 nostro
363 2447 396 2469 se
423 2435 617 2480 conspectui,
641 2435 789 2469 iustitiam
814 2435 909 2481 parati
939 2434 984 2468 fa-

232 2494 303 2518 cere
329 2492 359 2518 et
387 2484 539 2530 recipere,
566 2483 767 2524 obtulerunt;
797 2496 905 2517 verum
933 2496 984 2517 ca-

232 2532 338 2567 nonici
360 2532 467 2567 Sancti
490 2532 642 2579 Stephani
667 2544 770 2579 neque
791 2534 828 2567 ad
857 2545 914 2567 nos
933 2545 986 2567 ve-

1321 1745 1469 1780 XXXIII.

1023 1821 1245 1854 nonasterium
1271 1822 1306 1854 S.
1338 1822 1463 1865 Georgii
1488 1822 1521 1854 in
1540 1822 1681 1866 partibus
1719 1819 1772 1854 Ve-

1071 1872 1221 1903 nellorum
1249 1871 1309 1903 soli
1342 1872 1533 1915 Apostoli'cae
1566 1872 1641 1903 sedi·
1672 1871 1774 1902 subie-

1071 1927 1150 1952 ctum
1179 1921 1371 1957 declaratur,
1406 1921 1526 1964 eiusque
1558 1921 1638 1953 bona
1667 1920 1772 1952 omnia

1072 1981 1126 2002 con
1140 1976 1295 2002 armantur
1321 1970 1346 2011 tl
1357 1971 1377 2012 ).

1305 2049 1518 2080 SUMMARIUM

1024 2114 1190 2144 Exordium.
1212 2132 1251 2137 —
1271 2115 1478 2144 Monasterium
1502 2115 1557 2144 soli
1581 2115 1679 2154 Apost.
1706 2113 1774 2144 Sedi

1064 2159 1231 2195 subiicitur,
1248 2164 1275 2188 et
1293 2159 1328 2188 al)
1348 2159 1426 2187 omni
1446 2159 1576 2197 episcopi
1592 2159 1633 2187 vel
1649 2159 1773 2196 patriar-

1063 2204 1134 2232 chae
1154 2203 1357 2232 iurisdictione
1369 2207 1533 2240 exemptum
1549 2203 1723 2232 declaratur.
1735 2217 1774 2223 —

1064 2247 1200 2276 Eiusdem
1216 2247 1289 2276 hona
1303 2247 1399 2276 omnia
1412 2248 1634 2276 confirmantur:
1649 2256 1714 2275 cum
1727 2247 1778 2276 de-

1063 2295 1140 2320 creto
1165 2295 1321 2329 perpetuae
1344 2292 1538 2329 exemptionis
1561 2300 1575 2319 a
1600 2291 1776 2319 cuiuscum-

1064 2343 1120 2373 que
1140 2343 1282 2372 personae
1303 2334 1447 2362 molestia.
1458 2350 1496 2355 —
1508 2333 1694 2363 Sacramenta
1708 2342 1774 2362 vero

1064 2378 1099 2407 ab
1122 2378 1261 2416 episcopo
1280 2377 1335 2406 loci
1352 2377 1522 2414 accipienda
1548 2386 1613 2406 esse
1630 2378 1775 2407 statuitur.

1064 2438 1103 2443 —
1121 2421 1242 2450 Abbatis
1262 2430 1328 2450 vero
1351 2420 1524 2450 electionem
1546 2430 1596 2459 per
1614 2422 1692 2450 solos
1716 2430 1778 2450 mo-

1066 2465 1175 2494 nachos
1211 2466 1416 2502 peragendam.
1448 2480 1487 2486 —-
1516 2464 1629 2494 Census
1660 2474 1777 2494 annuus

1066 2509 1255 2538 Lateranensi
1279 2508 1383 2546 palatio
1404 2509 1625 2546 persolvendus.
1643 2525 1682 2530 —
1703 2508 1779 2538 Soli-

1067 2558 1110 2582 tae
1129 2554 1290 2582 clausulae.
1308 2569 1347 2573 —-
1364 2552 1466 2581 Calixti
1489 2552 1542 2581 Pt'.
1565 2553 1756 2591 subscriptio.

269 2600 308 2641 (l)
324 2605 363 2632 Ex
380 2605 501 2632 (jhisssetii
518 2606 631 2632 llistoria
651 2606 836 2633 Trenorciana.

353 2657 426 2688 Ball.
446 2657 523 2688 Rom.
553 2658 608 2688 t'ol.
627 2658 664 2688 II.
825 2657 864 2688 43

1063 2619 1101 2653 (t)
1122 2618 1160 2644 Ex
1179 2621 1242 2644 toni.
1264 2625 1280 2643 v
1297 2617 1353 2642 nat.
1372 2618 1431 2643 έιις.
