2180 3205
142 272 190 297 An.
208 270 236 295 tl.
259 268 325 295 1097

175 1601 295 1622 Exordium.

181 2254 269 2274 ‚tt-anast.
289 2253 340 2273 Cas-

154 2281 238 2301 sincnse
249 2286 294 2299 cum
304 2280 339 2299 bo-

153 2307 186 2327 1115
194 2307 289 2327 omuino<
299 2308 340 2327 tto-

155 2339 230 2354 manae
269 2333 340 2353 Eccle-

155 2360 201 2380 siae
219 2359 341 2379 1011501111)-

155 2389 218 2407 Cium.

404 246 473 279 132

678 305 778 341 XLII.

351 377 552 422 Confirmatio
574 377 726 409 bonorum
748 374 897 412 omnium,
921 385 957 406 ac
973 374 1104 417 prz'oi'le-

398 429 519 470 giorum
537 426 692 459 Cassinen.
708 424 887 457 mmmslerii
898 436 904 455 :
921 435 989 456 cnm
1003 425 1104 456 decla-

398 477 532 512 ratione,
560 475 643 519 quod
669 475 789 508 nullum
815 474 910 506 eidem
936 474 1104 517 praeiudi-

399 526 476 558 cium
495 525 646 568 inseratur
667 535 705 558 eat
718 523 889 568 privilegiis
912 523 1104 555 monasteriis

399 576 434 607 S.
459 574 594 618 Sophiae
618 575 830 607 Beneuentano
863 578 890 605 ec
920 572 1103 605 Bandusiae

398 635 496 668 nuper
523 624 668 657 concessis
691 624 745 666 (l).

628 700 842 732 SUMMARIUM

349 765 517 796 Exordium.
533 780 573 786 -
586 763 710 793 Monast.
729 761 906 791 Cassinense
932 771 998 791 cum
1017 761 1104 791 bonis

389 805 527 835 omnibus
554 804 703 833 Romanae
730 802 879 831 Ecclesiae
907 802 964 831 iuri
999 801 1104 831 subie-

391 851 481 874 ctum.
496 861 535 866 —-
551 843 628 873 Bona
651 843 747 872 onmia
772 844 797 871 ci
821 844 1042 871 confirmantur.
1067 859 1106 863 —

392 885 546 914 Decretum
576 883 771 912 immunitatis
795 882 830 910 ab
858 882 937 910 omni
962 881 1105 910 molestia.

392 942 432 947 —-
449 924 621 959 Declaratio,
643 922 720 960 quod
745 931 777 950 ex
800 921 962 960 privilegiis
983 926 1106 950 monast

392 964 421 994 S.
439 964 576 1011 Sophiae,
596 972 629 992 ac
645 961 814 991 Bandusiae
834 970 927 999 nuper
943 962 1106 996 concessis,

390 1005 504 1034 nullum
527 1002 546 1032 C
551 1003 679 1032 assinen.
704 1001 920 1045 praeiudicium
952 1000 1104 1029 inseratur.

390 1043 572 1080 —Prixilcg
571 1043 602 1071 ia
633 1042 731 1070 onmia
760 1041 854 1069 eidem
885 1040 1104 1069 confirmantur.

390 1101 430 1107 —
444 1082 520 1112 Cella
543 1081 687 1111 Palladii
680 1090 710 1110 111
730 1080 802 1109 urbe
819 1079 914 1109 eidem
935 1080 1108 1109 conceditur

391 1124 420 1153 in
449 1122 621 1169 hospitium
639 1137 680 1142 —
704 1119 802 1149 Abhas
830 1128 845 1148 a
872 1119 1027 1149 monachis
1046 1119 1104 1149 eli-

392 1163 517 1201 gendus.
539 1177 579 1183 —
596 1160 762 1190 Clausulae.

351 1230 474 1258 Urbanus
494 1228 635 1264 episcopus
655 1233 749 1254 servus
760 1232 900 1254 servorum
915 1225 970 1258 Dei,
983 1232 1108 1254 reveren-

397 1279 508 1306 dissimo
528 1278 555 1305 et
575 1276 717 1305 carissimo
741 1275 826 1304 fratri
851 1275 980 1308 odorisio,
1006 1276 1110 1304 nostris

397 1335 446 1363 per
459 1327 503 1355 Dei
514 1326 635 1362 gratiam
645 1325 770 1353 manibus
787 1326 815 1353 et
825 1325 853 1353 in
865 1325 1031 1352 cardinalem
1048 1332 1109 1353 san-

397 1379 458 1406 ctae
469 1377 602 1404 Romanae
614 1375 747 1403 Ecclesiae
760 1375 938 1407 sacerdotem,
950 1376 977 1402 et
988 1375 1015 1402 in
1029 1375 1109 1402 abba-

399 1427 455 1455 tem
474 1425 644 1454 cassinensis
668 1424 827 1452 monasterii
847 1425 1014 1457 consecrato,
1040 1424 1109 1452 eius·

400 1483 450 1512 que
469 1474 670 1503 successoribus
700 1473 868 1509 regulariter
898 1473 1108 1505 substituendis,

400 1525 429 1553 in
447 1525 618 1561 perpetuum.

406 1588 534 1622 Praeter
572 1586 719 1632 generale
764 1585 902 1620 caritatis
944 1585 1110 1630 debitum,

357 1645 482 1685 praeter
503 1636 694 1677 sinoutarem
718 1635 809 1669 vestii
844 1635 988 1669 coenobii
1014 1647 1110 1681 prae-

358 1687 541 1733 rogativ,am
556 1698 615 1732 qua
634 1685 665 1719 in
681 1685 871 1719 monasticae
894 1684 1110 1731 legislatione,

357 1744 388 1771 et
410 1737 506 1770 latore
525 1734 726 1769 sanctissimo
746 1733 922 1768 Benedicta
947 1734 1112 1768 universo-

359 1798 426 1820 rum
445 1797 499 1831 per
520 1784 724 1819 Occidentem
740 1783 1002 1818 monasteriorum
1018 1792 1111 1830 capnt

358 1847 373 1868 a
397 1834 534 1868 Domino
557 1833 747 1876 institutum,
771 1833 821 1866 illa
848 1833 941 1867 etiam
969 1832 1113 1878 benigni-

359 1884 429 1917 tatis
445 1882 690 1930 magnificentia,
709 1894 771 1928 qua
793 1893 930 1928 semper,
947 1889 977 1928 et
997 1882 1112 1916 nostris

359 1932 529 1980 praecipue
557 1930 764 1977 temporibus,
788 1931 990 1977 congregatio
1012 1940 1112 1966 vestra

359 1989 486 2016 sanctae
499 1980 662 2015 Romanae
684 1979 828 2014 subvenit
841 1980 1013 2019 Ecclesiae
1030 1980 1112 2014 mul-

360 2040 425 2065 tum
437 2042 493 2065 1105
502 2029 602 2064 eidem
615 2030 684 2064 loco
697 2029 761 2063 sore
771 2029 931 2074 compellit
946 2029 1111 2064 obnoxios.

358 2080 389 2114 Is
404 2080 487 2114 enim
509 2079 597 2113 locus
613 2087 790 2112 nostrorum
807 2090 978 2125 pauperum
1000 2079 1114 2113 releva-

361 2129 417 2172 tio,
444 2128 630 2175 fugientium
654 2127 999 2173 refugimmiessorum
1022 2127 1114 2162 Sedis

360 2178 562 2225 Apostolicae
578 2177 712 2211 filiorum
730 2177 856 2223 requies
870 2177 1024 2212 indefessa
1043 2190 1114 2223 per-

361 2227 478 2262 mansit
516 2234 547 2261 et
573 2233 746 2273 permanet.
782 2226 820 2260 Et
855 2238 911 2259 nos
938 2238 1024 2272 ergo,
1053 2236 1112 2260 tam

362 2276 486 2311 divinae
508 2275 724 2310 constitutioni
748 2287 842 2321 quam
859 2275 1011 2310 fraternae
1031 2276 1116 2310 beni-

363 2326 491 2371 gnitatis
525 2324 687 2359 dulcedini
724 2324 975 2370 respondentes,
1011 2325 1114 2360 locum

365 2376 483 2421 ipsum,
505 2383 536 2408 et
570 2374 715 2408 universa
742 2373 781 2408 ad
815 2386 887 2408 eum
914 2374 1115 2421 pertinentia,

365 2424 471 2469 quieta
493 2435 619 2469 semper
639 2431 670 2458 et
687 2424 829 2458 omnium
850 2423 1028 2458 mortalium
1044 2424 1116 2469 iugo

364 2472 462 2506 libera
496 2484 694 2519 permanere,
728 2480 758 2507 et
785 2472 845 2507 sub
867 2472 965 2507 solius
991 2481 1116 2507 sanctae

366 2521 528 2555 Romanae
556 2521 717 2556 Ecclesiae
756 2521 823 2555 inre
860 2533 895 2556 ac
933 2521 1118 2556 defensione

404 2590 555 2656 (UUESidit
578 2590 686 2617 Gattula
706 2591 772 2618 Hist.
795 2591 931 2618 Cassinen.
957 2590 1055 2618 saecul.
1079 2599 1118 2623 vt,

369 2639 429 2666 pag.
471 2638 508 2656 t.

945 251 1130 274 But-mittun
1161 251 1227 272 11031
1239 250 1319 272 ΧΝὊΝΙ

1147 313 1294 351 pei-petua
1331 303 1437 338 haberi
1472 302 1692 336 derernimus:
1722 303 1751 336 in
1779 302 1895 349 quibus

1146 354 1221 388 haec
1245 354 1380 400 propriis
1413 351 1596 386 nominibus
1622 351 1799 386 adnotanda
1829 353 1897 386 du-

1146 404 1259 437 ximus.
1293 402 1327 436 ln
1363 402 1471 448 primis
1504 402 1730 436 monasterium
1766 401 1895 435 Domini

1145 452 1315 487 Salvatoris
1332 451 1466 498 positum
1489 449 1528 484 ad
1554 450 1664 496 pedem
1689 451 1788 497 ipsius
1804 463 1897 485 mon-

1146 503 1196 545 tis,
1223 510 1316 548 atquc.
1339 499 1563 534 monasterium
1580 499 1613 534 S.
1638 499 1694 534 Dei
1718 499 1896 535 Genetricis

1147 551 1286 597 Virginis
1313 550 1444 590 Mariae,
1472 548 1557 596 quod
1587 556 1714 583 vocatur
1741 549 1897 584 Plumba-

1147 601 1228 641 rola·,
1251 600 1389 646 itemque
1413 598 1638 633 monasterium
1659 597 1694 632 S.
1722 597 1839 632 Mariae
1864 599 1896 632 in

1147 649 1279 695 Cingla,
1307 649 1418 683 cellam
1453 648 1487 682 S.
1521 647 1684 682 Benedicti
1722 647 1751 681 in
1789 646 1898 693 Capua

1147 711 1217 733 cum
1242 699 1328 733 cellis
1350 707 1379 733 et
1396 697 1594 744 pertinentiis
1612 697 1691 739 suis,
1710 695 1743 730 S.
1759 695 1898 742 Sophiae

1148 749 1177 782 iu
1194 748 1387 787 Benevento,
1409 747 1443 781 S.
1466 746 1583 780 Mariae
1605 746 1636 780 in
1651 745 1794 780 Canneto
1816 746 1899 781 iuxta

1148 798 1277 831 fluvium
1300 797 1456 840 Trinium,
1479 796 1513 831 S.
1530 795 1696 830 Benedicti
1716 802 1746 830 et
1767 795 1801 830 S.
1819 795 1900 830 Lau-

1148 847 1239 881 rentii
1274 847 1303 880 in
1331 846 1475 885 Salerno‚
1498 845 1532 879 S.
1556 844 1671 879 Mariae
1704 844 1735 878 111
1767 844 1899 879 Tremiti

1148 908 1219 930 cum
1243 895 1319 942 ipsis
1341 895 1464 937 insulis,
1486 893 1520 929 S.
1545 894 1738 928 Liberatoris
1759 893 1790 927 in
1813 893 1901 928 Mar-

1149 945 1216 979 chia
1261 957 1333 979 cum
1377 944 1525 979 omnibus
1568 943 1633 977 suis
1676 943 1898 990 pertinentiis,

1148 994 1181 1038 S.
1204 994 1398 1028 Benedicti
1392 1007 1421 1027 111
1442 993 1549 1032 Marsi,
1568 992 1602 1027 S.
1617 992 1757 1027 Mariae
1751 1005 1782 1026 111
1799 992 1823 1026 Ι
1813 1005 1900 1048 uco,

1149 1052 1178 1077 et
1200 1043 1233 1077 S.
1258 1042 1398 1078 Cosmati
1427 1042 1459 1076 in
1481 1041 1636 1083 Civitella,
1664 1041 1698 1076 S.
1726 1041 1838 1088 Angeli
1867 1042 1899 1077 in

1150 1092 1275 1137 Bai-103*
1258 1105 1298 1126 io
1325 1104 1396 1126 cum
1418 1091 1566 1125 omnibus
1599 1091 1796 1136 pertinentiis
1822 1091 1900 1133 suis,

1149 1141 1183 1176 S.
1207 1141 1323 1175 Mariae
1345 1141 1526 1175 ancillarum
1549 1139 1608 1175 Dei
1634 1140 1663 1173 in
1684 1140 1807 1174 civitate
1825 1140 1901 1175 Cos-

1151 1191 1262 1234 sentia,
1291 1190 1324 1225 S.
1352 1190 1467 1224 Mariae
1496 1189 1527 1223 in
1555 1189 1675 1229 Barise‚
1709 1189 1744 1223 S.
1776 1188 1902 1223 Ioannis

1153 1240 1325 1285 puellarum
1362 1240 1390 1273 111
1418 1238 1546 1286 Capua,
1573 1238 1681 1273 Sancti
1715 1238 1829 1284 Angeli
1863 1238 1904 1273 ad

1152 1289 1309 1328 Formam,
1331 1288 1466 1323 Sanctae
1485 1288 1603 1335 Agatae
1626 1288 1656 1322 in
1678 1287 1812 1325 Aversa:
1826 1288 1900 1323 item

1151 1338 1258 1373 Sancti
1292 1338 1378 1376 Rufi.
1412 1345 1443 1372 et
1468 1336 1575 1372 Sancti
1608 1336 1771 1372 Benedicti
1801 1337 1901 1372 Pizuli

1152 1388 1182 1421 in
1210 1387 1329 1434 Capua,
1356 1387 1465 1421 Sancti
1493 1387 1577 1421 Petri
1606 1386 1645 1421 de
1667 1386 1763 1427 Laco,
1791 1385 1901 1421 Sancti

1152 1436 1236 1471 Petri
1271 1437 1309 1470 de
1335 1436 1483 1471 Avellana
1499 1464 1507 1476 ,
1534 1436 1641 1471 Sancti
1667 1435 1834 1477 Herasmi,
1874 1443 1905 1470 et

1151 1486 1258 1521 Sancti
1282 1485 1445 1520 Benedicti
1475 1494 1505 1520 et
1526 1484 1660 1520 Sanctae
1686 1484 1904 1520 Scholasticae

1152 1535 1183 1569 in
1201 1534 1320 1575 Caieta,
1344 1535 1451 1569 Sancti
1468 1534 1570 1580 Magni
1592 1535 1622 1568 in
1646 1533 1762 1577 Fundi,
1785 1533 1818 1568 S.
1833 1533 1904 1568 Ste-

1152 1585 1258 1631 phani,
1290 1592 1320 1618 et
1347 1583 1454 1619 Sancti
1478 1583 1640 1618 Benedicti
1668 1583 1698 1617 in
1721 1583 1903 1625 Terracina,

1152 1634 1257 1668 Sancti
1280 1633 1364 1668 Petri
1388 1634 1418 1667 in
1440 1633 1583 1677 Foresta,
1598 1632 1705 1668 Sancti
1728 1632 1818 1667 Pauli
1843 1632 1907 1667 ibi-

1153 1683 1251 1722 dem,
1287 1683 1421 1717 Sanctae
1461 1682 1577 1717 Mariae
1613 1683 1643 1716 in
1676 1682 1901 1723 Pontecorbo‚

1152 1732 1258 1767 Sancti
1278 1732 1414 1766 Dionisii
1433 1732 1470 1766 ad
1494 1732 1641 1776 Pontem,
1662 1731 1797 1766 Sanctae
1818 1731 1905 1766 Ana-

1152 1782 1290 1822 stasiae,
1318 1781 1423 1816 Sancti
1452 1781 1614 1816 Benedicti
1653 1781 1683 1815 in
1721 1781 1906 1816 Benevento

1153 1831 1191 1865 ad
1231 1831 1356 1865 Portam
1390 1830 1513 1871 Rofini,
1541 1830 1648 1865 Sancti
1683 1829 1845 1864 Benedicti
1874 1830 1906 1865 in

1154 1880 1307 1919 Pantano,
1326 1879 1434 1914 Sancti
1454 1879 1566 1925 Angeli
1588 1887 1618 1913 et
1639 1878 1745 1913 Sancti
1767 1879 1904 1913 Hicandi

1154 1929 1183 1962 in
1217 1929 1332 1969 Troia,
1366 1928 1500 1963 Sanctae
1526 1928 1661 1963 Ceciliae
1688 1928 1718 1961 in
1752 1927 1905 1974 Neapoli,

1153 1978 1260 2012 Sancti
1278 1978 1415 2012 Eustasii
1437 1977 1476 2012 de
1492 1977 1654 2018 pantasia,
1676 1977 1782 2011 Sancti
1802 1977 1907 2012 Bene-

1154 2028 1227 2062 dicti
1262 2027 1292 2061 in
1320 2027 1458 2071 Larino,
1491 2035 1521 2061 et
1547 2026 1654 2061 Sancti
1681 2026 1846 2061 Benedicti
1873 2026 1904 2060 in

1154 2077 1333 2118 Pectinari,
1372 2076 1506 2111 Sanctae
1540 2075 1655 2110 Mariae
1688 2075 1725 2109 ad
1760 2074 1903 2110 Casaletn

1156 2126 1300 2165 Planum,
1328 2125 1552 2160 Sanctissimae
1583 2124 1746 2159 Trinitatis
1767 2125 1798 2158 in
1825 2125 1907 2159 Ter-

1156 2176 1251 2213 mule.
1279 2175 1385 2210 Sancti
1403 2174 1528 2209 Focatis
1546 2174 1576 2208 in
1601 2174 1712 2208 Lesina
1734 2186 1805 2208 cum
1838 2173 1907 2209 fuce

1156 2233 1185 2259 ct
1214 2225 1364 2271 piscaria,
1392 2223 1425 2257 S.
1454 2223 1617 2258 Benedicti
1652 2223 1683 2257 in
1711 2223 1844 2263 Ascula.
1871 2222 1906 2257 S.

1157 2274 1292 2308 Eustasii
1316 2274 1346 2307 in
1363 2273 1454 2307 Petra
1473 2272 1671 2312 Abundanth
1699 2273 1772 2306 item
1787 2271 1821 2306 S.
1838 2272 1906 2306 Eu-

1156 2323 1242 2357 stasii
1266 2323 1297 2356 in
1320 2322 1446 2369 Vipera,
1473 2321 1505 2356 S.
1529 2321 1646 2356 Mariae
1668 2321 1697 2355 in
1720 2321 1905 2365 Bari-etam»,

1157 2372 1190 2406 S.
1218 2372 1431 2406 Scholasticae
1466 2371 1496 2404 in
1523 2371 1637 2411 Pinne,
1669 2370 1702 2405 S.
1737 2369 1909 2405 Salvatoris

1158 2422 1189 2455 in
1216 2421 1323 2461 Tave,
1351 2420 1458 2455 Sancti
1498 2420 1618 2455 Nicolai
1659 2419 1741 2453 iuxta
1776 2418 1906 2454 fiuvium

1157 2470 1290 2505 Trutino
1334 2470 1364 2504 in
1406 2469 1554 2509 Abruti0‚
1600 2468 1634 2504 S.
1672 2467 1835 2503 Benedicti
1876 2468 1907 2502 in

1158 2519 1302 2561 Trunto,
1341 2519 1448 2554 Sancti
1475 2518 1636 2553 Benedicti
1664 2517 1695 2551 111
1735 2516 1829 2552 tluvio
1858 2517 1909 2552 Ti-

1160 2569 1245 2609 51110,
1285 2568 1318 2603 S.
1359 2567 1550 2614 Apollinaris
1590 2567 1619 2601 in
1656 2566 1781 2606 Firmo,
1820 2565 1906 2612 quod

1160 2617 1274 2653 dicitur
1295 2612 1337 2652 ad
1361 2617 1530 2665 Opplanis,
1556 2615 1591 2652 S.
1616 2615 1732 2651 Mariae
1754 2616 1784 2650 in
1805 2615 1908 2651 Arbo-

1923 264 1972 289 An.
1992 262 2021 290 C.
2038 263 2104 290 1097

1957 316 2015 336 Bona
2036 316 2106 337 omnia

1923 343 1943 363 ei
1953 342 2100 363 confirmantur

2173 2355 2180 2410 lt

2174 2416 2180 2482 ἶ
