2180 3205
70 210 120 238 An.
139 210 168 239 C.
184 212 252 240 1073

103 1179 220 1199 mur-tium.

905 225 1101 249 ALEXANnEn
1129 227 1153 249 lt
1181 227 1232 249 ΡΙ).

596 278 727 315 xxvtt.

285 351 438 389 Ecclesia,
460 353 499 386 ab
516 353 685 386 ,vtltmanno
707 353 884 386 Patavienst'
897 353 1035 396 episcopo

332 402 375 434 ad
408 404 580 444 reynluwnt
617 403 834 435 canonicorum
873 402 968 434 vitant
1004 402 1035 433 in

332 451 487 484 territorio
523 451 704 484 Putavit-nsi
729 457 924 491 constructa,
955 461 1034 483 con-

331 499 478 543 firmatur
502 501 564 542 (l).

554 568 767 600 SUMtttARIttttt

282 627 450 660 Exordium.
468 647 507 653 —-
524 630 710 661 Confirmatio
733 630 876 660 bonorum
896 630 964 660 liuic
982 629 1033 659 Ec-

323 669 433 699 clesiae
451 670 596 700 datorum.
621 687 660 692 -
685 670 788 700 Οιιιιιί·ι
809 670 879 699 baec
899 670 934 699 ad
952 679 1033 699 eom-

322 717 441 739 munem
470 710 671 739 tantummodo
694 719 780 739 usum
805 710 953 739 dtsertire
982 710 1033 739 do-

320 749 423 778 cernit.
440 766 480 772 —
508 749 660 779 Decretum
684 758 736 788 pro
763 749 947 779 immunitate
979 749 1031 778 Ee-

321 787 429 818 clesiae
449 789 595 819 eiusdem.

284 846 416 879 Alexander
438 851 558 889 episeopus
576 860 653 880 sortus
674 858 789 880 servornm
806 849 857 887 Dei,
874 849 959 879 dilecto
969 848 1031 879 fratri

323 893 344 921 in
357 893 446 923 Clu-isto
465 895 589 924 ,tltntanno
608 894 737 924 l'atatiensi
759 894 876 932 episcopo,
891 898 912 923 et
926 903 966 932 per
978 903 1030 923 eunt

319 936 446 976 Bet-testae,
468 947 536 976 quant
565 939 588 967 in
612 938 728 967 territorio
757 938 860 967 einsdent
886 938 985 967 civitatis
1008 939 1030 967 in

323 986 388 1021 portu
403 982 461 1012 lleni
480 983 581 1012 tltnninis
596 983 732 1019 construxit,
752 986 773 1011 et
797 983 818 1011 in
835 982 920 1011 bonore
935 982 1030 1012 Sanctae

321 1026 449 1063 Trinitatis,
473 1030 493 1055 et
520 1026 635 1055 Passionis
657 1026 748 1055 lltnnini
775 1027 845 1055 nostri
866 1026 914 1055 lesu
937 1026 1028 1064 ctu-isti,

320 1074 450 1101 satirtortnn
467 1070 570 1099 Andreae
583 1070 691 1108 apostoli,
712 1069 861 1099 l‘antaleonis
877 1071 991 1109 martiris,
1007 1075 1028 1099 et

319 1115 392 1145 saneti
414 1114 503 1144 Nirolai
522 1113 656 1143 rottlcssoris
678 1115 826 1151 consecrauit,
847 1114 1028 1152 inperpetuum.

329 1176 486 1211 Convenit
513 1176 684 1222 apostolico
712 1176 919 1210 moderamini
955 1177 1029 1210 reli-

279 1226 375 1272 giosis
396 1224 562 1260 desideriis
596 1233 626 1259 et
655 1225 858 1271 petitionibus
884 1238 919 1259 ea
944 1225 1029 1259 beni-

279 1275 410 1321 gnitate,
431 1282 462 1308 εἰ
481 1274 604 1320 pietatis
626 1274 731 1308 studio
752 1273 1005 1309 condescendere
1020 1302 1027 1315 ‚

282 1323 493 1369 effectumque
515 1323 680 1369 praebere3
704 1331 747 1362 ut,
766 1322 842 1356 dnm
857 1323 1027 1369 spiritualis

279 1371 446 1406 auctoritas
484 1370 577 1406 officii
618 1372 664 1405 sui
705 1371 846 1405 debitum
883 1372 1026 1417 peragit,

281 1419 356 1455 dum
385 1420 432 1466 pia
449 1419 587 1454 fidelium
609 1427 722 1455 statuta
747 1420 957 1454 roborandum
979 1432 1028 1455 ve·

280 1468 469 1503 nerabilibus
498 1469 574 1504 locis
608 1468 799 1516 praesidium
833 1468 1026 1504 detonsionis

279 1517 444 1565 impendit,
468 1517 541 1552 hinc
567 1518 697 1553 effectus
718 1529 873 1564 supernae
897 1518 1026 1552 retribu-

277 1567 372 1601 tionis
394 1566 534 1601 lucretur
555 1567 693 1610 initium,
721 1566 806 1614 quod
834 1567 865 1600 in
887 1567 1025 1614 parando

276 1615 430 1650 beneficio
453 1628 515 1650 non
546 1617 651 1651 minor
686 1615 743 1650 fuit
769 1616 902 1660 caritas,
929 1628 1023 1662 quam

276 1673 435 1711 potestas3
469 1664 530 1699 hoc
561 1666 644 1700 enim
672 1673 702 1699 et
730 1664 884 1700 bonorum
911 1665 1025 1700 studiis

275 1725 332 1760 spe
357 1713 540 1761 proficiendi
570 1721 799 1760 augumentum
838 1714 968 1757 tribuit,
995 1723 1025 1749 et

277 1774 359 1810 opus
393 1763 556 1810 proprium
585 1763 687 1798 fructu
723 1763 924 1810 profectionis
957 1764 1024 1798 Deo

275 1811 470 1858 acceptabile
492 1812 605 1847 reddit.
642 1812 762 1858 ltaque,
785 1812 897 1846 dilecte
920 1812 1023 1853 stater,

275 1860 438 1895 carissima
474 1862 573 1896 sancti
611 1861 695 1896 Petri
728 1861 788 1895 filia
828 1862 1024 1907 impetatrice

274 1909 397 1956 Agnete
424 1922 548 1955 semper
574 1911 715 1957 Augusta
735 1910 890 1944 indicante
919 1910 1022 1954 nobis,

276 1938 323 1993 teo
333 1959 363 1993 in
392 1959 543 1994 suburbio
570 1960 701 1994 civitatis
732 1967 801 1993 tuae
838 1959 922 1994 iuxta
951 1971 1024 2005 por-

278 2015 343 2041 tum
374 2008 522 2054 praedicti
559 2009 698 2042 lla-minis
732 2008 836 2051 Reui,
863 2008 900 2042 ad
929 2020 1024 2042 com—

276 2068 406 2091 munem
428 2064 458 2091 et
484 2057 657 2103 regularem
686 2057 912 2096 canonicorum
930 2057 1022 2091 vitam

274 2105 439 2140 ecclesiam
474 2106 705 2145 construxisse;
733 2114 763 2139 ct
792 2113 824 2139 nt
846 2117 914 2140 eam
940 2105 1023 2140 iuxta

275 2154 472 2201 propositum
499 2163 569 2189 tuae
604 2154 780 2190 devotionis
813 2163 842 2189 et
869 2155 1024 2189 coustitu-

275 2202 370 2237 tionis
397 2204 581 2250 apostolicis
606 2203 776 2251 privilegiis
805 2204 1023 2243 firmaremus,

274 2259 340 2286 tum
366 2251 434 2299 ipsa
456 2260 559 2299 partes
588 2260 655 2287 tuas
678 2252 844 2293 referente,
869 2260 933 2286 tuni
953 2252 1024 2299 ipso

275 2312 332 2348 pro
355 2308 384 2335 te
410 2301 608 2336 sanctissimo
635 2301 794 2336 desiderio
822 2301 1023 2347 postulante,

275 2357 362 2384 tanto
402 2350 557 2397 propitius
590 2350 753 2396 uttiusque
787 2350 936 2384 voluntati
964 2362 1024 2384 an-

274 2398 437 2433 nuendum
458 2410 527 2434 esse
547 2399 764 2439 iudicavimus,
787 2406 904 2445 quanto
923 2406 953 2433 et
973 2407 1022 2433 tua

276 2455 346 2482 tota
368 2447 450 2482 iusta
471 2460 540 2483 esse
561 2449 676 2483 certius
695 2448 912 2493 intelligimus,
933 2455 964 2482 et
986 2447 1025 2481 il-

275 2495 337 2530 lius
362 2496 517 2532 desideria
543 2497 652 2532 divino
673 2508 804 2531 accensa
827 2497 939 2543 spiritu
959 2496 1026 2530 ubi-

273 2556 336 2591 que
374 2546 550 2593 prosperari
597 2546 756 2593 cupimus.
802 2544 1025 2581 Concedentes

308 2601 347 2637 (t)
367 2602 406 2629 Ex
423 2606 486 2630 tom.
505 2611 524 2630 u
542 2602 680 2637 Metropol.
699 2602 846 2637 Salisburg.

1730 219 1776 250 47

1078 281 1172 327 igitur
1199 281 1264 323 tibi,
1293 291 1323 317 ct
1358 283 1513 330 praefatae
1539 282 1700 318 Ecclesiae
1727 283 1824 319 huius

1077 331 1172 365 nostri
1191 332 1352 378 apostolici
1377 332 1492 368 decreti
1517 333 1728 380 privilegium,
1750 345 1825 367 san-

1076 380 1178 414 cimus
1199 382 1413 427 etapostolica
1435 382 1619 417 auctoritate
1641 382 1823 421 statuimus,

1076 437 1109 463 ut
1130 429 1256 473 clerici,
1283 431 1337 477 qui
1372 431 1417 466 vel
1448 431 1586 467 nuncin
1617 432 1726 467 eadem
1762 431 1823 466 Ec-

1075 478 1168 513 clesia
1191 486 1264 513 sunt
1285 479 1440 521 ordinati,
1467 480 1528 516 sub
1549 480 1711 516 communi
1736 492 1823 516 sem-

1077 539 1131 574 per
1153 527 1224 569 vita,
1246 536 1276 562 et
1297 528 1464 565 claustrale
1485 531 1723 565 conversatione
1744 542 1822 565 con-

1074 576 1202 618 sistant;
1217 577 1254 612 ad
1269 590 1403 625 quorum
1418 591 1618 614 communem
1641 592 1733 615 usum
1749 592 1824 615 con-

1075 626 1258 671 firmamus,
1300 635 1331 662 et
1363 628 1661 664 incommutabiliter
1687 629 1822 664 tenenda

1073 674 1285 717 decernimus,
1308 676 1515 713 determinate
1548 678 1675 724 Quidem
1692 706 1701 723 ,
1734 688 1764 713 et
1785 691 1821 713 ea

1073 736 1153 771 quae
1182 726 1419 772 praenominata
1459 727 1641 774 imperatrix
1679 728 1821 774 Augusta

1074 786 1129 820 pro
1156 774 1295 810 remedio
1316 776 1440 811 animae
1462 788 1537 811 suae
1558 776 1696 812 donavit.

1074 868 1244 903 Enunwrat
1263 871 1462 914 possessiones
1479 876 1543 904 lum
1557 872 1596 905 ab
1617 872 1820 916 imperatrice,

1096 925 1159 952 eum
1176 919 1214 953 ab
1236 920 1374 964 episcopo
1397 920 1466 954 huic
1482 921 1636 955 Ecclesiae
1652 923 1793 955 donatas.

1119 1010 1379 1066 Iltec,1nqttam,
1406 1014 1524 1055 onmia,
1547 1021 1577 1048 et
1597 1025 1819 1061 quaecumque

1070 1059 1163 1094 etiam
1197 1061 1389 1096 innominata
1415 1061 1495 1097 bona
1524 1062 1626 1097 eidem
1659 1062 1820 1097 Ecclesiae

1072 1108 1117 1142 tel
1141 1121 1224 1144 nunc
1247 1110 1326 1144 iuste
1345 1111 1455 1145 collata
1474 1119 1560 1155 sunt,
1588 1112 1664 1146 ΧοΙ’
1659 1125 1687 1145 ιιι
1713 1120 1819 1158 poste-

1071 1169 1138 1190 rum
1162 1158 1229 1193 Deo
1255 1159 1442 1206 disponente
1465 1138 1673 1201 confe⁷renda‚
1709 1173 1745 1195 eo
1769 1169 1818 1195 te-

1071 1218 1145 1241 nore
1167 1215 1197 1241 et
1223 1208 1405 1243 auctoritate
1432 1209 1469 1243 ad
1497 1221 1700 1244 communem
1725 1222 1817 1244 usum

1070 1254 1198 1290 fratrum
1227 1256 1342 1291 ibidem
1367 1257 1432 1292 Deo
1456 1257 1676 1294 famulantium
1701 1258 1818 1293 decer-

1069 1304 1174 1339 nimus
1196 1312 1225 1339 et
1252 1306 1512 1348 corroboramus;
1551 1317 1583 1342 ut
1614 1320 1815 1342 communem

1068 1360 1098 1387 et
1125 1354 1299 1399 regularem
1329 1355 1422 1389 vitam
1451 1355 1627 1400 ducentes,
1664 1356 1740 1390 nibil
1777 1357 1817 1391 dc

1068 1401 1157 1436 bonis
1190 1402 1348 1438 Ecclesiae
1390 1405 1570 1459 praeposito
1602 1413 1633 1439 et
1665 1405 1816 1451 sinsrulari

1068 1451 1137 1484 usui
1161 1451 1339 1486 vendicent.
1368 1452 1409 1487 Ut
1432 1453 1509 1487 baec
1532 1453 1626 1495 intur
1648 1463 1752 1487 nostra
1769 1454 1817 1488 de-

1066 1507 1149 1533 creta
1183 1500 1349 1535 adiuvante
1385 1501 1520 1536 Domino
1555 1502 1697 1549 undique
1726 1502 1814 1537 sitin-a

1067 1547 1247 1596 illibataque
1271 1559 1487 1605 permaneant,
1515 1552 1686 1597 apostolica
1705 1552 1818 1586 autbo-

1067 1597 1155 1631 ritate
1182 1599 1415 1643 (onstituimus,
1440 1608 1472 1633 ut
1494 1600 1601 1634 nullus
1625 1613 1690 1640 r,ex
1719 1601 1817 1647 impe-

1066 1655 1159 1687 rator,
1184 1647 1258 1688 dux,
1275 1660 1393 1689 comes
1415 1649 1596 1696 episcopus,
1624 1649 1671 1683 vel
1693 1649 1818 1684 arcliie-

1067 1695 1227 1743 piscopus‚
1250 1709 1305 1731 seu
1340 1698 1443 1744 aliqua
1477 1710 1610 1744 persona
1645 1698 1816 1733 saecularis

1065 1753 1117 1779 aut
1139 1745 1358 1787 ecclesiastica,
1388 1746 1556 1793 ρι’·ιιοΓιιῑιιη
1580 1747 1623 1781 Er
1619 1748 1757 1782 clesiam
1776 1747 1815 1782 ab

1065 1806 1102 1828 eo
1128 1803 1207 1828 statu
1231 1803 1261 1829 et
1288 1774 1410 1840 ordine,
1433 1807 1526 1842 quem
1555 1797 1701 1842 superius
1729 1808 1816 1831 con-

1066 1843 1271 1883 summimus,
1293 1844 1457 1885 dixellere
1481 1853 1535 1879 aut
1564 1845 1668 1892 aliqua
1691 1854 1818 1891 pertur-

1066 1891 1191 1926 batione
1230 1893 1385 1939 impedire
1413 1901 1614 1940 praesumat,
1650 1894 1696 1928 iel
1725 1895 1817 1940 quic-

1065 1958 1156 1992 qnam
1180 1946 1219 1980 de
1242 1946 1335 1981 rebus
1362 1954 1391 1981 et
1420 1947 1512 1981 bonis
1539 1946 1702 1981 Ecclesiae
1733 1947 1814 1981 inva-

1065 1998 1139 2033 dere.
1165 2007 1218 2033 ant
1239 1999 1427 2041 diminuere,
1444 2001 1490 2035 vel
1512 2000 1551 2034 ab
1575 2013 1632 2035 usu
1653 2000 1815 2034 fructuum

1064 2052 1248 2088 subtrahere
1281 2053 1404 2088 audeat.
1442 2053 1547 2101 Siquis
1573 2062 1680 2088 autem
1708 2061 1818 2088 contra

1064 2105 1159 2140 huius
1181 2114 1304 2140 nostrae
1322 2107 1493 2141 sanctionis
1507 2106 1631 2141 decreta
1648 2106 1815 2141 temerario

1064 2171 1142 2194 ausu
1168 2159 1273 2193 venire
1295 2160 1472 2201 tentaverit,
1502 2172 1601 2207 usque
1624 2159 1663 2194 ad
1686 2159 1816 2206 dignam

1064 2212 1307 2247 satisfactionem
1330 2213 1538 2248 anathematis
1561 2214 1671 2260 laqueo
1702 2225 1736 2248 se
1769 2213 1813 2247 ir-

1067 2267 1195 2301 retitum
1230 2267 1362 2301 noverit.
1404 2267 1465 2308 Qui
1495 2279 1567 2302 vero
1594 2267 1672 2301 haec
1704 2266 1815 2301 eadem

1067 2320 1150 2355 fideli
1173 2320 1340 2355 devotione
1361 2320 1528 2355 observare
1561 2320 1737 2361 curaverit,
1769 2319 1818 2353 (li-

1066 2374 1162 2418 vinae
1183 2373 1444 2408 remunerationis
1465 2373 1610 2419 gratiam,
1636 2381 1665 2408 et
1686 2380 1818 2420 aposto-

1068 2427 1143 2462 lieae
1164 2426 1394 2462 benedictionis
1421 2426 1471 2461 hic
1497 2434 1528 2461 et
1554 2426 1586 2461 in
1609 2426 1714 2461 futuro
1736 2438 1817 2461 con-

1065 2489 1217 2528 sequatur
1239 2479 1473 2514 abundantiam.
1501 2479 1617 2514 Datum
1646 2479 1768 2514 Romae
1799 2490 1819 2513 v

1066 2547 1140 2569 non.
1167 2534 1267 2569 martii
1291 2546 1346 2580 per
1368 2545 1480 2568 manus
1499 2533 1585 2568 Petri
1604 2541 1730 2568 sanctae
1749 2532 1818 2567 Ro-

1066 2600 1177 2624 manae
1209 2587 1371 2622 Ecclesiae
1404 2586 1543 2634 presbyt.
1585 2585 1754 2622 cardinalis
1781 2597 1817 2621 ac

1847 214 1895 240 An.
1915 213 1942 241 C.
1962 213 2028 241 1073

1882 554 2014 574 (luunt-niatu,

1845 579 1946 601 luiturum
1979 582 2027 601 tnnc

1845 606 1953 628 fler-tostae
1969 608 2028 627 ssatu-

1846 640 1895 653 rnnu

1871 1274 1945 1295 Omnia
1976 1274 2029 1295 huuc

1845 1301 1871 1320 ad
1897 1307 2028 1321 connituneni

1845 1328 1988 1347 tantummodo
2008 1334 2029 1347 u·

1846 1359 1890 1373 sum
1923 1354 2030 1374 deservire

1845 1379 1947 1400 deceruit.

1870 1406 2027 1428 Decretum-ro

1845 1432 1973 1453 immunitate
1991 1432 2005 1452 E
2021 1442 2028 1448 ·

1845 1459 2027 1480 clasiaeeiusdem.
