2180 3205
137 252 184 277 vu.
205 242 234 269 C.
253 242 320 270 1073

173 1470 220 1489 Ηομ
228 1468 297 1488 miurr.

195 2348 333 2367 liet-morum

155 2374 279 2395 Pontificum
315 2373 340 2392 de

155 2400 296 2421 &etesiarum
304 2399 341 2419 lm-

153 2433 179 2448 no
199 2426 325 2446 so'llcitndo.

402 231 451 264 48

352 290 604 334 bibliothecarii,
632 301 715 324 aimo
738 300 787 322 xit
816 287 1017 335 pontificatus
1048 286 1101 321 do-

354 343 429 377 miui
459 340 627 375 Alexandri
651 338 677 372 ll
701 338 821 384 Papae,
849 337 1019 371 indictione
1041 348 1087 370 xi.

423 398 485 428 Dal.
503 398 549 427 die
569 396 586 425 3
605 395 700 424 martii
719 403 794 423 anuo
813 393 927 422 Domini
947 393 1031 429 1073,

511 435 615 475 pontif.
637 433 792 464 Alexandri
809 442 884 462 anno
903 442 951 462 xu.

665 497 795 505 -ι

654 551 802 587 XXVIII.

353 627 556 672 Confirmatio
596 627 766 664 bonorum,
801 636 837 658 ac
870 623 1102 668 prt‘vileqt'ortmz

403 677 551 709 concessio
573 675 686 708 Eremo
709 674 819 718 Campi
844 673 996 706 Amabt'lz‘s
1029 684 1103 704 con-

403 726 594 769 gregationis
642 723 862 756 monachornm
908 722 1103 755 eremitarum

406 774 700 807 Camoldnlensi'um.

621 834 836 866 SL'MMARIUM

355 894 545 925 l'rooemium.
562 910 602 915 —
612 893 804 923 Decessorum
818 891 990 921 Pontificum
1004 890 1039 920 de
1053 889 1105 919 Ee-

394 934 554 964 clesiarum
573 932 649 962 bono
669 932 837 962 solicitudo.
855 947 894 952 —
910 930 1033 959 Eremus
1050 930 1104 959 sul>

395 974 483 1003 tutela
521 973 606 1003 Sedis
639 972 823 1011 Apostolicae
858 970 1028 1008 suscipitur.
1067 986 1106 991 —

395 1013 567 1042 Enunciatio
586 1012 716 1041 locorum
738 1011 838 1040 eremi.
853 1026 892 1031 —
908 1009 1011 1043 lussio,
1027 1009 1103 1046 quod

395 1063 409 1082 a
430 1053 547 1081 nemine
571 1051 778 1089 perturbentur
796 1049 952 1085 monachi,
969 1065 1008 1069 —
1028 1048 1060 1077 Et
1076 1048 1104 1076 in

394 1091 571 1121 celsitudine
586 1089 841 1127 contemplationis
859 1092 1055 1126 perseverent.
1068 1103 1107 1109 —-

395 1131 524 1161 Licentia
559 1129 721 1167 recipiendi
760 1128 877 1157 ordines
917 1137 932 1156 a
971 1127 1105 1155 viciniori

396 1171 489 1209 episc.
519 1171 543 1199 si
564 1169 732 1198 ordinarius
757 1168 795 1196 sit
817 1167 956 1196 canonice
984 1165 1108 1204 impedi-

396 1215 454 1239 tus.
504 1226 541 1230 -α
579 1207 847 1237 Excommunicatio
886 1206 914 1234 in
953 1205 1106 1234 violatores

396 1250 485 1279 liuius
499 1248 613 1278 indulti.
624 1264 664 1269 —
675 1246 772 1277 Gratia
787 1246 859 1275 illud
871 1245 1107 1275 observantibus.

357 1310 488 1341 Alexander
503 1311 715 1349 episcopusservus
735 1317 852 1338 seriorum
870 1307 921 1345 Dei,
946 1307 1032 1335 dilecto
1061 1306 1108 1335 fillo

396 1355 490 1384 Rustico
508 1354 587 1393 priori,
600 1357 621 1383 et
634 1356 730 1382 cunctae
741 1353 790 1381 eius
804 1351 990 1389 congregationi,
1004 1350 1032 1378 tle
1045 1349 1106 1386 loro,

396 1400 436 1437 qui
453 1398 538 1428 dit-itur
552 1398 651 1436 tlatnpus
665 1395 785 1433 Aruabilis,
806 1397 828 1425 in
844 1400 989 1434 perpetuum.

407 1460 493 1495 Nulli
516 1460 656 1494 fidelium
682 1459 765 1493 venit
788 1458 819 1492 in
841 1457 972 1491 dubium
989 1484 997 1496 ,
1032 1456 1108 1503 quin

358 1510 459 1544 Sedes
484 1508 675 1555 Apostolica,
703 1519 740 1542 eo
762 1506 846 1553 quod
872 1507 1015 1552 princeps
1041 1505 1109 1539 exi-

359 1567 419 1593 stat
445 1559 585 1592 omnium
608 1557 845 1599 Ecclesiarum,
880 1554 1029 1588 omnibus
1051 1554 1109 1588 lioc

360 1609 439 1649 iure,
466 1615 496 1642 et
511 1606 615 1641 debita
636 1604 848 1645 solicitudine,
869 1603 1021 1638 Ecclesiis
1036 1615 1111 1649 prae-

362 1669 432 1691 esse
458 1655 583 1699 debeat,
607 1664 716 1700 utnon
740 1653 842 1688 solum
865 1665 916 1688 eas
939 1652 1111 1687 catholicae

362 1705 523 1751 religionis
546 1704 665 1738 unitate
687 1702 876 1742 concludat,
903 1701 958 1736 sed
986 1712 1111 1747 genera—

364 1754 435 1789 liter
459 1753 498 1788 ab
531 1753 603 1794 his,
640 1764 721 1799 quae
755 1752 951 1786 extrinsecus
983 1762 1113 1797 promo—

361 1810 485 1843 ventur,
511 1814 568 1836 sua
594 1801 777 1836 auctoritate
804 1800 901 1835 salvet
923 1807 954 1834 et
979 1799 1109 1833 muniat.

362 1852 447 1887 Inter
464 1863 542 1898 quas
565 1859 669 1885 tamen
692 1850 873 1897 complures
896 1848 1111 1888 inveniuntur,

363 1912 445 1949 quae
471 1899 598 1947 speciali
625 1907 656 1934 et
684 1899 809 1945 propria
839 1897 1113 1933 commendatione

364 1950 396 1984 in
422 1949 548 1984 tutelam
571 1948 712 1983 eiusdem
740 1947 832 1982 Sedis
854 1946 1053 1994 Apostolicae
1080 1957 1112 1980 se

365 1998 545 2042 contulere,
577 2005 608 2033 et
640 1996 767 2044 speciali
802 1996 929 2031 caritate
957 2003 987 2030 et
1008 1994 1113 2029 studio

365 2060 442 2083 suae
467 2046 577 2082 Matris
597 2046 782 2093 amplexae,
815 2045 990 2080 securiores
1017 2051 1048 2078 et
1079 2043 1114 2077 li-

365 2097 505 2132 beriores
538 2095 578 2130 ab
614 2095 701 2130 omni
733 2094 931 2129 infestatione
965 2093 1115 2127 consiste-

367 2153 446 2181 rent.
479 2145 567 2187 Quas
589 2152 623 2179 ut
643 2143 774 2190 dignum
797 2152 884 2187 erat,
918 2142 959 2176 ita
991 2142 1022 2175 in
1056 2153 1114 2176 suo

367 2195 439 2230 sinu
459 2194 602 2229 Romana
627 2192 767 2239 suscepit
794 2191 946 2235 Ecclesia,
969 2198 1115 2236 tantaque

367 2243 503 2292 protexit
536 2242 676 2290 undique
702 2241 883 2287 diligentia,
907 2248 942 2274 ut
967 2239 1115 2274 omnibus

369 2300 565 2338 ornamenta,
591 2290 739 2338 presidia,
761 2289 924 2325 nonnullis
945 2300 1072 2336 quoque
1086 2295 1117 2323 et

369 2341 499 2388 gratiam
516 2347 681 2376 consecret
701 2342 744 2384 (1)
766 2338 1029 2386 amplificationis.
1057 2337 1116 2372 Cu-

369 2392 419 2426 ius
445 2390 489 2425 rei
513 2389 606 2425 nobis
633 2388 766 2436 plurima
799 2387 943 2434 exempla
976 2386 1117 2421 sanctis-

370 2439 441 2474 simi
463 2438 518 2472 viri
540 2438 801 2485 praedecessores
823 2437 920 2471 nostri
944 2436 1116 2482 reliquere,

370 2488 425 2536 qui
451 2494 523 2522 ante
544 2499 603 2522 nos
624 2486 654 2521 in
677 2499 725 2530 ea,
747 2499 839 2533 quam
862 2486 1011 2526 diximus,
1030 2485 1118 2530 Apo-

371 2536 480 2572 stolica
496 2535 580 2571 Sede
601 2535 767 2582 fulgentes,
789 2547 846 2582 pro
868 2535 986 2569 honore
1007 2533 1119 2568 Eccle-

406 2602 446 2638 (t)
462 2600 608 2629 Conferret.

934 232 1120 257 notaturus!
1143 230 1305 254 ROMANUM

1143 285 1259 319 siarum
1283 283 1352 323 Dei,
1380 289 1410 316 et
1432 293 1539 317 earum
1566 280 1751 315 exaltatione
1774 280 1891 326 magis,

1143 346 1236 380 quam
1251 345 1305 379 pro
1321 332 1380 366 vita
1397 339 1449 365 aut
1464 330 1563 365 salute
1575 343 1642 370 sua,
1657 330 1770 365 soliciti
1790 330 1889 364 suere.

1143 382 1297 417 Novimus
1320 380 1506 415 monasteria
1529 379 1661 425 plurima
1676 406 1683 419 ,
1715 386 1745 414 et
1768 386 1889 413 caetera

1143 430 1352 466 ecclesiastica
1381 429 1474 473 bona,
1500 440 1581 475 quae
1603 440 1618 462 a
1642 428 1796 474 religiosis
1818 428 1890 462 viris

1143 480 1181 515 ad
1206 479 1411 527 patrocinium
1435 486 1466 513 et
1491 477 1707 512 defensionem
1732 477 1891 524 Apostoli-

1143 542 1197 564 cae
1218 529 1310 564 Sedis
1331 536 1404 563 sunt
1431 527 1548 571 delata,
1575 538 1647 561 cum
1666 538 1788 560 summa
1815 526 1892 560 cari-

1144 586 1205 613 tate
1226 578 1264 613 al)
1291 577 1351 614 illis
1378 584 1535 623 suscepta,
1562 583 1592 610 et
1619 575 1781 622 privilegio
1814 587 1891 622 apo-

1144 628 1271 662 stolicae
1305 626 1498 661 defensionis
1531 624 1619 672 qnasi
1655 636 1745 658 muro
1772 625 1890 658 munita

1146 677 1336 711 firmissimo.
1371 675 1405 710 In
1433 687 1494 722 qua
1523 687 1555 709 re
1589 686 1686 721 quam
1714 682 1821 708 sancte
1843 673 1892 707 l'e-

1144 726 1257 766 cerint‚
1279 734 1309 760 et
1332 725 1458 759 illorum
1495 723 1585 758 nobis
1612 723 1751 758 ostendit
1772 722 1890 768 gloria,

1145 782 1175 809 et
1197 775 1294 821 ipsius
1323 774 1365 809 rei
1388 781 1449 808 tam
1473 772 1631 807 fructuosa
1666 772 1775 819 gratia.
1812 771 1891 805 Nam

1145 836 1217 858 cum
1251 823 1386 858 oratoria
1418 823 1448 857 in
1488 833 1563 868 pace
1599 830 1629 856 et
1665 820 1890 867 tranquillitate

1145 872 1333 915 consistunt,
1362 871 1572 906 ecclesiastica
1598 870 1749 905 beneficia
1774 881 1893 916 paupe-

1146 934 1195 956 res
1217 921 1335 955 Cliristi
1362 921 1514 960 nutriunt,
1547 919 1614 954 laus
1636 918 1703 953 Deo
1737 918 1892 964 condigna

1146 970 1355 1017 depromitur,
1387 977 1417 1004 et
1438 968 1575 1004 remedia
1605 975 1803 1015 peccatorum
1828 975 1889 1001 tam

1147 1020 1223 1053 vivis
1247 1031 1339 1065 quam
1367 1018 1523 1053 defunctis
1551 1017 1599 1064 pie
1627 1017 1865 1064 impenduntur.

1195 1068 1214 1114 S
1242 1070 1271 1101 l.
1304 1067 1394 1101 Unde
1431 1079 1488 1101 nos
1518 1067 1549 1101 in
1576 1065 1685 1101 eadem
1713 1065 1891 1112 Apostolica

1147 1116 1240 1156 Sede,
1264 1128 1326 1150 non
1350 1116 1464 1150 uostris
1490 1115 1621 1158 meritis,
1643 1115 1699 1150 sed
1722 1114 1828 1148 divina
1850 1115 1892 1148 lo-

1148 1166 1205 1199 cati
1239 1165 1358 1211 gratia,
1391 1165 1560 1198 oratorium
1588 1163 1694 1198 Sancti
1723 1163 1893 1197 Salvatoris

1150 1214 1178 1248 in
1193 1214 1313 1260 Campo
1328 1213 1462 1247 Amabit}
1483 1220 1720 1255 constructum,
1736 1222 1765 1246 ct
1784 1223 1894 1246 omnes

1149 1263 1244 1297 cellas
1283 1263 1341 1309 ipsi
1378 1263 1584 1297 adhaerentes
1623 1269 1653 1296 et
1688 1260 1892 1296 circumcirca

1149 1312 1339 1355 adiacentes,
1361 1320 1391 1346 et
1413 1312 1517 1346 onmia
1539 1311 1577 1346 ad
1601 1311 1703 1356 ipsum
1732 1311 1894 1357 pertinen-

1151 1361 1202 1405 tia,
1230 1361 1389 1395 communi
1424 1361 1585 1407 rogatione
1612 1360 1752 1402 fratrum,
1785 1360 1815 1393 in
1843 1366 1895 1392 tu-

1150 1410 1241 1444 telam
1264 1409 1455 1456 apostolicae
1475 1409 1680 1449 auctoritatis,
1703 1416 1733 1442 et
1755 1416 1894 1442 nostram

1150 1471 1432 1504 successorumque
1478 1466 1657 1492 nostrorum
1703 1457 1897 1503 suscipimus

1151 1507 1383 1542 defensionem:
1407 1508 1488 1541 salva
1511 1507 1638 1554 quidem
1661 1518 1736 1541 suae
1758 1505 1897 1539 lllatricis

1152 1556 1308 1591 Ecclesiae
1335 1556 1437 1590 debita
1464 1564 1494 1591 et
1527 1556 1677 1590 canonica
1704 1555 1896 1595 reverentur,

1152 1606 1302 1649 volentes,
1337 1613 1371 1638 ut
1393 1614 1452 1639 tam
1478 1605 1526 1652 pia
1554 1604 1693 1639 fidelium
1720 1604 1894 1638 animarum

1152 1654 1286 1699 devotio,
1320 1654 1435 1701 quibus
1463 1654 1545 1688 idem
1573 1653 1744 1688 oratorium
1772 1652 1828 1686 fuit
1855 1652 1899 1686 in-

1152 1711 1310 1750 caeptum,
1348 1711 1378 1737 et
1413 1703 1515 1737 adhuc
1550 1714 1649 1749 usque
1684 1701 1895 1749 productum,

1152 1752 1219 1787 Deo
1241 1759 1370 1801 crescat,
1389 1760 1419 1786 et
1441 1752 1502 1786 illis
1523 1764 1695 1798 eorumque
1719 1750 1852 1798 posteris
1868 1758 1899 1784 et

1153 1801 1412 1845 successoribus,
1450 1801 1488 1835 ad
1526 1800 1657 1835 salutem
1697 1799 1839 1846 corporis
1870 1807 1900 1833 et

1152 1851 1275 1886 animae
1303 1850 1453 1897 proficiat.
1481 1849 1536 1884 Sic
1563 1849 1697 1896 denique
1712 1849 1815 1896 ipsum
1834 1860 1901 1882 ora-

1153 1901 1267 1934 torium
1290 1907 1320 1934 et
1343 1899 1536 1945 praedictum
1560 1897 1683 1940 locum,
1706 1909 1778 1932 cum
1801 1896 1901 1931 omni-

1155 1949 1214 1983 bns
1248 1947 1369 1982 cellulis
1396 1955 1427 1982 et
1460 1947 1605 1994 hospitiis
1639 1946 1723 1986 suis,
1750 1958 1806 1980 seu
1833 1946 1901 1980 nni-

1154 1998 1251 2032 versis
1278 1997 1370 2031 rebus
1403 1996 1441 2030 ad
1473 2008 1545 2030 eum
1580 1994 1830 2042 pertinentibus,
1867 1994 1898 2028 in

1155 2054 1291 2081 nostram
1315 2045 1530 2080 defensionem
1555 2044 1758 2091 suscipimus,
1782 2051 1815 2077 ut
1838 2052 1900 2077 tam

1156 2095 1218 2136 itta,
1241 2107 1319 2142 quae
1341 2095 1436 2128 modo
1452 2094 1568 2129 habere
1590 2102 1620 2128 et
1642 2101 1748 2127 tenere
1765 2092 1902 2133 videtur,

1155 2156 1247 2192 quam
1275 2155 1355 2190 quae
1378 2143 1408 2177 in
1444 2151 1533 2177 antea
1560 2143 1627 2177 Deo
1649 2141 1801 2188 largiente
1822 2141 1902 2176 iuste

1156 2193 1318 2240 acquirere
1340 2192 1470 2240 poterit,
1499 2192 1688 2237 ubicumque
1716 2191 1816 2238 posita
1840 2190 1904 2224 fne-

1157 2242 1228 2283 rint,
1263 2241 1322 2276 sub
1353 2241 1552 2288 Apostolicae
1578 2240 1672 2275 Sedis
1697 2239 1839 2275 custodia
1873 2246 1904 2273 et

1158 2299 1288 2326 tuitione
1310 2298 1492 2325 consistant.

1206 2340 1226 2386 S
1251 2342 1284 2373 2-
1312 2339 1418 2374 Primo
1441 2339 1544 2386 itaque
1571 2339 1640 2374 loco
1666 2337 1812 2385 ponimus
1834 2348 1904 2372 ere-

1159 2401 1244 2423 mum
1272 2397 1301 2423 οι
1319 2388 1490 2423 oratorium
1517 2388 1611 2422 situm
1633 2388 1664 2421 iu
1687 2387 1767 2427 loco,
1789 2386 1842 2432 qui
1861 2386 1904 2420 di·

1159 2438 1239 2472 citur
1264 2437 1402 2484 Campus
1424 2437 1585 2472 Amabilis.
1608 2434 1776 2476 Secundo,
1800 2435 1906 2481 hospi·

1161 2487 1235 2521 tium
1251 2487 1329 2531 eius,
1342 2486 1548 2532 quoddicitur
1562 2484 1646 2520 Fons
1660 2484 1779 2519 Bonus.
1796 2483 1904 2518 Tertio

1160 2535 1360 2576 coenobium,
1379 2535 1462 2581 quod
1478 2542 1525 2569 est
1538 2541 1752 2568 constructum
1773 2532 1803 2566 in
1821 2533 1904 2574 loco,

1162 2585 1214 2631 qui
1236 2584 1352 2619 dicitur
1372 2584 1514 2624 Cerreto,
1535 2583 1588 2629 qui
1610 2591 1657 2617 est
1678 2581 1757 2616 iufra
1778 2582 1903 2616 comita-

1912 229 1963 255 An.
1980 227 2008 255 C.
2024 228 2094 255 1073

1947 1065 2033 1085 Eremun
2067 1064 2105 1084 sub

1920 1092 1988 1112 tutela
2003 1090 2066 1111 Sedis
2081 1092 2105 1111 Α·

1920 1118 2037 1143 postoticae
2073 1122 2106 1136 sn-

1921 1144 2015 1169 serpitur.

1950 2335 2114 2364 Enunciatio-lo-

1930 2368 2002 2382 roi-tim
2017 2367 2088 2382 eremi⁴
