2180 3205
194 242 243 267 ΛΙΙ.
264 241 377 269 C.1097

233 320 353 341 Det-tarutio
365 338 368 344 .

193 347 248 373 quod
271 354 295 367 ex
315 349 377 373 privi-

192 374 252 398 legiis
273 377 377 395 invenuste·

192 406 218 420 Ι·ΙΙ
234 400 256 420 S.
275 401 376 426 Sophiae,

200 432 225 446 ac
255 427 376 448 namt-turno

190 458 314 478 nuperconr
305 460 346 474 ise
342 455 376 477 Ι5,

191 480 269 500 nullum
308 480 335 500 Ca
339 481 375 500 ssi-

190 511 237 526 nea.
267 512 304 531 par
298 506 376 526 uindi-

191 532 246 553 cituu
266 534 373 554 inseratur.

206 699 318 725 Prii-item
331 707 373 722 om-

188 727 223 758 nia
240 728 308 749 eidem
325 733 373 749 con-

188 757 302 775 Itrtnaulur,

464 237 532 270 184

408 309 488 336 tura.
524 300 624 335 Porro
655 299 694 335 de
729 299 921 334 monasterio
950 299 983 345 S.
1007 299 1158 346 Sophiae,

409 350 487 385 intra
524 349 740 384 Beneventum
769 349 850 390 sito,
884 350 949 384 sive
982 349 1020 384 de
1049 362 1158 384 mona-

406 400 503 434 sterio
540 398 751 453 Bandusino,
787 399 909 433 nullum
944 399 1012 433 loco
1053 407 1157 433 vestro

407 447 636 494 praeiudicium
663 448 788 482 evenire
816 447 961 483 volumus
983 460 1040 495 pro
1060 448 1156 495 privi-

404 496 507 543 legiis,
535 509 616 552 quae
647 509 716 539 nOS,
742 497 1009 532 munimentorum
1034 506 1156 532 vestro-

403 558 472 581 rum
496 546 610 592 ignari,
624 546 746 581 eisdem
763 548 962 582 monasteriis
983 548 1154 582 contulisse

402 597 639 642 cognoscimus3
654 596 708 631 sed
726 597 1003 644 praedecessorum
1027 606 1154 631 nostro-

402 657 472 679 rum
488 645 663 680 munimina
679 645 860 681 Cassinensi
877 646 1030 681 coenobio
1043 646 1152 681 collata

402 695 565 750 proprium
606 695 701 730 robur
742 696 914 730 obtineant.
956 695 1150 730 Eorumdem

401 744 485 778 enim
514 752 544 779 et
578 757 636 779 nos
669 745 810 791 vestigiis
832 745 1022 788 insistentes,
1044 744 1152 779 Cassi-

400 805 500 829 nense
515 794 704 829 coenobium
723 794 855 829 caeteris
873 807 929 842 pei
943 793 1149 829 Occidentem

399 843 561 878 coenobiis
575 843 816 891 praeferendum
840 844 1019 885 asserimus,
1042 851 1149 878 ettam

398 900 429 927 te
456 905 550 940 quam
578 905 778 928 successores
809 901 881 928 tuos
911 906 942 928 tn
965 905 1050 928 omni
1072 905 1151 927 con-

397 951 491 977 ventu
514 942 736 989 episcoporum
761 955 815 977 seu
844 943 1023 990 principum
1055 954 1150 988 supe-

398 991 497 1026 riores
512 991 661 1026 omnibus
675 992 842 1026 abbatibus
857 992 1042 1036 consedere,
1055 999 1149 1037 atque

397 1040 428 1074 in
464 1040 589 1075 iudiciis
618 1042 751 1087 priorem
786 1042 917 1085 caeteris
952 1041 999 1075 sui
1028 1040 1148 1075 ordinis

398 1090 474 1124 viris
489 1090 675 1125 sententiam
697 1090 834 1137 proferre
853 1091 1026 1125 sancimus.
1045 1089 1146 1124 Usum

396 1151 641 1187 compagorum,
670 1152 704 1174 ac
737 1139 960 1186 chirothegae,
995 1139 1148 1174 dalmati-

396 1200 468 1230 cae,
491 1201 526 1223 ac
557 1188 667 1223 mitrae
699 1197 822 1236 praeter
851 1188 1065 1224 kardinalatus
1088 1189 1147 1229 ius,

395 1249 459 1284 quo
497 1238 528 1272 in
556 1237 639 1273 Sede
674 1238 855 1285 Apostolica
885 1239 1047 1285 fungeris,
1085 1246 1145 1272 tam

394 1287 449 1320 tibi
477 1299 571 1334 quam
600 1288 838 1323 successoribus
872 1288 934 1322 tuis
966 1288 997 1322 in
1027 1288 1147 1336 praeci·-

395 1336 467 1382 puis
488 1336 575 1372 sestis
608 1337 790 1372 habendum
818 1338 1033 1373 concedimus.
1063 1336 1146 1371 Sane

393 1393 456 1419 tam
480 1386 509 1420 iu
538 1386 606 1433 ipso
640 1387 810 1421 venerabili
840 1388 1028 1421 monasterio
1051 1399 1144 1433 quatu

393 1444 423 1469 et
446 1434 476 1469 in
499 1435 587 1470 cellis
605 1436 683 1480 eius,
706 1437 875 1471 cuiuslibet
896 1436 1059 1471 Ecclesiae
1078 1436 1146 1483 epi-

392 1501 523 1536 scopum
541 1489 587 1524 vel
604 1490 797 1525 sacerdotem
824 1499 946 1537 praeter
963 1491 1144 1525 Romanum

392 1541 578 1578 Pontificem
595 1544 746 1578 ditionem
764 1544 939 1590 quamlibet
952 1553 1003 1578 aut
1017 1556 1146 1579 excom-

394 1597 657 1638 municandi,aut
679 1597 901 1643 interdicendi,
924 1608 976 1633 aut
998 1599 1035 1633 ad
1050 1610 1143 1645 syno-

392 1649 469 1684 dum
486 1651 677 1697 provocaudi
702 1664 903 1698 praesumere
924 1652 1145 1699 prohibemus3
1169 1690 1171 1694 ,

392 1705 432 1738 ita
457 1712 490 1738 ut
516 1705 574 1739 nisi
597 1705 637 1739 ab
659 1705 771 1739 abbate
789 1705 834 1739 vel
859 1706 961 1752 priore
980 1706 1038 1740 loci
1053 1707 1146 1742 suerit

391 1758 564 1801 invitatus,
593 1771 651 1793 nec
689 1759 854 1793 missarum
890 1760 1042 1794 solemnia
1070 1761 1144 1796 inibi

390 1811 503 1846 audeat
526 1812 702 1847 celebrare:
733 1813 889 1860 liceatque
912 1814 1010 1861 ipsius
1033 1827 1146 1850 mona-

391 1866 477 1900 sterii
501 1875 530 1901 et
553 1867 703 1901 cellarum
732 1866 802 1901 eius
816 1867 925 1902 fratres
945 1868 990 1902 vel
1014 1868 1145 1903 clericos

390 1919 619 1966 cuiuscumque
645 1920 767 1955 ordinis
785 1920 823 1955 de
850 1933 1052 1970 quocumque
1076 1924 1144 1970 epi-

390 1981 519 2019 scopatu
531 1973 569 2008 ad
583 1975 820 2009 conversionem
837 1975 1009 2015 venientes,
1023 1976 1143 2024 absque

389 2026 610 2074 episcoporum
659 2026 908 2062 contradictione
955 2029 1140 2076 suscipere:

389 2079 499 2124 liceat,
534 2080 655 2128 absque
690 2081 858 2116 cuiuslibet
892 2084 1061 2118 saecularis
1095 2084 1141 2118 vel

389 2134 622 2170 ecclesiasticae
650 2135 813 2182 potestatis
836 2136 1038 2178 inhibitione,
1066 2138 1142 2172 sub-

389 2187 486 2223 iectos
522 2190 724 2224 monasteriis
764 2190 830 2225 suis
868 2198 930 2225 tam
971 2192 1142 2227 monachos

389 2255 483 2290 quam
511 2244 766 2279 sanctimoniales
800 2244 954 2279 foeminas
984 2245 1140 2280 iudicare:

388 2297 481 2332 liceat
507 2297 601 2333 etiam
637 2298 795 2339 fratribus,
824 2312 880 2346 pro
902 2299 989 2334 cellis
1012 2300 1042 2334 in
1065 2299 1142 2334 civi-

388 2351 507 2386 tatibus
528 2352 708 2387 constitutis
730 2352 768 2387 ad
797 2352 902 2388 divina
930 2353 1031 2388 officia
1059 2353 1143 2388 cele-

389 2404 527 2450 branda,
551 2407 817 2454 quandocumque
850 2407 1024 2450 volueriut,
1054 2407 1140 2453 signa

385 2459 531 2506 pulsare:
561 2460 714 2501 chrisma,
736 2461 839 2495 oleum
856 2468 1012 2504 sanctum,
1035 2472 1143 2495 conse-

389 2514 546 2547 crationes
567 2513 709 2548 altarium
731 2514 796 2548 sive
812 2514 1010 2548 basilicarum
1027 2526 1042 2548 a
1060 2526 1141 2560 quo-

388 2577 526 2612 cumque
572 2566 734 2601 volueritis
776 2567 932 2602 catholico
980 2567 1142 2614 accipiatis

389 2621 553 2669 episcopo:
589 2620 779 2668 baptismum
814 2633 887 2658 vero
919 2633 976 2670 per
1010 2621 1143 2658 clericos

1005 245 1139 267 mistam
1147 245 1190 266 Ut
1219 245 1287 266 1103!
1293 245 1308 266 A
1316 246 1331 266 N
1338 245 1382 266 [¹21

1201 307 1321 334 vestros
1336 300 1366 333 in
1389 299 1515 347 oppidis
1538 300 1648 335 vestris
1671 312 1725 336 seu
1749 301 1828 336 villis
1843 302 1952 349 agatis.

1200 353 1359 395 Reditum,
1383 355 1437 400 qui
1461 354 1499 388 ab
1523 354 1709 389 officialibus
1733 356 1847 390 nostris
1868 357 1952 403 apud

1200 407 1339 442 Hostiam
1356 409 1400 443 vel
1418 408 1546 443 Portum
1563 408 1601 443 de
1618 409 1748 443 navibus
1763 410 1844 456 exigi
1861 411 1952 452 solet,

1198 462 1266 497 navi
1284 470 1415 503 vestrae,
1437 462 1463 497 si
1486 474 1547 508 qua
1563 473 1600 496 eo
1617 463 1746 504 venerit,
1763 463 1949 499 relaxamus.

1196 516 1244 551 Ad
1270 527 1456 564 perpetuum
1484 517 1576 552 etiarn
1606 515 1778 564 hospitium
1801 518 1856 552 tibi
1873 519 1952 553 tuis-

1195 583 1257 616 que
1279 570 1518 605 successoribus
1540 569 1670 604 Palladii
1693 571 1804 606 cellam
1834 584 1951 608 conce-

1194 624 1310 665 dimus,
1345 632 1377 657 ut
1408 624 1447 658 de
1470 631 1571 658 vestra
1605 623 1668 658 illic
1694 627 1949 672 congregatione,

1193 690 1287 724 quem
1311 678 1483 718 volueritis,
1511 678 1681 720 ordinetis;
1704 692 1800 727 quem
1819 681 1844 714 si
1869 680 1948 716 sorte

1193 731 1338 767 Romano
1361 732 1507 767 Pontifici
1531 734 1562 767 in
1590 732 1734 768 abbatem
1762 746 1948 781 promovere

1193 785 1356 832 placuerit,
1371 788 1500 822 omuino
1523 794 1627 822 tamen
1652 796 1809 834 tamquam
1826 798 1947 824 vestrae

1191 840 1446 886 congregationis
1472 840 1663 875 monachum
1687 841 1747 875 sul)
1767 850 1867 877 vestra
1891 843 1948 878 de-

1191 895 1347 928 crevimus
1368 894 1577 941 dispositione
1599 895 1778 942 persistere.
1795 896 1945 932 Obeunte

1191 955 1293 981 autem
1318 954 1358 991 te,
1382 960 1466 982 nunc
1487 948 1556 982 eius
1578 948 1637 983 loci
1660 948 1784 990 abbate,
1808 951 1854 985 vel
1874 959 1945 986 tuo-

1191 1014 1259 1035 rum
1295 1002 1436 1048 quolibet
1474 1014 1695 1037 successorum
1711 1031 1720 1048 ,
1758 1004 1865 1040 nullus
1900 1006 1940 1040 ibi

1189 1055 1329 1101 qualibet
1350 1055 1566 1102 subreptionis
1580 1057 1691 1091 astutia
1713 1069 1769 1091 scu
1795 1058 1942 1094 violentia

1190 1117 1412 1156 praeponatur,
1436 1110 1493 1144 nisi
1516 1122 1611 1157 quem
1643 1110 1753 1146 fratres
1779 1115 1940 1149 communi

1189 1176 1356 1202 consensu,
1380 1164 1427 1198 vel
1450 1164 1579 1198 fratrum
1603 1177 1675 1212 pars
1693 1166 1817 1201 consilii
1835 1169 1942 1203 sanio-

1189 1218 1242 1261 ris,
1265 1218 1440 1252 secundum
1467 1218 1526 1252 Dei
1555 1218 1711 1262 timorem,
1730 1227 1760 1254 et
1783 1219 1863 1255 beati
1880 1221 1940 1256 Be-

1190 1272 1305 1306 nedicti
1329 1272 1468 1317 regulam
1497 1272 1660 1318 elegerint.
1696 1273 1744 1307 Ad
1773 1273 1851 1308 haec
1879 1283 1940 1309 tam

1189 1327 1400 1373 praesentium
1418 1339 1512 1373 quam
1533 1326 1709 1361 futurorum
1739 1328 1884 1363 avaritiae
1904 1340 1941 1363 ae

1188 1381 1343 1427 nequitiae
1365 1379 1543 1424 obviantes,
1570 1393 1680 1415 omnes
1707 1382 1837 1416 omniuo
1854 1383 1940 1417 sedi-

1187 1434 1298 1474 tiones,
1321 1446 1398 1480 quas
1420 1434 1503 1468 levas
1530 1435 1639 1470 dicunt
1661 1448 1715 1470 scu
1744 1435 1940 1483 direptiones

1186 1488 1216 1523 iu
1229 1488 1461 1535 cuiuscumque
1473 1489 1592 1524 abbatis
1607 1498 1705 1524 morte
1719 1498 1772 1523 aut
1786 1490 1939 1525 electione

1187 1542 1264 1587 lieri,
1291 1542 1475 1577 auctoritate
1502 1543 1675 1590 apostolica
1705 1544 1935 1579 interdicimus.

1185 1595 1218 1630 Si
1242 1596 1312 1643 quis
1333 1608 1408 1631 sane
1432 1596 1462 1630 in
1487 1597 1658 1631 crastinum
1681 1598 1938 1645 archiepiscopus

1185 1658 1238 1684 aut
1268 1650 1453 1697 episcopus,
1481 1651 1651 1697 imperator
1685 1660 1738 1686 aut
1760 1664 1824 1697 rex,
1852 1653 1938 1699 prin-

1185 1716 1260 1751 ceps
1296 1705 1339 1739 vel
1367 1704 1443 1745 dux,
1466 1716 1584 1749 coines,
1612 1705 1799 1747 vicecomes,
1831 1706 1937 1750 iudex,

1185 1766 1238 1792 aut
1282 1758 1493 1793 ecclesiastica
1533 1758 1691 1804 quaelibet
1728 1759 1937 1795 saecularisve

1186 1824 1331 1858 persona,
1354 1813 1435 1847 hauc
1457 1820 1581 1846 nostrae
1603 1812 1839 1847 constitutionis
1854 1814 1938 1860 pagi-

1185 1878 1255 1900 nam
1283 1866 1407 1910 sciens,
1443 1874 1549 1901 contra
1586 1878 1653 1900 eam
1690 1875 1807 1901 temere
1830 1868 1936 1902 venire

1184 1921 1440 1967 praesumpserit,
1475 1920 1615 1954 secundo
1642 1920 1771 1954 tertiove
1792 1932 1936 1955 commo-

1185 1973 1259 2017 nita,
1285 1974 1311 2007 si
1339 1986 1400 2007 nou
1424 1973 1636 2008 satisfactione
1662 1986 1800 2019 congrua
1823 1986 1936 2009 emen-

1183 2027 1313 2071 daverit,
1330 2028 1492 2074 potestatis
1511 2028 1702 2074 honorisque
1719 2028 1766 2062 sui
1780 2027 1933 2074 dignitate

1183 2088 1297 2121 careat,
1320 2093 1468 2127 reamque
1491 2093 1525 2115 se
1543 2081 1651 2116 divino
1671 2081 1787 2116 iudicio
1802 2082 1935 2117 existere

1183 2134 1221 2169 de
1251 2143 1426 2181 perpetrata
1455 2135 1619 2182 iniquitate
1649 2143 1830 2181 cognoscat,
1859 2144 1889 2170 et
1914 2148 1935 2171 a

1182 2189 1392 2224 sacratissimo
1420 2189 1561 2236 Corpore
1584 2197 1614 2224 et
1639 2189 1801 2235 Sanguine
1828 2190 1885 2224 Dei
1902 2198 1933 2224 et

1182 2242 1308 2276 Domini
1345 2242 1568 2289 Redemptoris
1602 2243 1700 2277 nostri
1723 2243 1792 2278 Iesu
1816 2242 1932 2278 Christi

1182 2296 1282 2331 aliena
1311 2296 1384 2340 liat,
1418 2304 1511 2344 atque
1548 2296 1579 2330 in
1617 2305 1754 2331 estremo
1788 2298 1933 2332 examine

1182 2349 1340 2385 districtae
1363 2350 1473 2385 ultioni
1494 2350 1663 2385 subiaceat.
1680 2350 1811 2385 Cunctis
1825 2359 1931 2385 autem

1182 2404 1284 2438 eidem
1312 2404 1381 2439 loco
1409 2405 1489 2439 iusta
1510 2404 1708 2439 servantibus
1730 2405 1770 2439 sit
1792 2417 1852 2452 pax
1866 2404 1933 2439 Do-

1183 2457 1258 2491 mini
1283 2459 1380 2492 nostri
1401 2458 1471 2493 lesu
1498 2458 1634 2499 Christi,
1656 2467 1813 2505 quatenus
1832 2467 1863 2493 et
1881 2458 1933 2495 hic

1183 2510 1316 2545 fructum
1339 2511 1439 2547 bonae
1460 2512 1592 2547 actionis
1606 2513 1792 2561 percipiant,
1806 2522 1835 2547 et
1848 2513 1931 2559 apud

1182 2565 1360 2600 districtum
1375 2565 1516 2601 iudicem
1531 2566 1668 2613 praemia
1684 2575 1830 2603 aeternae
1844 2568 1932 2614 pacis

1183 2620 1353 2656 inveniant.
1381 2620 1496 2656 Amen.
1518 2620 1633 2656 Amen.

1973 261 2021 288 An.
2043 263 2152 293 &1097

1997 539 2053 560 Cella
2065 539 2152 562 Palladii

1972 565 1990 586 in
2012 566 2064 587 urbe
2086 566 2154 590 eidem

1979 592 2102 614 roneeditur
2122 594 2146 616 in

1970 599 2092 645 tiospiuum

1995 915 2064 936 Abbas
2083 921 2150 938 amo-
2178 898 2180 926 :⁴

1968 942 2041 989 gpltsssbis
2075 943 2150 969 etigen·
2179 952 2180 956 Ι

1989 1603 2107 1624 clausulae.
