2180 3205
771 194 970 220 rnAt-Jt-‘A'no
1606 195 1676 220 xxv

72 260 156 297 pora
182 250 301 286 horret
327 250 478 294 animus,
504 252 630 300 quibus
659 252 743 288 nibil
773 251 891 287 multis
917 250 1019 285 annis
1045 250 1094 285 sol
1123 250 1205 286 vidit
1232 250 1420 297 indignius,
1447 262 1606 298 quaeque
1633 251 1675 287 ad

74 306 269 343 barbariem
297 314 330 344 et
356 308 537 356 pristinam
565 310 734 346 feritatem
764 309 852 344 viam
881 307 1092 351 stravissent,
1112 308 1177 343 nisi
1204 308 1352 344 Romani
1373 308 1560 345 Pontifices
1579 320 1674 356 prae-

74 364 231 401 sentibus
269 365 369 401 malis
407 367 660 409 occurrissent,
687 367 927 408 obsecrantes,
962 365 1182 413 increpantes
1223 366 1256 401 in
1297 366 1392 402 omni
1441 366 1608 414 patientia
1643 371 1677 401 et

73 423 242 460 doctrina.
270 423 353 465 Quis
381 424 494 470 igitur,
521 425 614 461 bisce
642 424 841 472 perspectis,
861 422 1034 458 dubitabit
1052 423 1135 470 quin
1152 435 1191 458 ex
1214 424 1338 459 borum
1356 424 1566 460 Pontificum
1593 423 1677 459 actis

76 492 244 529 magnum
264 481 307 516 sit
326 481 353 516 T
356 482 534 518 aurinensi
554 481 705 518 Bullario
732 480 1010 517 emolumentum
1039 492 1261 516 accessurum
1282 487 1316 517 et
1335 482 1468 517 decus?
1487 481 1570 523 Quis
1591 492 1676 517 con—

77 538 194 575 silium
215 538 394 575 Editorum
414 540 652 587 optimamque
680 539 714 574 in
742 549 839 574 sacra
866 544 896 574 et
926 538 1095 574 severiora
1122 539 1236 574 studia
1268 539 1482 574 voluntatem
1511 550 1579 575 non
1600 539 1677 575 lau·

73 596 180 633 dibus
205 598 457 645 prosequetur?
483 597 565 639 Quis
593 598 661 633 imo
689 608 768 632 cuin
798 595 838 631 iis
866 607 934 631 non
963 596 1128 636 conseret,
1148 596 1207 643 qui
1228 597 1404 632 humanae
1424 597 1578 633 societati
1607 608 1676 633 non

75 654 298 693 mediocriter
324 656 527 703 prosuerunt
554 654 603 690 rel
634 654 779 690 inventis
807 654 855 689 rel
887 653 1086 689 instauratis
1113 654 1324 702 disciplinis3
1354 665 1420 701 qua
1449 654 1555 701 gloria
1583 654 1677 690 nulla

76 712 200 756 maior,
227 712 392 748 illustrior
417 712 510 748 nulla
539 724 613 748 esse
641 718 750 760 potest
761 712 777 746 ἱ)

127 769 182 805 lx.
212 769 340 806 Verum
368 769 542 806 enimvero
569 781 713 805 manum
751 770 794 805 ab
832 769 1014 806 scribendo
1053 781 1122 805 non
1162 770 1394 812 retrahemus,
1422 770 1504 817 quin
1526 770 1679 806 Sanctis-

79 827 160 864 simi
196 826 334 864 Domini
368 826 480 862 Nostri
514 827 565 862 Pii
593 827 658 862 PP.
681 826 725 862 IX
746 826 924 862 Pontificis
945 826 1075 874 Optimi
1101 826 1241 862 Maximi
1261 827 1295 862 in
1317 827 1408 862 hanc
1427 827 1679 863 Taurinensem

75 884 270 922 editionem
297 884 497 933 perbrevem
529 885 795 933 promeritorum
823 884 981 920 notitiam
1019 890 1229 920 attexamus:
1259 885 1350 932 quod
1378 891 1470 921 certe
1498 884 1681 921 consilium

84 943 127 979 ab
153 943 318 979 omnibus
346 942 529 991 probatum
557 944 595 978 iri
625 943 843 979 confidimus.
873 943 1009 978 Etenim
1037 943 1116 978 lieet
1142 943 1359 979 Sanctissimi
1380 943 1483 979 huius
1504 943 1683 979 christiani

84 1001 236 1038 nominis
274 1001 426 1049 parentis
455 1001 488 1036 in
527 1001 632 1037 hocce
669 1012 754 1049 opus
791 1001 944 1036 studium
972 1011 1011 1036 ac
1049 1000 1244 1036 sollicitudo
1263 1001 1367 1036 nullis
1387 1001 1530 1037 omnino
1551 1002 1682 1038 meritis

83 1058 229 1108 rependi
256 1059 380 1107 possin
408 1059 634 1095 nihilominus
667 1059 905 1094 humillimum
933 1058 1071 1106 aliquod
1103 1070 1357 1106 mnemosynon
1388 1059 1543 1106 gratique
1575 1059 1681 1094 animi

84 1123 328 1164 argumentum
350 1117 385 1152 in
406 1117 459 1152 his
481 1117 622 1164 pagellis
641 1128 715 1152 esse
735 1116 973 1164 praebendum
993 1116 1122 1164 optime
1150 1117 1298 1152 editores
1317 1117 1570 1160 existimarunt,
1591 1117 1684 1165 iique

85 1185 207 1211 omnes
234 1174 491 1216 existimabunt,
517 1174 574 1221 qui
595 1185 657 1221 pro
677 1174 826 1221 acceptis
853 1173 1031 1210 beneficiis
1057 1174 1182 1220 gratias
1211 1186 1279 1209 non
1308 1175 1410 1210 modo
1438 1175 1600 1221 agendas,
1623 1175 1683 1211 sed

84 1237 118 1267 et
149 1231 347 1267 referendas
379 1238 412 1266 et
444 1231 621 1267 habendas
656 1243 730 1267 esse
764 1238 961 1274 autumant;
997 1231 1301 1279 amplissimaeque
1334 1232 1475 1279 insuper
1507 1232 1682 1279 dignitatis

86 1289 273 1336 fastigium,
300 1295 333 1324 et
361 1288 503 1324 eximias
531 1289 670 1324 virtutes
690 1289 724 1324 in
746 1289 822 1324 Iesu
846 1288 971 1324 Christi
1000 1289 1034 1324 in
1061 1289 1160 1324 terris
1184 1289 1319 1325 vicario
1341 1289 1496 1325 venerari
1523 1296 1682 1326 sanctum

80 1352 115 1382 et
136 1352 251 1382 ratum
271 1346 412 1386 habent,
430 1346 574 1382 scientes
591 1347 676 1394 quid
694 1346 912 1394 Apostolicae
932 1346 1030 1387 Sedi,
1054 1358 1127 1382 cum
1145 1358 1259 1382 omnes
1280 1347 1429 1383 hocloco
1445 1347 1552 1395 positi
1571 1347 1683 1395 ipsum

85 1404 183 1452 sequi
208 1402 439 1439 desideremus
464 1404 687 1451 Apostolum,
729 1403 911 1441 dematur.
941 1415 961 1439 (ι.
987 1415 1054 1451 qvo
1079 1403 1152 1452 ipse
1177 1404 1392 1452 episcopatus
1417 1412 1449 1440 et
1471 1411 1542 1441 tota
1566 1412 1682 1442 aucto-

79 1461 168 1498 ritas
186 1461 336 1497 nominis
356 1460 458 1496 huius
476 1461 615 1496 emersit
636 1461 676 1495 1¹⁸.

127 1518 172 1555 Ut
206 1518 322 1566 itaque
349 1518 384 1553 in
412 1518 552 1554 libraria
592 1525 705 1554 nostra
735 1519 939 1554 'laurinensi
973 1519 1111 1554 officina
1143 1519 1450 1566 Cocquelinianum
1490 1520 1681 1556 Bullarium

83 1576 202 1625 praelo
241 1575 397 1612 submitti
437 1576 527 1611 norit
566 1576 723 1612 Pontifex
760 1576 953 1617 Maximus,
996 1577 1137 1619 statim,
1180 1577 1301 1613 litteris
1338 1577 1426 1613 datis
1471 1577 1602 1614 Romae
1648 1589 1682 1613 ιν

81 1633 246 1670 kalendas
259 1634 400 1669 martias
419 1644 542 1669 MDCCC
558 1644 601 1669 Lx*
620 1633 663 1669 ab
684 1633 968 1669 Eminentissimo
989 1634 1021 1669 S.
1038 1634 1077 1669 R.
1100 1635 1137 1669 E.
1159 1634 1332 1670 Cal-dinali
1352 1635 1475 1671 Iacobo
1494 1634 1682 1676 Antonelli,

84 1691 263 1728 Pontificis
289 1691 332 1727 M.
362 1692 404 1727 ab
432 1692 527 1734 actis,
555 1691 678 1737 egregii
706 1691 813 1726 animi
841 1691 895 1727 sui
923 1698 1127 1738 argumenta
1154 1693 1355 1740 impertivit:
1384 1693 1573 1729 editoribus
1593 1693 1681 1729 bene

83 1749 202 1785 omnia
228 1749 437 1797 auspicatus,
465 1749 559 1796 operi
587 1748 774 1787 benedixit,
802 1749 945 1796 eiusque
973 1749 1195 1797 pontificatus
1223 1756 1298 1785 acta
1326 1751 1360 1785 in
1388 1751 1531 1786 Bullarii
1561 1751 1681 1787 Conti-

79 1807 278 1844 nwtionem
299 1807 483 1843 inserenda
503 1806 607 1853 regali
628 1806 866 1842 munificentia
887 1807 1066 1843 concessit.
1090 1807 1127 1843 Id
1148 1808 1242 1843 enim
1262 1808 1429 1856 temporis
1449 1809 1527 1844 idea
1545 1814 1681 1844 tantum

80 1865 243 1902 editionis
271 1864 511 1912 suscipiendae
539 1864 732 1903 affulserat:
761 1870 863 1912 atque
891 1865 957 1900 nisi
984 1865 1072 1900 duos
1098 1870 1175 1913 post
1202 1877 1324 1907 annos,
1352 1866 1464 1913 primo
1485 1866 1587 1902 huius
1607 1866 1681 1901 edi-

77 1923 182 1960 tionis
207 1922 373 1959 volumini
400 1934 470 1958 non
498 1923 681 1958 admovere
708 1933 832 1958 manus
852 1922 1084 1958 ol'ficinatores
1102 1923 1325 1959 taurinensis.
1347 1924 1440 1965 Quae
1461 1924 1567 1967 enim,
1583 1924 1681 1972 quasi

80 1981 194 2030 operis
213 1980 456 2029 praegustandi
476 1991 608 2023 caussa,
628 1980 801 2026 Augustae
821 1980 1065 2023 Taurinorum,
1086 1992 1140 2016 an.
1163 1991 1285 2017 §mccc
1295 1992 1365 2025 Lvl,
1385 1981 1478 2018 diem
1497 1994 1560 2030 per
1575 1982 1680 2018 rimas

79 2038 266 2087 perspexit,
284 2038 376 2074 malo
395 2038 511 2073 omine
533 2038 681 2085 incepta,
702 2038 835 2073 misella
869 2038 1021 2086 profecto
1054 2038 1312 2086 incomptaque,
1333 2045 1364 2075 et
1385 2040 1536 2087 quodam
1564 2040 1681 2075 affiatu

81 2095 184 2132 noxio
209 2107 307 2131 cassa
333 2101 367 2131 et
393 2095 506 2131 inanis
521 2124 529 2138 ,
556 2095 647 2131 velut
668 2096 700 2130 in
721 2095 874 2131 abortivo
901 2096 1039 2145 evanuit
1060 2098 1099 2131 (2³.
1134 2097 1232 2132 Tunc
1257 2109 1349 2133 unus
1377 2098 1548 2133 editorum
1564 2126 1572 2141 ‚
1593 2098 1681 2133 ami-

80 2164 200 2190 corum
240 2152 503 2200 superveniente
543 2152 686 2188 consilio
703 2181 711 2190 ,
747 2153 911 2189 Romam.
939 2153 1003 2188 iter
1029 2154 1153 2189 melius
1181 2154 1320 2194 doctus,
1348 2155 1469 2202 petiit,
1503 2155 1561 2189 ubi
1595 2155 1680 2190 duos

79 2291 203 2318 (intuo-x
213 2313 222 2326 ,
238 2292 290 2318 Les
305 2294 434 2325 marlyrs
448 2291 480 2317 de
495 2292 523 2317 la
537 2291 579 2324 [οἱ
593 2290 682 2323 (Paris
704 2290 783 2324 182¹)
799 2306 828 2309 Α
847 2291 974 2318 CAnorts
991 2291 1144 2326 Dt'nozoin,
1165 2286 1253 2327 Elofse
1273 2293 1434 2327 histor-ique
1449 2296 1476 2320 el
1490 2293 1635 2327 reliyimzx
1650 2293 1682 2319 de

81 2335 132 2363 Pie
151 2335 199 2369 VI,
228 2344 296 2362 avec
324 2335 463 2363 I'histoire
490 2335 645 2369 religiense
673 2335 706 2361 de
735 2335 869 2369 l'Europe
896 2342 961 2362 sous
980 2343 1031 2362 son
1047 2336 1202 2371 pontificat
1220 2336 1270 2371 (th.
1289 2337 1367 2371 1825)
1384 2353 1415 2356 -α
1433 2337 1573 2364 Phaenius
1588 2336 1680 2369 Mum,

81 2379 339 2415 Geddchtnissseier
349 2380 400 2407 der
411 2380 572 2414 Befreiunq
582 2380 652 2407 Pius
667 2380 723 2407 VII
730 2389 782 2406 aus
797 2380 1007 2414 framosi-schor
1023 2381 1262 2416 Gesanyenschafl
1278 2382 1428 2413 (Erfordiae
1445 2382 1523 2416 1814}
1533 2382 1681 2411 -lAEGER,

81 2424 391 2459 Leberubeschreibuny
411 2425 459 2451 des
479 2425 598 2459 Papstes
616 2425 686 2452 Pius
706 2425 759 2451 VII
772 2424 908 2457 (Francos.
927 2425 1006 2459 1825)
1024 2441 1058 2445 —
1073 2426 1186 2452 Anum)
1200 2432 1234 2452 DE
1248 2427 1379 2459 Mosron,
1395 2427 1524 2455 Histoire
1539 2428 1574 2453 de
1593 2429 1621 2455 Ια
1636 2427 1681 2454 vie

82 2471 109 2496 el
122 2469 164 2496 du
173 2468 327 2504 pontificat
341 2469 380 2495 du
392 2476 468 2504 pape
481 2469 534 2496 Pie
552 2468 606 2496 VII
621 2468 743 2503 (Parisiis
757 2472 783 2495 et
798 2468 860 2495 alibi
878 2469 1045 2504 ¹836-1840)
1056 2485 1088 2489 -
1100 2469 1337 2498 Eminentissimus
1352 2471 1442 2498 Pacci
1458 2471 1483 2498 S.
1501 2471 1532 2498 R.
1549 2471 1580 2500 E.
1597 2472 1681 2499 cardi-

79 2513 160 2548 nalis,
174 2514 314 2542 Memor-ie
334 2514 470 2541 istoriche
488 2521 542 2548 per
562 2513 670 2540 servire
693 2514 752 2540 alla
773 2513 866 2540 storia
889 2514 1081 2542 ecclesiastica
1100 2515 1146 2541 del
1165 2516 1254 2541 secolo
1269 2522 1311 2542 ,xix
1326 2531 1361 2534 ——
1375 2516 1493 2543 loss-sss
1513 2516 1682 2544 Fan-niseus

81 2557 218 2591 moulan.
238 2558 342 2585 Rome.-
357 2559 393 2586 us
408 2559 495 2585 Rules
509 2558 570 2584 and
584 2558 622 2585 its
636 2558 822 2585 Institutions
835 2557 960 2590 (Londini
976 2558 1066 2591 1857).

115 2601 156 2636 (t)
175 2602 322 2630 [anot-ene.
339 2602 364 2635 I,
380 2602 474 2637 Epist.
493 2602 587 2629 XXIX
597 2603 636 2628 ad
652 2602 735 2629 Cone.
753 2602 893 2637 Carthaq.
909 2610 937 2629 n.
954 2603 980 2629 1.

119 2646 160 2681 (2)
178 2645 303 2673 Editor-es
322 2646 425 2673 Franco
440 2651 467 2673 et
482 2646 630 2677 Dalmazzo,
646 2654 730 2682 prope
744 2646 866 2673 inaudito
881 2646 1016 2682 exemplo,
1032 2647 1140 2682 priores
1159 2648 1269 2683 triginta
1289 2648 1368 2676 buius
1392 2649 1532 2677 abortivae
1556 2649 1683 2677 editionis

87 2690 231 2718 fasciculos
244 2690 409 2725 reiecerunt,
425 2691 525 2727 optimo
540 2699 606 2718 sane
620 2690 743 2725 consilio,
760 2690 807 2717 sed
823 2698 920 2726 magno
935 2691 1068 2726 pecuniae
1083 2691 1255 2719 detrimento.

190 2734 269 2762 Bau.
285 2735 369 2763 Rom.
386 2749 420 2756 ——
439 2736 498 2762 Vol.
515 2736 555 2763 ΙΙ.
1410 2737 1430 2765 D

1753 770 1910 794 Sanctissimi

1697 801 1798 824 Domini
1826 801 1911 826 Nostri

1698 831 1734 855 Pii
1764 833 1848 864 Papae
1875 833 1908 856 IX

1698 863 1723 886 in
1747 863 1910 888 Taurinatem

1698 893 1803 918 Bullarii
1812 895 1910 919 Editio-

1675 943 1680 949 .
1699 933 1756 948 nem
1786 925 1911 950 beneficia

1698 956 1780 981 obiter
1835 957 1911 981 attin—

1699 991 1800 1019 guntur.
