2180 3205
51 217 100 245 An.
120 214 149 242 C.
169 214 235 243 1090

86 422 117 445 Do
130 428 171 444 ιιοιι
181 422 231 443 diri-

49 449 131 477 piandi·
141 449 201 470 bonis
210 455 231 470 0-

47 476 181 505 ρΙιοοροι-ιιιιι
194 475 230 497 d·-

48 505 170 526 tunctorum.

70 963 108 987 nt
115 970 157 987 ιιοιι
173 965 228 987 recl-

44 992 127 1022 piendi·
141 992 174 1017 iit,
191 992 227 1022 qui

33 1018 72 1040 -ιΙι
86 1018 159 1046 utiquo
182 1019 226 1045 epi-

54 1049 117 1072 ιωρο
138 1044 215 1066 fixerint

45 1072 225 1094 naamanin-ti.

67 1511 152 1533 Poenae
175 1518 224 1533 cor.-

47 1539 80 1559 1η
110 1539 224 1560 violatore„

40 1565 144 1592 priviltflii
153 1566 222 1587 huiuu

904 202 1050 225 t'nmtxtfis

259 256 354 303 gratis
390 255 529 303 pretiove
567 255 756 296 concederc;
790 256 844 290 scd
885 269 1010 304 semper

258 305 558 341 incommutabiliter
579 317 651 340 cum
679 305 828 340 omuibus
849 306 886 340 ad
910 306 1006 352 ipsam

258 354 490 403 pcrtinentibus
513 355 542 389 in
561 354 845 409 Gratianopolitani
866 355 1007 401 episcopi

256 411 411 451 potestate
432 412 463 438 et
487 416 686 451 possessrone
709 412 900 451 permaneat.
927 404 1007 446 Quia

255 465 329 488 vero
369 465 511 500 perversa
551 453 750 500 quorundam
793 454 1007 500 pratsnuiptio

254 502 394 542 inolevit,
417 510 451 537 ut
469 502 629 537 defunctis
650 502 810 549 episcopis
833 514 882 537 res
903 502 1007 537 eccle-

254 551 397 587 siasticae
426 551 647 598 pervadantur,
673 552 857 586 auctoritate
876 559 1007 598 aposto—

253 599 310 636 lica
339 601 557 648 prohibemus,
585 608 617 635 ut
644 612 716 635 cum
741 600 820 636 vitae
848 609 918 635 tuae
940 608 1006 636 tuo-

253 662 363 685 rumve
387 662 610 685 successorum
639 650 794 684 terminus
821 650 1004 696 contigerit,

254 698 418 735 Ecclesiae
435 707 557 734 vestrae
580 711 628 734 res
649 707 680 734 ct
702 699 919 747 possessiones
934 700 1004 734 diri-

251 760 327 796 pere
349 761 443 784 nemo
472 755 666 796 praesumat;
688 748 742 783 sed
768 756 879 784 cuncta
907 749 1001 783 libera

251 805 282 833 et
308 797 497 833 inconcussa
530 798 560 832 in
594 798 760 835 canonico.
761 810 821 833 ’um
851 806 1004 854 potestate

251 848 430 894 persistant
443 847 486 882 illi
501 860 539 882 ex
556 847 680 895 integro
700 848 929 889 conservanda,
948 849 1001 895 qui

252 896 298 932 eis
319 896 470 932 canonice
483 897 653 944 episcopus
674 896 882 932 ordinabitur.
904 897 1002 932 Porro

249 953 429 981 sanctorum
457 958 613 982 canonum
646 946 769 981 decreta
798 946 919 994 ubique
952 947 1002 981 in-

248 995 436 1030 violabiliter
456 995 634 1031 conservari
666 995 852 1043 cupientes,
882 996 1002 1031 cousti-

247 1045 367 1080 tuimus
392 1052 486 1092 atque
512 1057 691 1085 censemus,
721 1053 753 1080 ut
781 1045 963 1081 interdictos
985 1058 1000 1080 a

247 1093 339 1129 vobis
364 1103 416 1130 aut
443 1095 752 1133 excommunicatos,
789 1094 819 1129 in
848 1107 995 1130 commu·

248 1143 376 1179 nionem
401 1144 552 1191 recipere,
574 1152 626 1179 aut
656 1152 797 1179 mortuos
819 1144 1000 1191 sepulturae

247 1193 370 1228 tradere
409 1205 502 1228 nemo
539 1202 728 1241 praesumat.
755 1193 866 1228 Vestra
900 1206 999 1237 sane,

246 1243 409 1278 carissime
435 1243 540 1284 frater,
563 1243 695 1278 intentio
717 1243 776 1277 erit
803 1243 888 1290 gregi
912 1256 1001 1278 com-

247 1293 345 1327 misso
379 1304 486 1327 curam
524 1292 689 1339 vigilanter
726 1292 932 1339 impendere,
970 1301 1000 1327 et

246 1340 410 1377 Romanae
437 1342 599 1376 Ecclesiae
626 1342 750 1377 decreta
782 1342 1000 1377 inviolabiliter

246 1390 432 1432 observare3
454 1399 612 1438 quatenus
633 1391 840 1439 multiplicato
855 1391 998 1426 laborum

246 1440 351 1476 fructu
378 1440 417 1476 ad
445 1443 537 1475 vitam
561 1441 689 1475 valeatis
713 1450 895 1488 perpetuam
921 1453 1000 1487 per-

246 1490 366 1526 venire.
394 1489 478 1526 Sane
496 1491 521 1525 si
545 1491 616 1545 quis
632 1490 662 1525 in
685 1491 857 1526 crastinum
881 1490 999 1526 archie-

245 1539 407 1595 piscopus‚
435 1547 487 1574 aut
510 1541 696 1587 episcopus,
731 1540 917 1587 imperator
945 1548 999 1575 aut

247 1601 312 1629 rex,
337 1591 494 1637 princeps,
516 1597 569 1624 aut
596 1589 672 1629 dux,
700 1601 818 1629 comes
847 1590 998 1624 autviee-

246 1650 367 1680 comes,
393 1647 448 1674 aut
469 1638 575 1679 iudex,
597 1647 649 1674 aut
678 1651 810 1686 persona
839 1639 999 1686 quaelibet

247 1700 358 1734 magna
392 1688 439 1723 vel
472 1700 578 1735 parva
608 1696 719 1734 potens
749 1697 801 1722 aut
829 1689 997 1743 impotens,

245 1737 340 1772 huius
370 1738 469 1772 nostri
503 1737 657 1784 privilegii
694 1738 839 1784 paginam
869 1751 997 1781 sciens,

245 1794 354 1822 contra
376 1799 444 1822 eam
473 1794 591 1821 temere
613 1788 720 1821 vcuire
748 1789 924 1827 tentaverit,
947 1800 998 1822 se-

245 1837 350 1870 cundo
378 1837 507 1871 tertiove
534 1836 747 1871 commonitus
769 1836 794 1870 si
818 1849 879 1871 non
903 1838 998 1871 satis-

246 1885 380 1920 factione
407 1897 545 1932 congrua
572 1885 810 1930 emendaverit,
838 1899 854 1920 a
877 1886 995 1921 Christi

246 1934 386 1970 Ecclesia
414 1947 485 1969 euin
513 1935 698 1969 auctoritate
728 1936 891 1982 potcstatis
912 1948 998 1982 apo-

244 1984 373 2019 stolicae
400 1996 614 2031 segregamus.
639 1984 909 2019 Conservantibus
936 1997 998 2018 au-

244 2039 306 2067 tem
336 2046 394 2080 pax
415 2046 432 2068 a
455 2034 521 2068 Deo
548 2042 576 2068 et
612 2034 826 2068 misericordia
854 2046 999 2081 praesen-

245 2082 329 2117 tibus
340 2095 375 2118 ac
389 2083 502 2118 futuris
516 2083 649 2118 saeculis
659 2091 872 2118 conservetur.
884 2085 996 2118 Amen.

293 2132 456 2180 Scriptum
485 2144 539 2179 per
566 2144 694 2167 manum
729 2132 874 2179 Gregorii
910 2133 997 2167 scri-

247 2181 351 2222 niarii,
373 2189 467 2228 atque
495 2181 607 2216 notarii
630 2181 708 2216 sacri
738 2181 854 2227 palatii.
883 2181 996 2215 Datum

1074 203 1095 224 ιι
1120 202 1166 224 rr.
1692 197 1757 228 ¹53

1387 257 1467 294 vul.

1052 315 1243 360 Approbati'o
1291 318 1535 362 couqreqalionis
1586 319 1805 353 monachorum

1108 365 1203 398 Vallis
1242 366 1408 400 L'mbrosae
1441 369 1509 401 ord.
1547 370 1581 402 S.
1625 369 1801 407 Beneili'cli,

1099 426 1176 458 quae
1201 416 1254 447 sub
1279 418 1462 460 protectione
1498 418 1585 451 Sedis
1612 419 1806 462 Apostolae‘ccw

1098 464 1273 508 suscipitur.

1316 520 1529 552 summumst

1049 574 1213 605 onidiuui.
1224 577 1299 606 --l.
1309 576 1364 606 Coe
1357 578 1519 608 uoliiuuiV
1523 580 1588 609 illis
1599 580 1801 612 Liubiosueiu

1088 615 1296 654 protectionem
1321 617 1406 646 Sedis
1425 618 1612 656 Apostolicne
1629 621 1801 659 suscipitur.

1139 656 1165 685 2.
1180 655 1279 685 Eidem
1300 656 1374 686 bona
1394 658 1492 687 omnia
1517 660 1742 690 confirmantur:
1761 677 1802 684 —-

1086 696 1104 724 3
1125 695 1156 725 Et
1172 695 1293 725 facultas
1307 697 1480 726 conceditur
1492 699 1717 728 ordinationesa
1731 710 1803 739 quo-

1085 744 1212 774 cumque
1225 735 1363 766 Antistite
1380 737 1553 775 recipiendi.
1557 739 1630 768 —L
1638 738 1802 770 Neiuocoe-

1085 774 1205 804 nubium
1237 775 1361 814 eiusque
1399 785 1540 815 personas
1578 779 1740 816 perturbet
1763 796 1803 803 —

1085 814 1113 844 5.
1122 814 1218 851 Episc
1230 824 1280 844 eas
1293 825 1349 845 non
1363 817 1629 846 excommunicent.
1638 820 1710 848 —o
1724 818 1800 849 llaec

1085 854 1205 893 privileg
1199 855 1235 884 ia
1253 854 1317 884 aliis
1337 855 1410 885 locis
1429 855 1524 886 dictae
1555 856 1800 895 Congregauonis

1083 894 1352 925 communicantur.
1384 912 1424 919 —
1446 896 1472 925 7.
1496 895 1588 934 Caput
1610 898 1801 928 constituitur

1083 939 1207 964 monast.
1237 934 1326 964 Vallis
1352 934 1522 965 Umbrosae.
1539 937 1621 966 —8.
1643 937 1742 967 Abbas
1764 939 1800 968 de

1082 974 1214 1004 omnium
1238 974 1377 1004 abbatum
1402 985 1548 1005 consensu
1577 977 1743 1014 eligendus.
1761 995 1802 1001 —

1082 1014 1108 1044 9.
1128 1013 1258 1043 Hortalio
1278 1014 1434 1053 pastoralis
1461 1016 1496 1045 ad
1519 1015 1794 1055 Congregationem.

1082 1070 1121 1076 —
1139 1054 1185 1084 10
1198 1053 1294 1084 Poena
1315 1054 1343 1084 in
1365 1040 1597 1093 perturbatores.
1613 1073 1652 1079 —
1671 1057 1717 1087 11.
1740 1057 1798 1088 Pax

1082 1102 1133 1132 pro
1156 1094 1221 1124 eius
1251 1095 1518 1125 conservatoribus.

1041 1154 1163 1183 Urbanus
1182 1155 1323 1191 opiscopus
1335 1163 1430 1184 servus
1447 1163 1586 1186 servorum
1602 1157 1656 1191 nei,
1677 1158 1798 1187 dilectis·

1086 1199 1162 1228 simis
1181 1200 1248 1229 flliis
1267 1201 1410 1229 universae
1430 1201 1514 1230 Vallis
1534 1202 1716 1231 umbrosanae
1735 1210 1796 1232 con·

1086 1245 1256 1280 gregationis
1275 1244 1412 1274 fratribus
1431 1247 1489 1275 tam
1508 1247 1698 1282 praesentibus
1719 1255 1799 1284 quam

1084 1289 1198 1323 futuris,
1219 1291 1376 1325 regularem
1403 1291 1490 1320 vitam
1508 1291 1651 1327 professis,
1672 1293 1700 1321 in
1734 1300 1796 1329 per·

1084 1336 1205 1370 potuum.
1219 1335 1336 1364 salutem
1349 1337 1375 1364 et
1387 1336 1562 1371 apostolica-n
1576 1338 1796 1366 benedictionem.

1089 1391 1170 1426 Cum
1194 1393 1352 1427 universis
1374 1401 1499 1428 sanctae
1535 1393 1694 1429 Ecclesiae
1725 1395 1797 1430 filiis

1040 1453 1077 1476 ex
1104 1441 1307 1488 Apostolicae
1340 1441 1434 1477 Sedis
1468 1444 1651 1478 auctoritate
1681 1457 1715 1479 ac
1739 1444 1796 1479 be-

1041 1491 1218 1526 nevolentia
1241 1491 1402 1527 debitores
1420 1493 1602 1532 existamus,
1623 1493 1683 1528 illis
1707 1506 1793 1540 prae-

1039 1541 1133 1588 cipue
1157 1541 1235 1575 locis
1257 1550 1350 1588 atque
1379 1544 1538 1588 personis,
1561 1555 1640 1589 quae
1663 1544 1793 1590 specia-

1040 1591 1099 1625 lius
1135 1603 1169 1624 ac
1204 1590 1387 1625 familiarius
1422 1590 1584 1626 Romanae
1621 1592 1794 1627 adhaerent

1041 1639 1222 1684 Ecclesiae,
1264 1652 1408 1687 quaeque
1447 1642 1591 1696 ampliori
1633 1643 1794 1688 religionis

1039 1691 1137 1735 gratia
1165 1691 1319 1734 eminent,
1343 1691 1538 1737 ριόριιι5ἰοιι
1567 1702 1624 1726 nos
1646 1693 1793 1727 convenit

1039 1738 1199 1773 charitatis
1221 1739 1326 1773 studio
1353 1740 1531 1775 imminere.

1088 1788 1160 1834 §L
1200 1788 1281 1830 Quia
1322 1789 1418 1834 igitur
1452 1788 1556 1823 divina
1593 1792 1792 1838 propositum

1039 1846 1176 1872 vestrum
1207 1841 1428 1884 praeveniente
1450 1851 1486 1873 ac
1501 1839 1717 1886 subsequente
1733 1841 1793 1875 cle-

1040 1888 1167 1927 mentia,
1196 1887 1357 1933 religionis
1383 1896 1503 1923 vestrae
1526 1889 1711 1935 simplicitas
1733 1889 1792 1924 bo-

1040 1948 1097 1971 nae
1119 1936 1279 1983 opinionis
1302 1936 1430 1971 odorem
1456 1939 1484 1971 in
1508 1936 1602 1978 locis,
1631 1946 1660 1972 et
1689 1951 1790 1986 prope

1039 1993 1070 2019 et
1096 1985 1187 2032 longe
1225 1986 1353 2033 positis,
1387 1987 1551 2033 aspiravit;
1592 2000 1649 2022 uos
1685 1999 1789 2022 vestro

1041 2035 1212 2081 provectui,
1247 2043 1405 2071 annuente
1431 2036 1585 2080 Domino,
1620 2046 1790 2084 provectus

1038 2084 1211 2128 adiungere
1233 2086 1411 2132 cupientes,
1441 2085 1631 2120 coenobium
1652 2094 1790 2120 vestrum

1041 2146 1096 2180 pro
1118 2133 1153 2168 B.
1172 2134 1285 2168 Mariae
1303 2146 1428 2181 semper
1452 2134 1590 2181 Virginis
1605 2137 1790 2176 reverentia.

1040 2183 1088 2217 cui
1117 2182 1254 2217 dicatum
1284 2195 1341 2223 esi,
1370 2186 1399 2217 in
1436 2184 1599 2218 Romanae
1631 2184 1791 2219 Ecclesiae

244 2229 367 2266 Romae
388 2242 444 2276 per
472 2243 601 2265 manum
623 2230 752 2265 Ioannis
776 2238 903 2265 sanctae
932 2230 998 2264 Ro-
1018 2257 1020 2267 ,
1041 2235 1263 2278 proprietatem
1292 2243 1321 2267 et
1344 2235 1484 2276 tutelam,
1507 2241 1599 2288 atque
1621 2235 1790 2287 prot-›ctio-

246 2292 358 2315 manae
380 2279 540 2315 Ecclesiae
570 2279 692 2314 diaconi
720 2279 889 2314 cardinalis
917 2291 998 2314 anno
1017 2271 1021 2338 l
1040 2293 1110 2315 nem
1157 2281 1356 2327 Aiostolicae
1399 2282 1492 2316 Selis
1529 2283 1722 2329 accipimus;

245 2329 423 2364 dominicae
450 2329 676 2363 incarnationis
702 2340 789 2373 mxc,

245 2390 318 2422 xm,
338 2377 540 2426 pontificatus
562 2377 681 2412 domini
704 2377 871 2413 UibauiP

245 2439 329 2462 auno
355 2440 407 2472 ιιι,
430 2428 481 2462 die
510 2426 569 2461 kal.
593 2427 700 2473 aprilis
727 2430 784 2470 (l).

306 2483 369 2515 Dat.
393 2484 440 2514 die
459 2486 472 2514 1
494 2484 596 2524 aprilis
620 2493 695 2513 auno
712 2483 829 2514 Domini
852 2484 937 2522 1000,

489 2524 592 2563 pontif.
615 2533 692 2553 anuo
713 2533 749 2554 iv

826 2331 865 2362 in
861 2330 933 2362 licti
939 2343 965 2362 0.
968 2339 1020 2362 ie.

1760 2291 1792 2317 et

1040 2310 1227 2376 iposioncbe
1270 2330 1346 2364 illud
1396 2332 1591 2365 3ιιιιοιιι3ιι5
1628 2332 1791 2378 privilegio

875 2390 951 2425 ’1)30
973 2370 1020 2412 U
1017 2393 1021 2416 l
1040 2404 1089 2422 nus
1102 2397 1160 2422 1091
1175 2403 1235 2422 cum
1244 2395 1342 2422 Urbani
1355 2395 1507 2430 pontificatu
1516 2396 1680 2428 cohaereret,
1689 2405 1789 2425 annum

1041 2436 1098 2457 [ein
1104 2441 1116 2456 ιι
1123 2439 1146 2457 m
1173 2440 1196 2457 m
1219 2439 1344 2465 quartum
1369 2431 1531 2457 emendavit.
1553 2433 1587 2458 At.
1603 2440 1654 2458 non
1670 2432 1788 2460 advertit

1040 2467 1134 2493 fortass
1123 2476 1150 2491 e
1174 2467 1369 2493 eruditissimus
1394 2468 1434 2492 vir
1451 2466 1621 2494 indictionem
1637 2475 1688 2494 xiii
1705 2477 1792 2503 neque

1039 2510 1107 2528 auno
1123 2503 1181 2528 509,
1191 2510 1295 2536 neque
1311 2505 1405 2536 quarto
1422 2502 1590 2542 pontificatus
1606 2503 1704 2529 Urbani
1720 2511 1791 2531 anno

1039 2538 1192 2564 convenire.
1211 2537 1325 2564 Ειηειιᾱιι.
1318 2537 1406 2563 ‘udam
1425 2538 1514 2572 itaque
1535 2539 1618 2564 satius
1638 2539 1790 2573 putavimus

280 2571 365 2607 (¹)1n
383 2572 527 2608 exemplari
549 2572 808 2606 Baluzianolegitur:
832 2574 864 2598 D
892 2576 997 2599 incarn.
1038 2573 1249 2607 chronologicam
1282 2574 1393 2607 primam
1420 2577 1508 2599 notam
1538 2582 1562 2599 ιιι
1588 2574 1665 2599 Du‘n.
1686 2581 1787 2600 annum

243 2610 423 2641 υκοιμηᾱὶοι.
427 2613 550 2642 xutetc„
559 2615 680 2635 annoni.
695 2608 901 2641 Βιιιιιιιιιςιειο,
914 2613 998 2634 utun-
1017 2614 1021 2628 ¹
1042 2609 1118 2640 1090,
1136 2616 1189 2643 quo
1206 2615 1252 2643 poc
1240 2611 1281 2634 to
1297 2612 1400 2635 caetera
1418 2608 1510 2635 melius
1526 2612 1735 2645 componuntur.

1829 228 1878 254 Αι.
1898 227 1926 255 C.
1946 227 2014 255 ¹090

1849 1432 1969 1455 Exardjum.

1877 1815 2005 1837 Commium

1821 1841 1887 1862 Vallis
1917 1842 2004 1863 [mlii-0·

1820 1874 1856 1889 sac
1887 1869 1907 1889 in
1936 1871 2006 1894 prote-

1820 1895 1910 1915 cionem
1942 1895 2005 1916 Sedis

1820 1922 1955 1946 Apostolicao
1971 1928 2003 1943 su-

1820 1948 1921 1974 scipitur3
