2180 3205
35 244 83 273 An.
103 243 132 272 C.
150 242 217 271 ¹099

60 302 92 324 Ira
108 301 136 322 De
126 302 200 327 nimpi
195 308 217 321 ei·

35 328 142 350 simoniae·
145 334 175 351 ›.s
197 329 217 348 et

50 361 111 382 quam
139 354 208 379 graiis

50 381 116 402 cecati
137 380 166 401 roi
189 379 217 400 es-

49 407 135 429 ciuntur

60 1381 137 1407 Quibus
151 1383 172 1403 in
183 1388 215 1404 re-

35 1408 73 1430 bus
88 1410 215 1439 praepositis

35 1437 109 1456 nostris
137 1435 216 1457 dobea-

36 1467 79 1483 ιιιιιε
93 1461 187 1483 obedire.

892 235 1044 258 UitiiANt's

292 292 312 339 g
339 295 371 327 4.
401 291 603 327 Pensandiim
628 304 700 326 veto
726 299 785 335 est,
808 303 869 337 qna
894 302 992 336 potui

243 343 436 385 multentur,
467 342 518 387 qui
556 342 614 375 itin
656 341 722 375 Deo
772 348 803 374 (t
836 339 994 374 Eccltsiae

242 402 318 425 suae
340 390 443 424 oblata
473 390 622 431 vendunt
651 390 698 424 νιΙ
726 397 846 429 emunt,
872 388 896 422 si
920 400 992 421 cuin

240 439 372 485 flagellis
407 451 423 473 a
458 439 516 474 Dei
551 439 669 484 templo
696 438 785 473 eiecti
815 445 889 472 sunt
920 437 993 483 qui,

238 499 320 534 qnae
352 488 420 522 Deo
456 496 543 523 erant
578 487 758 531 oss'crenda,
799 485 991 526 vendebant,

238 537 285 571 vel
314 537 472 571 emebant.
500 537 533 571 Si
558 536 596 570 (le
618 536 851 571 offerendorum
883 534 993 569 vendi-

237 585 362 620 toribus
390 586 435 620 vel
463 585 660 632 emptoribus
682 585 803 620 dictum
832 592 893 620 est:
929 583 993 618 Vos

238 634 357 669 fecistis
380 635 508 669 domuin
533 634 634 668 Patris
656 634 717 668 mei
737 634 867 668 ‹lonium
893 645 992 678 nego-

235 683 386 723 tiationis,
409 691 439 718 et
461 683 645 730 speluncam
670 683 828 717 latronum
844 686 898 727 (a);
914 681 990 729 quid

231 731 358 766 dicetur
381 732 441 766 iam
461 733 499 766 de
526 731 687 766 Ecclesiae
713 732 891 767 oblatorum
917 744 991 765 ven-

231 781 393 815 ditoribus
432 781 479 815 vel
519 781 737 827 emptoribus?
774 781 814 815 Et
847 793 886 815 ne
920 781 991 827 quis

231 829 365 864 insanus
403 829 541 870 obiiciat,
578 831 689 864 merito
725 830 783 864 hos
818 830 989 864 Dominum

235 886 297 913 tam
320 878 434 913 acerbe
463 878 651 920 vindicasse,
678 879 752 925 quia
777 887 853 914 tunc
880 878 930 913 illa
959 879 989 912 in

234 928 364 974 templo,
393 927 624 962 ecclesiasticae
648 940 720 962 vero
744 940 792 963 res
824 927 920 962 modo
941 940 989 962 ex-

233 984 277 1010 tra
303 976 456 1023 templum
485 976 714 1016 ‹listraliantur5
741 978 990 1024 atteiidatsuper

232 1024 283 1060 liis
311 1025 481 1071 Augustini
505 1037 568 1060 non
596 1026 856 1061 determinantem
885 1026 987 1060 locuni

233 1074 424 1108 venditionis
435 1073 917 1130 velemptionispropositorum,
932 1075 987 1110 sed

234 1130 355 1157 tantuin
379 1123 541 1157 indefinite
563 1123 737 1158 dicentem:
760 1124 795 1159 C
792 1125 915 1159 ircumit
937 1124 990 1158 ali-

233 1172 306 1219 quis
320 1184 426 1206 emeie
441 1172 637 1206 columbam.
647 1174 866 1220 unnsquisque
878 1186 987 1220 pr-opo

234 1230 329 1255 situm
343 1233 437 1255 suuni
454 1221 571 1261 laudat,
588 1221 672 1268 qnod
690 1223 885 1263 veiidit3110n
909 1223 988 1256 adii-

234 1270 322 1304 ciens
334 1270 363 1304 in
379 1270 551 1316 teniplovel
563 1278 629 1304 exti
632 1271 809 1317 ·iteinplnni
827 1271 902 1305 hice
917 1284 989 1305 con-

235 1326 278 1353 tra
295 1319 475 1354 venditores
497 1319 544 1353 vel
561 1328 720 1366 emptores
733 1332 893 1354 sacrarum
916 1320 985 1354 Dei.

285 1367 431 1415 §and
461 1367 521 1402 hoc
555 1380 645 1412 vero,
672 1369 756 1415 qnod
792 1370 821 1402 in
856 1370 988 1415 epistola

236 1424 287 1451 tna
324 1417 487 1463 seqnitur,
527 1416 607 1451 idest
644 1426 748 1452 utrum
783 1418 912 1452 obedire
941 1418 989 1452 his

238 1466 433 1500 tentantibus
452 1466 489 1500 ad
513 1473 645 1500 mortem
668 1466 754 1501 nefas
775 1467 833 1500 sit:
856 1474 887 1501 et
905 1467 988 1501 circa

237 1514 332 1549 [inem
355 1514 498 1549 eiusdem
519 1515 669 1561 epistolae
692 1515 751 1550 hoc
770 1516 850 1550 idem
875 1518 987 1550 iteruin

237 1563 427 1604 inculcatum
450 1563 524 1597 illud
549 1564 627 1598 beati
643 1564 727 1598 Petri
743 1565 987 1612 respondemus:

236 1612 376 1647 Obedire
404 1612 471 1646 Deo
497 1621 620 1659 oportet
655 1613 772 1660 magis,
800 1626 893 1660 quam
932 1614 989 1648 ho-

238 1661 375 1696 minibus
386 1663 436 1705 (b).
449 1660 484 1695 ln
497 1673 559 1707 quo
570 1663 715 1708 exemplo
730 1662 915 1706 notandum,
932 1662 990 1696 ho-

238 1710 378 1745 minibus
415 1711 573 1744 interdum
609 1711 729 1745 obediri
766 1711 902 1751 debere,
933 1712 987 1746 sed

239 1760 338 1805 inagis
363 1759 450 1793 Deo:
491 1759 673 1794 hominibus
700 1760 828 1806 quidem
857 1761 888 1794 in
922 1761 989 1804 his,

239 1821 318 1855 quae
335 1816 444 1842 contra
461 1808 554 1842 fidem
570 1815 600 1842 et
619 1809 803 1854 religionem
827 1822 888 1843 non
904 1818 988 1843 sunt

237 1857 396 1899 Quoniam
424 1857 507 1891 cives
528 1856 696 1891 Ierusalem
713 1858 847 1903 legimus
859 1858 989 1905 Babylo-

239 1906 287 1940 nis
299 1905 421 1940 civibus
437 1905 607 1949 militasse,
625 1915 657 1940 nt
669 1915 814 1941 sanetum
826 1906 990 1952 Ioseph,et

239 1955 342 1989 socios
360 1954 518 1989 Danielis:
545 1967 679 2001 quorum
698 1956 818 2002 primns
845 1964 988 2002 stuprum

239 2004 400 2038 dominae:
429 2012 599 2050 sequentes
626 2016 698 2038 vero
724 2004 898 2038 idolatriam
924 2017 992 2050 pei·-

240 2053 415 2091 horrentes,
443 2065 507 2086 rein
533 2052 705 2098 publicam,
733 2061 762 2087 et
795 2053 991 2099 alienigena-

241 2113 309 2135 rum
349 2101 525 2147 principum
561 2109 688 2136 strenuc
724 2101 989 2147 gubernaverunt.

240 2149 280 2183 Et
302 2150 332 2183 in
355 2149 528 2195 Evangelio
553 2149 663 2184 habes:
688 2150 768 2184 Cum
798 2162 856 2189 eo,
883 2151 936 2196 qui
962 2158 990 2184 te

240 2197 444 2244 angariaverit
470 2210 535 2231 uno
558 2198 723 2235 milliario,
755 2198 813 2232 alia
836 2199 899 2232 duo
921 2211 986 2232 am-

242 2247 348 2281 bulare
363 2246 493 2280 debere:
509 2254 540 2280 et
555 2247 703 2290 reddere,
725 2259 804 2293 quae
819 2255 892 2280 sunt
911 2247 992 2281 Cae-

241 2296 331 2335 saris,
352 2294 496 2329 Caesari:
519 2303 549 2329 et
571 2308 650 2342 quae
668 2304 741 2329 sunt
764 2295 832 2334 Dei,
854 2296 919 2329 Deo
943 2299 990 2338 (cl.

242 2344 318 2379 ltem
341 2343 554 2389 Hieronymus
579 2357 675 2390 super
696 2344 828 2390 epistola
855 2344 893 2378 ad
917 2344 993 2378 Phi-

244 2393 420 2439 lippenses:
444 2392 476 2426 Si
504 2392 651 2427 dominus
665 2405 699 2427 ea
716 2393 812 2432 iubet,
831 2405 910 2439 quae
930 2406 991 2427 non

242 2449 317 2476 sunt
337 2441 466 2475 adversa
493 2441 667 2488 Scripturis
689 2441 817 2480 sancti&
840 2442 994 2476 subiicia-

244 2498 295 2524 tur
331 2489 460 2524 don‘iino
499 2501 630 2530 servus;
668 2490 694 2524 si
730 2502 802 2525 vero
840 2491 994 2525 contraria

279 2554 319 2590 (a)
335 2554 429 2581 Matth.
443 2563 503 2586 xxi,
518 2556 559 2581 13.
599 2554 637 2589 (b)
650 2554 708 2581 Act.
721 2562 748 2588 v,
765 2555 810 2582 29.
849 2554 884 2589 (c)
899 2555 993 2581 Matth.

244 2600 315 2625 xxii,
335 2594 399 2621 Luc.
417 2601 468 2626 xx,
489 2595 554 2620 Mar.
573 2602 623 2620 xii.
853 2595 897 2628 (it.
915 2594 958 2629 T.)

1069 235 1090 256 ιι
1116 234 1162 256 i·i·.
1674 223 1744 257 203

1039 288 1202 334 praecipit,
1232 288 1332 331 magis
1365 288 1491 323 obediat
1517 288 1659 334 spiritus,
1695 303 1790 336 quain

1037 338 1180 383 corporis
1195 338 1343 378 domium
1362 347 1392 372 et
1413 339 1506 373 insi-a:
1524 340 1556 372 Si
1574 339 1691 373 honum
1710 340 1788 386 quid

1038 386 1190 432 praecipit
1226 387 1416 433 imperator,
1457 388 1596 422 iubentis
1630 401 1790 435 exequere

1039 436 1246 475 voliintat0m;
1270 436 1294 469 si
1313 436 1440 477 malum,
1457 437 1632 483 responde:
1650 437 1790 474 Obedire

1036 491 1160 530 oportet
1183 484 1250 517 Deo
1274 485 1391 529 magis,
1422 498 1516 532 quain
1546 486 1738 522 hominihus

1084 533 1158 579 §G-
1184 532 1231 566 Ad
1257 533 1315 566 hoc
1344 546 1434 572 vero
1470 534 1555 581 qnod
1589 536 1791 582 subiungitur

1036 581 1066 615 in
1088 582 1196 616 eidem
1220 581 1367 627 epistol;‚i
1391 583 1470 616 idest
1495 592 1599 618 titium
1627 586 1667 619 sit
1695 594 1788 620 uten-

1034 630 1109 664 dum
1145 630 1400 665 ordinationibus
1442 639 1472 665 et
1514 633 1644 679 reliquis
1681 647 1787 670 sacra-

1035 679 1149 714 mentis
1172 691 1188 713 a
1212 680 1392 713 criminosis
1413 680 1573 721 exhibitis,
1598 682 1683 716 utab
1698 683 1790 718 adul-

1035 729 1108 762 teris
1134 736 1164 762 et
1191 740 1207 762 a
1242 729 1530 763 sanctimonialium
1571 731 1788 775 violatoribus,

1035 777 1080 812 vel
1109 777 1304 817 huiusmodi,
1339 778 1377 811 ad
1400 777 1472 818 hoc,
1495 779 1644 825 inquam,
1672 781 1712 815 ita
1736 794 1787 816 re-

1033 826 1247 871 spondemus:
1279 826 1313 861 Si
1337 826 1506 861 schismate
1529 828 1575 861 vel
1604 829 1724 864 haeresi
1749 831 1788 865 ab

1032 875 1172 910 Ecclesia
1197 888 1259 909 non
1287 884 1490 922 separantur,
1519 877 1703 912 eorumdem
1735 891 1788 913 or-

1032 924 1210 959 dinationes
1247 932 1277 959 et
1309 925 1426 971 reliqna
1454 935 1649 961 sacramenta
1677 936 1786 964 sancta

1031 982 1061 1007 et
1095 973 1272 1008 veneranda
1307 986 1368 1008 non
1406 987 1578 1020 negamus,
1613 985 1785 1022 sequentes

1032 1022 1157 1056 beatum
1181 1023 1407 1068 Augustinuin,
1429 1024 1482 1070 qui
1497 1036 1593 1070 super
1610 1024 1786 1060 Iohannem

1031 1071 1069 1105 de
1093 1071 1274 1106 huiusmodi
1292 1079 1352 1106 tam
1368 1073 1495 1119 copiose
1517 1085 1609 1119 quam
1635 1075 1788 1109 veraciter

1030 1120 1198 1161 disseriiit3
1229 1120 1271 1154 ait
1298 1121 1397 1155 enini:
1428 1121 1569 1168 Baptizet
1597 1135 1651 1156 vos
1677 1136 1788 1159 serviis

1031 1168 1143 1223 bonus,
1166 1170 1231 1204 sive
1247 1182 1356 1204 servus
1371 1170 1483 1211 malus,
1508 1183 1567 1204 non
1585 1171 1662 1205 sciat
1674 1185 1708 1206 se
1724 1173 1786 1215 ille,

1030 1218 1082 1264 qui
1111 1218 1297 1264 baptizatur
1333 1218 1482 1265 baptizari
1508 1232 1569 1253 non
1594 1220 1632 1254 ib
1655 1233 1704 1264 eo,
1732 1222 1786 1267 qui

1029 1267 1088 1300 sihi
1104 1268 1205 1301 tenuit
1222 1267 1398 1314 biptizaiidi
1414 1276 1543 1314 potest·i¹
1550 1281 1576 1303 e
1583 1282 1619 1308 n;
1642 1277 1672 1303 et
1692 1271 1786 1324 paulo

1031 1325 1115 1361 post:
1145 1315 1213 1349 Non
1243 1316 1366 1350 horreat
1394 1317 1541 1352 columbi
1574 1319 1785 1354 ministerium

1031 1365 1202 1407 malorum,
1239 1365 1382 1411 tespiciat
1416 1366 1544 1400 Domini
1579 1375 1785 1413 potestattm3

1029 1414 1054 1447 si
1079 1413 1169 1447 fuerit
1197 1414 1355 1460 superbus
1379 1415 1532 1458 minister,
1560 1428 1632 1449 cuin
1661 1416 1783 1451 Zabiilo

1029 1471 1247 1508 computatum
1270 1463 1325 1497 sed
1350 1475 1404 1509 per
1427 1463 1514 1498 illum
1538 1463 1655 1499 Christi
1686 1478 1788 1500 saera-

1031 1520 1171 1546 mentum
1196 1524 1258 1546 non
1286 1512 1530 1546 contaminatur.
1552 1513 1645 1555 Quod
1671 1527 1725 1560 per
1748 1515 1787 1548 il-

1030 1560 1094 1594 lum
1123 1560 1207 1601 fluit,
1242 1573 1355 1607 purum
1391 1569 1457 1595 est:
1486 1562 1571 1608 quod
1608 1575 1663 1608 pei·
1697 1563 1785 1598 illum

1030 1609 1160 1650 transit,
1197 1610 1352 1656 liquidum
1381 1618 1439 1644 est.
1469 1609 1573 1645 Idem:
1602 1611 1786 1658 Spiritualis

1032 1670 1103 1692 vero
1132 1658 1228 1692 virtus
1261 1658 1456 1693 Sacramenti
1486 1660 1526 1694 ita
1560 1669 1607 1694 est
1643 1668 1676 1695 ut
1712 1661 1785 1705 lux,

1031 1719 1111 1761 quae
1139 1707 1178 1741 ab
1201 1707 1419 1742 illuminandis
1447 1721 1523 1755 pura
1551 1709 1727 1756 excipitur,
1754 1717 1786 1744 et

1030 1756 1055 1788 si
1082 1769 1136 1802 pei·
1159 1756 1320 1790 immunda
1341 1764 1487 1801 transeat,
1511 1770 1573 1791 non
1591 1759 1786 1804 inquinatur.

1031 1804 1119 1845 Quos
1142 1805 1277 1850 batipzat
1299 1805 1455 1846 ebriosus7
1479 1818 1559 1852 quos
1579 1807 1714 1853 bapti7at
1733 1808 1790 1842 ho-

1032 1853 1157 1897 micida,
1192 1866 1272 1900 quos
1306 1854 1441 1900 baptizat
1473 1855 1607 1895 adulter,
1636 1856 1788 1891 Christus

1033 1901 1187 1948 baptizat3
1210 1910 1240 1936 et
1261 1906 1382 1937 caetera
1406 1903 1599 1938 huiusmodi.
1638 1906 1786 1940 Attamen

1033 1950 1215 1985 decessores
1239 1952 1336 1985 nostri
1364 1952 1513 1987 Nicolans
1547 1961 1577 1987 et
1612 1953 1787 2000 Gregorius

1032 2012 1048 2033 a
1077 2000 1182 2033 missis
1212 2001 1429 2041 sacerdotum,
1461 2014 1542 2048 quos
1574 2003 1652 2036 tales
1680 2015 1786 2037 revera

1032 2060 1100 2081 esse
1122 2049 1316 2088 constiterit,
1349 2049 1458 2084 fideles
1490 2050 1647 2085 abstinere
1674 2052 1786 2086 decre-

1035 2104 1152 2140 iciant,
1179 2105 1210 2131 et
1236 2105 1271 2131 ut
1295 2099 1444 2144 peccandi
1469 2099 1625 2133 licentiam
1654 2100 1786 2135 caeteris

1033 2157 1059 2179 a·
1054 2145 1209 2189 il'errent,
1245 2154 1275 2179 et
1304 2147 1482 2181 huiusmodi
1506 2147 1545 2181 ad
1573 2148 1688 2193 dignae
1710 2161 1787 2195 poe-

1035 2194 1184 2228 niteiitiae
1212 2196 1346 2229 lamenta
1374 2204 1565 2230 ιοιοιιιιειιῑ
1592 2196 1787 2232 Scribithoc

1036 2242 1257 2287 praedecessor
1280 2251 1386 2277 noster
1408 2244 1581 2289 Gregorius
1615 2245 1786 2290 Ridolpho

1034 2298 1064 2324 et
1087 2290 1258 2325 Bertholdo
1280 2291 1416 2325 ducibus
1439 2293 1519 2326 inter
1546 2301 1686 2328 caetera:
1714 2294 1789 2329 Offi-

1035 2338 1118 2372 cium
1155 2339 1417 2380 simoniacorum,
1453 2348 1484 2374 et
1520 2341 1550 2375 in
1578 2342 1789 2378 fornicatione

1036 2387 1215 2428 iacentium
1231 2388 1375 2428 scientes,
1391 2389 1477 2423 nullo
1501 2391 1594 2424 modo
1613 2402 1787 2437 accipiatis,

1036 2443 1066 2469 et
1087 2444 1239 2482 quantuni
1259 2437 1414 2491 potestis,
1440 2437 1517 2472 tales
1538 2439 1654 2474 sanctis
1676 2440 1790 2475 deser-

1037 2484 1118 2566 Eire·
1137 2486 1283 2520 misteriis
1316 2486 1355 2527 vi,
1390 2486 1415 2520 si
1440 2488 1636 2533 oportuerit,
1673 2489 1790 2535 prohi-

1060 2534 1138 2567 eatis
1159 2542 1218 2568 etc.

1087 2582 1107 2629 g
1130 2586 1161 2617 7.
1189 2583 1288 2617 Porio
1314 2583 1353 2618 ad
1376 2583 1464 2625 haec,
1487 2597 1567 2632 quae
1594 2585 1648 2620 tibi
1672 2586 1790 2634 sylogi-

1810 245 1858 271 An.
1878 244 1906 271 C.
1926 244 1993 271 ¹099

1837 561 1909 582 Utinm
1922 563 1951 582 uti
1963 566 1995 580 <a-

1811 588 1924 608 eramentis
1948 593 1994 613 pos-

1810 615 1874 634 simus
1887 630 1891 637 ,
1906 619 1961 643 quae
1983 620 1996 633 a

1811 646 1928 660 criminosa
1947 645 1997 661 cou-

1810 667 1911 689 teruntur.
