2180 3205
31 286 81 314 An.
102 286 132 314 C.
145 285 214 314 1089

20 840 23 844 ,
78 824 136 846 Idem
149 824 214 845 etiam

31 851 214 877 ‹lunga-tunensi

33 880 55 900 οι
67 877 161 901 Curienst
171 878 214 904 tpi-

32 906 112 932 neopat.
123 903 214 931 aliisquo

31 931 214 980 {tatastat

31 985 126 1012 iniunzit.

68 1599 164 1621 noriano
178 1603 216 1625 pa-

32 1626 122 1648 :tori-tis.

63 2079 186 2102 Benedictio
198 2087 221 2103 :i-

38 2108 147 2135 posinttca.

882 281 1028 304 t'nBANts
1051 281 1073 303 11
1096 281 1145 303 ΡΡ.

292 335 313 383 g
341 336 396 370 16.
419 334 601 380 Caeterum,
625 344 656 371 ut
678 336 708 370 in
735 335 846 371 eodem
873 347 992 370 coeno-

245 384 298 420 bio
318 384 462 420 abbatem
492 385 678 420 catholicum
715 385 898 431 regulariter
925 384 993 418 vice

243 441 350 470 nostra
364 434 570 482 praestituere
585 435 724 475 studeas,
748 443 819 469 tuae
841 433 993 468 obedien-

242 490 303 518 tiae
325 483 528 530 imperamus.

289 532 311 579 S
339 535 394 567 17.
424 533 490 568 Nec
524 533 626 568 solum
656 533 686 567 in
713 543 773 576 eo,
805 531 860 566 sed
894 539 927 566 ut
961 531 991 565 in

241 580 276 615 S.
299 580 381 616 Galli
404 582 571 622 coenobio,
598 589 629 616 et
651 582 680 615 in
703 581 846 620 caeteris,
867 581 892 615 si
911 592 992 626 quae

241 638 315 665 sunt
337 631 472 678 propriis
498 631 664 666 abhatibus
697 630 857 670 destituta,
886 637 991 664 nostra

242 679 339 714 fretus
360 681 544 715 auctoritate
577 692 649 714 εινιι
681 679 833 720 consilio,
856 691 989 725 quorum

243 729 395 764 interesse
433 729 641 775 cognoveris,
682 728 810 763 abbates
850 729 966 774 eligere
982 755 991 772 ,

240 785 335 825 atque
356 778 473 814 electos
499 790 684 813 consecrare
707 789 851 824 procura.

289 827 309 874 S
333 829 387 862 18.
416 827 501 862 ldem
528 828 622 862 etiam
656 826 711 861 tibi
738 825 930 861 studendum
953 826 992 860 de

240 875 478 922 Augustunensi
501 884 532 912 et
553 875 698 911 Curiensi
731 877 914 924 episcopatu
937 875 992 909 in-

242 925 421 972 iungimus,
460 938 517 961 nec
545 938 607 960 non
645 933 675 961 et
708 925 746 960 de
771 925 925 964 caeteris,
952 924 990 959 ad

240 987 321 1022 quae
353 975 546 1010 pataviensis
572 975 742 1022 episcopus
767 974 910 1010 advocari
944 974 989 1008 vel

240 1024 350 1059 adesse
377 1025 568 1071 nequiverim
595 1032 624 1059 et
655 1024 712 1071 ipsi
740 1025 845 1064 enim,
877 1035 992 1070 quem-

240 1073 414 1109 admodum
437 1081 469 1109 et
495 1074 562 1115 tibi,
584 1073 751 1114 Saxoniae,
775 1073 991 1113 Aleinaiiniae,

240 1134 277 1158 ac
301 1131 511 1165 caeterorum,
538 1135 620 1171 quae
656 1135 753 1170 prope
786 1132 859 1157 sunt
888 1134 992 1168 regio-

240 1188 330 1222 num,
353 1177 419 1212 vice
447 1185 552 1211 nostra
575 1177 829 1224 procurationem
853 1176 992 1211 iniunxi-

240 1242 334 1272 mus,
368 1238 404 1266 ut
434 1230 651 1266 ordinationes
678 1230 903 1278 improbandas
932 1231 994 1265 im-

241 1283 394 1331 probetis,
425 1284 619 1319 roborandas
649 1284 818 1319 roboretis:
845 1293 876 1319 et
902 1285 993 1331 quic-

241 1338 316 1386 quid
361 1338 561 1374 ecclesiastici
601 1339 717 1385 negotii
756 1339 990 1385 disponendum

240 1392 346 1434 suerit,
368 1393 600 1428 communicato
621 1393 839 1439 religiosorum
856 1394 990 1427 virorum

240 1446 373 1482 consilio
395 1447 583 1494 disponatis,
613 1447 716 1493 quoad
759 1459 859 1494 usque
889 1448 991 1493 priva-

239 1499 353 1536 tiorem
382 1509 543 1536 annuente
569 1501 708 1537 Domino
736 1501 873 1548 legatum
901 1501 993 1536 Sedis

240 1554 442 1603 Apostolicae
464 1556 626 1604 suscipere
652 1555 790 1590 valeatis.

288 1609 309 1656 S
337 1613 393 1644 19.
416 1609 492 1652 Vos,
514 1610 587 1658 quia
616 1610 670 1645 Dei
707 1610 774 1644 zelo
796 1609 934 1653 servetis,
962 1618 992 1645 et

240 1662 372 1698 scientia
395 1665 585 1712 praecellitis
608 1672 703 1711 atque
729 1663 884 1705 doctrina,
906 1664 993 1698 omni

241 1728 316 1752 cura
340 1725 435 1766 atque
456 1718 659 1754 solicitudine
681 1718 869 1753 utilitatibus
890 1718 994 1753 eccle-

241 1770 378 1807 siasticis
413 1772 576 1814 insudate3
603 1771 756 1812 scientes,
791 1773 940 1818 quoniam
965 1780 994 1807 et

243 1837 302 1861 nos
327 1825 359 1860 iu
387 1826 446 1861 hoc
477 1834 619 1873 tempore
653 1826 766 1860 vestris
789 1825 994 1861 libentissime

242 1879 432 1915 utilitatibus
445 1892 636 1921 annuemus,
650 1887 680 1914 et
694 1891 820 1926 operam
836 1879 993 1914 dabimus.

241 1932 420 1968 Laboribus
433 1941 536 1968 autem
551 1933 713 1968 Romanae
734 1932 894 1966 Ecclesiae
907 1946 996 1968 com-

244 1987 418 2025 municare:
445 1987 515 2033 opis
539 1994 662 2022 nostrae
684 1986 801 2021 auxilio
829 1987 994 2022 sublevare

243 2039 333 2074 nullo
359 2039 454 2074 modo
482 2040 562 2086 pigri
590 2041 672 2074 sitis.

293 2093 314 2140 S
331 2095 390 2128 20.
407 2093 671 2129 Benedictionum
687 2100 815 2128 suarum
832 2106 885 2129 vos
898 2094 998 2128 oinrii-

245 2154 359 2194 potens
372 2146 458 2181 Deus
473 2146 612 2182 ubertate
628 2146 807 2194 perfundat,
823 2148 996 2181 incolomes

246 2199 415 2239 custodiat,
426 2207 456 2234 et
467 2199 504 2234 ad
520 2200 615 2235 vitam
629 2200 778 2247 perducat
794 2209 964 2235 aeternam.

295 2252 374 2287 Data
396 2252 517 2291 Romae
538 2265 591 2288 xiv
614 2253 674 2288 kat.
705 2254 775 2288 maii
799 2258 855 2298 (t).

455 2309 524 2340 Data
548 2311 594 2340 die
618 2311 653 2340 18
675 2310 789 2350 aprilis.

285 2372 325 2408 (1)
349 2371 483 2400 Laudatus
508 2372 636 2399 Bai-onius
661 2372 734 2398 initio
760 2373 820 2398 anni
849 2373 925 2403 1089,
947 2381 1000 2407 quo

248 2412 410 2440 deci-statam
429 2413 462 2439 ab
488 2412 594 2439 Urbano
617 2413 684 2446 Papa
703 2411 859 2446 legationem
885 2413 910 2438 in
934 2413 999 2439 Ger-

249 2454 363 2479 maniam
380 2453 537 2480 Gebebardo
553 2452 745 2479 constantiensi
767 2453 892 2487 episcopo
905 2473 911 2484 ‚
939 2453 1001 2479 Ber-

251 2492 334 2520 thot-ii
353 2493 560 2519 Constantiensis
580 2493 636 2527 (qui
653 2492 800 2518 Chronicoii
818 2493 858 2518 sui
876 2493 1002 2527 temporis

251 2531 361 2559 abanrio
374 2533 440 2560 1075
453 2532 484 2559 ad
495 2540 594 2558 annum
608 2533 675 2558 1100
685 2531 801 2566 scripsit)
818 2531 906 2558 verbis
926 2535 1002 2558 utens

253 2571 317 2599 haec
334 2572 438 2599 subdit:
461 2583 474 2596 ir
493 2572 621 2598 Dominus
641 2572 709 2605 Papa
730 2570 853 2597 Urbanus
875 2571 914 2597 hIs
935 2575 1002 2598 tem-

253 2612 374 2647 poribus,
391 2621 462 2639 anuo
477 2615 572 2638 scilicet
590 2614 734 2645 praesenti,
749 2611 846 2637 Romae
862 2611 887 2637 in
908 2612 1002 2643 insula,

254 2659 324 2688 quae
339 2655 406 2679 intei-
422 2653 489 2679 dnos
505 2660 599 2688 pontes
614 2653 663 2679 sita
674 2654 724 2684 est,
736 2651 899 2684 morabatur,
910 2650 1004 2679 decre-

333 2696 408 2728 Bull.
426 2695 503 2727 Rom.
532 2697 585 2727 i'ot.
602 2696 639 2726 II.
686 2706 781 2719 *r*-
810 2695 845 2726 17

368 2815 381 2822 ν

1665 272 1735 305 129

1035 334 1166 369 talemque
1181 335 1317 369 epistolam
1337 335 1644 362 venerabiliGebehardo
1654 336 1786 364 Constan-

1035 373 1108 399 tiensi
1134 375 1258 410 episcopo
1289 375 1390 401 decimo
1421 378 1516 410 quarto
1548 375 1673 402 kalendas
1698 378 1783 404 martii

1034 412 1140 444 direxit,
1159 413 1182 439 iii
1200 422 1250 447 qua
1268 415 1443 448 episcopalem
1462 417 1617 448 potestatem
1634 422 1714 449 super
1730 416 1783 443 cle-

1035 459 1092 477 rum
1109 456 1134 477 et
1151 453 1276 486 populum
1295 454 1432 487 Augieiisis
1456 451 1554 480 insulae
1567 474 1574 482 ,
1597 459 1701 489 praeter
1721 464 1782 483 ino-

1034 492 1148 523 iiaclios‚
1174 496 1321 524 concessit,
1352 492 1410 518 data
1436 493 1515 519 etiam
1543 493 1723 527 authoritate,
1754 500 1784 523 ut

1032 531 1154 557 abbatem
1182 532 1213 557 ibi
1242 533 1299 558 vice
1324 541 1370 559 sua
1396 532 1544 565 ordinarem
1572 535 1633 560 item
1662 539 1689 561 et
1710 537 1782 571 apud

1035 572 1180 604 Augustam
1197 572 1254 597 sive
1263 572 1367 598 Curiam
1384 573 1522 607 episcopos
1538 575 1699 602 constituere
1715 585 1781 611 pro-

1033 614 1148 636 curaret.
1176 611 1277 644 Nempe
1306 611 1329 636 iii
1358 615 1410 638 tota
1434 612 1606 645 Alemannia,
1634 616 1722 643 boaria
1757 621 1783 644 et

1033 650 1166 681 Samniti,
1192 655 1218 676 et
1243 651 1301 677 aliis
1333 651 1426 678 vicinis
1451 653 1619 687 regionibus,
1648 656 1783 690 praedicto

1032 690 1189 717 (iebehardo
1205 691 1330 725 episcopo
1348 692 1432 717 ricem
1444 700 1518 719 suam
1530 695 1671 727 commisit,
1690 700 1717 722 ut
1738 705 1783 724 oi·-

1032 730 1179 757 diiiationcs
1205 731 1392 765 improbandas
1418 732 1593 767 improbaret,
1620 735 1783 764 roborandas

1033 770 1180 797 roboraret.
1216 771 1379 797 Sententiam
1417 780 1525 806 quoque
1562 773 1736 802 anathematis
1768 785 1782 803 a

1032 810 1236 845 praedecessore
1264 818 1313 837 suo
1337 811 1466 845 Gregorio
1499 812 1566 846 Papa
1592 815 1783 849 promulgatam

1031 859 1061 876 ea
1087 850 1246 877 discretione
1264 850 1441 883 confirmarit,
1455 854 1481 877 ut
1495 851 1518 877 iii
1532 852 1617 886 primo
1633 854 1714 887 gradu
1733 856 1784 882 tta-

1034 895 1173 918 veniiatem
1190 891 1381 918 haeresiarcam
1398 899 1458 917 cum
1476 892 1589 919 ilenrico
1601 901 1661 927 rege
1676 895 1785 922 anathe-

1033 932 1184 958 matizaret:
1204 932 1228 957 in
1259 931 1375 958 secundo
1391 931 1473 965 gradu
1490 939 1583 958 eorum
1599 931 1724 965 fautores,
1737 935 1784 969 qui

1032 971 1141 1003 eisdem,
1159 972 1250 1003 armis,
1269 971 1390 1006 pecunia,
1406 972 1525 1001 consilio,
1542 971 1691 998 obedientia
1707 972 1783 1000 save-

1033 1015 1101 1042 rent,
1128 1012 1228 1046 quique
1243 1012 1275 1037 ah
1291 1011 1402 1042 eisdem,
1419 1015 1445 1038 et
1469 1011 1502 1037 ab
1521 1019 1614 1038 eorum
1638 1011 1785 1040 fautoribus

1032 1051 1224 1077 ecclesiasticus
1248 1051 1355 1077 ordines
1379 1053 1405 1076 et
1430 1050 1544 1076 bonores
1569 1051 1731 1086 acciperent:
1759 1053 1784 1079 in

1808 270 1858 297 An.
1877 269 1907 297 C.
1923 269 1992 298 1089

1034 1092 1110 1118 tertio
1126 1096 1215 1118 autem
1232 1091 1316 1125 gradu
1328 1098 1420 1117 eorum
1431 1091 1674 1118 communicatores
1685 1093 1783 1126 posuit,
1808 1102 1811 1127 j

1032 1140 1100 1166 quos
1124 1132 1171 1158 etsi
1193 1140 1244 1158 non
1270 1131 1524 1162 excommunicaret,
1550 1131 1616 1158 adeo
1636 1134 1723 1159 tamen
1739 1141 1786 1160 eos
1808 1165 1812 1170 .

1032 1175 1141 1198 externa
1166 1171 1354 1198 communione
1379 1171 1586 1197 commaculatos
1604 1173 1737 1205 asseruit,
1757 1177 1784 1199 ut

1033 1212 1058 1237 in
1093 1212 1248 1238 catholicam
1279 1211 1432 1237 societatem
1467 1210 1524 1237 sine
1561 1211 1728 1239 absolutione
1758 1218 1785 1239 et

1033 1252 1193 1286 poenitentia
1221 1250 1299 1285 recipi
1326 1258 1377 1277 non
1404 1250 1550 1282 deberent,
1573 1251 1712 1284 videlicet,
1739 1253 1785 1287 qui

1032 1291 1269 1318 excommunicatis
1299 1290 1475 1322 salutatione,
1506 1290 1616 1322 osculo,
1644 1292 1782 1325 oratione,

1032 1332 1155 1359 convictu
1168 1336 1193 1358 et
1211 1331 1361 1365 ignoranter
1377 1330 1624 1357 communicassent.
1643 1331 1787 1359 Ordinatos

1035 1380 1098 1399 vero
1118 1373 1144 1398 in
1163 1370 1445 1400 excommunicatione,
1463 1369 1509 1395 scd
1531 1378 1581 1396 non
1598 1370 1742 1398 simoniace
1752 1373 1785 1399 ab

1033 1412 1163 1446 episcopis
1178 1410 1310 1445 quondam
1322 1409 1449 1436 catholice
1459 1409 1597 1441 ordinatis,
1614 1414 1642 1436 ut
1654 1411 1678 1437 in
1689 1412 1786 1447 adepto

1033 1451 1126 1478 ordine
1143 1452 1314 1486 persisterent
1340 1450 1396 1475 sine
1422 1449 1588 1484 promotione
1608 1451 1737 1484 permisit,
1763 1453 1784 1479 si

1034 1495 1120 1518 tamen
1144 1491 1194 1518 hoc
1222 1498 1313 1517 eorum
1342 1489 1469 1524 probitas,
1491 1492 1518 1515 et
1538 1490 1667 1518 Ecclesiae
1688 1492 1786 1519 utilitas

1033 1530 1149 1565 flagitare
1167 1530 1313 1556 videretur.
1331 1529 1504 1563 Aliquantum
1521 1529 1599 1555 etiam
1616 1530 1648 1556 ad
1664 1532 1786 1565 superio-

1035 1579 1076 1596 res
1101 1570 1207 1596 ordines
1227 1569 1380 1604 promoveri
1405 1568 1545 1600 concessit,
1567 1568 1615 1595 sed
1636 1569 1685 1596 hoc
1700 1572 1784 1597 raris-

1032 1611 1108 1642 sime,
1119 1613 1212 1636 etcum
1223 1616 1325 1635 summa
1343 1607 1531 1633 necessitate».
1550 1608 1619 1635 Haec
1629 1609 1661 1635 de
1675 1610 1786 1644 epistola

1033 1650 1154 1685 synodali
1171 1649 1202 1675 ad
1223 1647 1410 1675 Gebebardum
1427 1647 1655 1675 Constantiensem
1677 1651 1784 1684 episco-

1034 1698 1108 1724 pum.
1135 1690 1174 1716 Ex
1198 1688 1302 1724 synodo
1327 1688 1397 1714 enim
1421 1688 1546 1722 scriptam
1575 1696 1632 1715 esse
1656 1693 1729 1724 patet
1752 1699 1785 1717 ex

1034 1730 1153 1756 eiusdem
1169 1730 1315 1764 fragmento
1331 1728 1364 1754 ab
1380 1728 1462 1754 [vone
1478 1728 1597 1755 recitato.
1621 1730 1708 1764 Pergit
1721 1738 1785 1757 vero

1036 1770 1188 1797 Bertoldus:
1203 1781 1215 1793 «
1228 1769 1375 1796 Guibertus
1389 1771 1477 1794 autern
1494 1768 1699 1801 haeresiarches,
1711 1770 1786 1797 eius-

1035 1818 1086 1844 que
1106 1809 1247 1844 complices
1266 1809 1291 1835 in
1308 1811 1382 1843 parte
1400 1808 1467 1842 regis
1482 1816 1574 1834 eorum
1591 1809 1705 1842 Henrici,
1723 1818 1787 1837 ana-

1036 1850 1189 1876 thematicas
1217 1849 1399 1876 ordinationes
1428 1848 1514 1874 facere
1548 1857 1600 1875 non
1629 1854 1785 1883 cessarunt,

1034 1890 1158 1925 ipsasque
1178 1890 1232 1916 suis
1256 1888 1432 1916 sectatoribus
1448 1888 1550 1915 nonnisi
1566 1889 1701 1916 carlssime
1718 1898 1786 1916 ven-

1035 1930 1103 1956 ditas
1120 1929 1316 1964 impenderunt.
1336 1928 1412 1955 Unde
1433 1932 1459 1955 et
1485 1928 1582 1954 malum
1599 1931 1786 1956 excommuni-

1035 1970 1145 2003 cationis
1164 1971 1189 1996 iii
1215 1973 1316 1996 tantum
1340 1972 1513 2004 propagatum
1535 1972 1575 1995 est
1598 1977 1630 1996 eo
1655 1974 1787 2004 tempore,

1037 2015 1065 2036 ut
1089 2009 1209 2036 catholici
1237 2010 1280 2035 vix
1310 2017 1338 2036 se
1362 2009 1395 2035 ab
1419 2016 1512 2035 eorum
1533 2009 1653 2043 contagio
1682 2013 1788 2044 possent

1037 2050 1139 2076 illaesos
1155 2049 1297 2076 custodire.
1316 2049 1344 2075 In
1360 2049 1529 2075 Ttieutonicis
1540 2049 1659 2082 partibus
1673 2051 1789 2083 quatuor

1036 2089 1152 2123 episcopi
1177 2090 1201 2115 in
1227 2088 1354 2115 catholica
1379 2087 1566 2114 communione
1593 2088 1787 2123 perstiterunt,

1038 2129 1160 2155 videlicet
1185 2128 1430 2162 Wireeburgensis,
1457 2128 1634 2160 Pataviensis,
1661 2129 1789 2156 Worma-

1038 2168 1139 2200 tiensis,
1156 2167 1373 2198 Constantiensis‚
1391 2167 1436 2193 sed
1456 2171 1481 2193 et
1498 2168 1622 2195 Meteiisis
1637 2169 1788 2204 episcopus,

1038 2215 1152 2242 quorum
1169 2208 1377 2234 confortamento
1395 2207 1486 2241 reliqui
1503 2207 1623 2234 catholici
1633 2208 1790 2236 scismaticis

1039 2256 1051 2273 a
1064 2255 1193 2282 principio
1214 2250 1368 2273 restiterunt
1388 2257 1410 2272 n.
1428 2245 1504 2278 Quod
1519 2249 1608 2272 autem
1628 2247 1660 2273 ad
1678 2248 1788 2283 legatio-

1040 2295 1099 2314 nem
1115 2287 1248 2313 decretam
1273 2286 1430 2312 Gebebardo
1447 2286 1639 2313 Constantiensi
1663 2296 1789 2324 episcopo

1039 2326 1072 2353 ad
1104 2326 1253 2360 ,apostolica
1275 2325 1342 2351 Sede
1368 2327 1499 2360 pertinet,
1519 2333 1569 2352 non
1591 2331 1788 2360 praetereamus

1040 2366 1102 2392 iliud
1116 2386 1122 2397 ,
1148 2365 1219 2400 quod
1240 2365 1310 2391 idem
1330 2366 1430 2399 legatus
1455 2366 1486 2391 ad
1512 2364 1681 2399 perferendas
1700 2367 1790 2395 literas

1040 2407 1073 2432 ab
1090 2406 1225 2432 Urbanum
1250 2405 1297 2431 3³1³.
1320 2413 1383 2431 usus
1402 2409 1442 2431 est
1467 2406 1570 2436 nuntio,
1598 2405 1655 2432 viro
1681 2415 1791 2442 magnae

1044 2447 1150 2471 virtutis
1167 2446 1290 2479 Eginotie,
1311 2453 1355 2479 qui
1374 2449 1463 2479 postea
1474 2446 1521 2471 suit
1537 2445 1619 2473 abbas
1634 2446 1662 2473 S.
1676 2447 1791 2474 Udalrici

1043 2486 1177 2519 Aiig·istae
1198 2484 1409 2515 Vindeii:0ruiri;
1428 2486 1468 2510 tiic
1483 2485 1553 2511 enim
1571 2484 1654 2512 fidelis
1673 2487 1790 2514 minister

1043 2527 1080 2553 sic
1095 2526 1191 2557 iussus,
1211 2531 1310 2551 mutato
1327 2532 1470 2551 monastico
1487 2526 1586 2557 habitu,
1611 2526 1636 2552 in
1661 2534 1693 2553 eo
1709 2527 1792 2553 mini-

1043 2572 1123 2593 sterio
1147 2567 1279 2600 sapienter
1306 2564 1383 2591 elusit
1409 2565 1597 2596 §.chisen-tiso&
1618 2565 1651 2591 im
1678 2571 1792 2593 testatur

1044 2606 1202 2633 Udesrelcss
1227 2613 1283 2631 em}
1308 2612 1395 2632 ezr-:ies
1416 2605 1648 2641 peregrinationis,
1667 2605 1732 2633 dum
1751 2613 1792 2635 res

1045 2646 1077 2673 ab
1093 2654 1124 2673 eo
1144 2651 1229 2680 gestas
1245 2652 1358 2673 euariat.
