2180 3205
130 243 180 270 An.
201 242 229 270 C.
247 243 316 271 1063

158 801 271 821 Anattieina
283 818 287 823 .

130 830 169 847 etc.

161 1662 230 1682 Novus
252 1667 320 1682 cano-

134 1695 182 1710 num
211 1689 320 1714 imperito-

134 1722 179 1736 rum
213 1721 271 1735 error
300 1716 319 1735 in

271 1747 320 1761 {⁸011-

135 1742 235 1767 *gradibus

152 1768 300 1792 samninitatis

134 1795 280 1821 supputandis⁴

397 230 442 263 18

345 295 458 330 riensis
475 295 644 343 episcopus
658 291 862 329 commutavit
875 303 946 327 cum
965 291 1094 327 Alberto

344 345 457 380 abbate
484 344 634 392 praedicti
659 341 851 383 monasterii,
874 342 956 376 sicut
977 341 1008 376 in
1031 354 1095 377 car-

344 394 410 428 tula
431 393 685 429 commutationis
719 392 914 432 continetur,
948 403 1031 426 anno
1055 391 1094 426 ab

344 442 558 478 incarnatione
593 441 719 476 Domini
746 441 843 475 nostri
874 440 943 475 Iesu
974 439 1093 476 Christi

346 494 453 537 1065,
478 490 619 527 secundo
638 490 690 525 die
712 489 830 525 mensis
856 489 1020 531 februarii,
1043 490 1094 524 in-

344 541 479 576 dictione
496 541 617 596 prima;
637 539 693 575 sed
717 552 755 574 ne
773 539 811 574 iis
829 539 945 574 sanctis
966 539 1095 574 ordina-

345 590 486 625 tionibus
516 590 670 636 quispiam
699 588 823 623 invidus
855 589 900 623 vel
922 588 1022 623 audax
1044 600 1095 623 ie-

344 639 436 673 bellis
454 647 634 686 praesumat
655 638 796 678 obviare
818 637 996 684 Apostolica
1017 649 1095 672 cen-

343 701 417 723 sura
439 688 659 723 interdicimus
680 695 710 722 et
733 665 936 734 probibemus
958 686 1018 721 sul)
1043 686 1096 720 di-

345 739 409 771 ιίιιί
441 737 551 772 iudicii
574 737 801 777 obtestatione,
836 745 930 783 atque
963 736 1095 770 anatlie-

344 787 436 821 matis
458 786 722 822 interminatione.
746 785 868 820 Idcirco
892 794 951 820 etc.
978 784 1095 819 Datum

344 836 374 870 in
403 849 491 871 sacro
512 836 716 871 Lateranensi
752 835 866 882 palatio
894 834 1018 869 decimo
1039 834 1095 868 ka-

343 884 454 920 lendas
487 885 596 932 aprilis
631 897 687 932 per
720 896 833 918 manus
865 883 948 919 Petri
980 883 1096 918 biblio-

344 934 474 970 thecarii
501 935 534 969 S.
558 934 719 969 Romanae
748 933 907 968 Ecclesiae
940 932 1094 979 acholyti,

344 985 413 1019 vice
438 984 559 1019 domini
586 983 730 1018 Annonis
751 982 953 1017 Coloniensis
978 982 1097 1016 archie-

347 1033 482 1080 piscopi,
505 1040 535 1068 et
561 1033 660 1079 ipsius
686 1032 720 1067 S.
739 1032 778 1066 R.
802 1032 839 1066 E.
862 1030 1098 1066 archi-cancel-

345 1082 425 1127 larii,
447 1094 530 1117 anno
556 1094 629 1116 vero
654 1072 796 1116 secundo
818 1080 940 1115 domini
963 1079 1096 1114 Alexan-

345 1131 391 1166 dri
414 1131 545 1166 secundi
574 1142 683 1178 papae,
719 1130 758 1164 ab
792 1129 1007 1164 incarnatione
1028 1129 1098 1163 Do-

345 1181 420 1214 mini
444 1192 568 1220 MLxm,
592 1179 764 1214 indictione
788 1179 898 1226 prima.

399 1236 461 1267 Dat.
479 1237 525 1267 die
544 1237 582 1266 ⁶23
605 1236 703 1266 mattii
725 1245 802 1266 anno
819 1235 936 1265 Domini
956 1235 1042 1273 1063,

509 1281 612 1321 pontis.
631 1281 789 1311 Alexandri
807 1290 884 1310 anno
903 1289 933 1310 ιι.

702 1416 741 1451 ΙΙ.

397 1498 577 1534 Alexander
600 1499 668 1531 ΡΡ.
691 1499 725 1531 in
753 1498 882 1531 concilio
909 1499 1049 1530 Romano

407 1555 646 1586 incestuosorum
667 1563 800 1585 errorem
822 1553 949 1585 damnat
974 1552 1034 1594 (l).

398 1632 447 1666 Ad
461 1631 576 1666 Sedent
592 1631 805 1678 Apostolicam
822 1631 936 1677 perlata
946 1640 992 1665 est
1007 1641 1100 1676 quae-

348 1681 408 1716 stio
435 1681 556 1716 noviter
576 1689 682 1715 exorta
717 1680 756 1714 de
791 1679 940 1726 gradibus
962 1691 1100 1714 consan-

349 1730 527 1777 guinitatis,
549 1742 643 1776 quam
668 1729 799 1776 quidam
827 1729 931 1775 legum
954 1737 984 1763 et
1001 1740 1100 1763 cano-

349 1792 435 1816 num.
452 1779 590 1826 imperiti
625 1780 799 1814 excitantes
813 1805 822 1822 ,
857 1777 986 1813 eosdem
1021 1789 1100 1824 pro—

352 1829 535 1876 pinquitatis
556 1828 673 1875 gradus
695 1836 802 1863 contra
825 1840 930 1862 sacros
964 1839 1101 1862 canones

350 1886 381 1913 et
401 1878 650 1913 ecclesiasticum
672 1890 792 1912 morem
815 1889 982 1911 numerare
998 1876 1102 1910 nitun-

349 1935 416 1962 tur:
444 1939 525 1962 novo
551 1936 581 1962 et
605 1926 744 1961 inaudito
767 1938 874 1961 errore
895 1926 1100 1981 alliimantes,

351 1976 436 2024 quod
463 1977 604 2024 germani
642 1976 752 2011 fraties
778 1976 827 2010 vel
863 1979 987 2010 Sorores
1021 1975 1103 2009 inter

351 2038 386 2061 se
411 2026 475 2061 sint
496 2026 528 2061 in
551 2025 688 2061 secunda
711 2024 931 2072 generatione,
960 2024 1016 2059 filii
1046 2036 1103 2059 eo-

388 2106 427 2142 (t)
442 2106 493 2133 Per
508 2105 572 2132 illud
593 2108 697 2141 tempus
713 2113 786 2132 error
798 2105 1008 2131 incestuosorum
1019 2111 1033 2130 a
1044 2103 1104 2139 qui-

352 2145 465 2172 busdam
482 2146 665 2172 iureconsultis
680 2146 812 2172 excitatus
831 2148 910 2179 atque
921 2145 1043 2171 defensus
1054 2146 1103 2175 est,

354 2186 400 2220 qui
419 2185 576 2212 auctoritate
601 2185 738 2211 Iustiniani
763 2185 930 2219 imperatoris
946 2184 1037 2210 eadem
1063 2191 1105 2209 ra-

356 2225 435 2257 tione,
445 2233 495 2260 qua
505 2226 530 2251 in
540 2225 762 2256 successionibus,
771 2224 867 2259 gradus
875 2223 1106 2258 consanguinitatis

355 2265 531 2292 numerandos
550 2273 608 2291 esse
624 2265 762 2292 docebant.
782 2264 949 2299 lmpuguavit
974 2272 1035 2290 eum
1059 2271 1105 2289 er-

357 2313 445 2332 rorem
463 2313 525 2339 prae
541 2305 651 2332 caeteris
666 2306 760 2331 Petrus
777 2304 907 2330 Damiani.
920 2304 1040 2338 Cumque
1052 2303 1107 2329 eius

355 2346 463 2379 scriptis
480 2345 533 2371 tolli
550 2353 602 2372 non
619 2348 719 2380 posset,
735 2348 762 2370 et
781 2343 813 2370 ad
838 2351 900 2370 eum
925 2343 1106 2378 comprimen-

354 2384 418 2411 dum
435 2386 592 2411 auctoritate
608 2384 753 2420 apostolica
768 2392 836 2418 opus
855 2386 938 2415 esset,
959 2382 1108 2409 Alexander

355 2425 424 2459 Papa
441 2424 539 2451 Romae
555 2425 690 2459 synodum
709 2424 814 2456 indixit,
832 2424 857 2450 in
873 2431 924 2459 qua
945 2427 1037 2450 contra
1062 2423 1110 2449 de-

358 2464 476 2490 fensores
492 2464 560 2490 illius
579 2464 677 2491 erroris
697 2464 746 2491 hoc
765 2463 902 2490 decretum
923 2463 1016 2495 edidit,
1037 2463 1110 2490 cuius

356 2511 418 2539 pars
432 2512 447 2530 a
462 2504 589 2531 Gratiano
604 2504 774 2536 describitur,
791 2505 835 2536 55,
853 2507 952 2537 quaest.
966 2504 991 2535 .ἰ,
1004 2512 1060 2535 cap.
1071 2504 1110 2529 Ast

356 2544 443 2569 Sortem
462 2544 648 2575 Apostolicam,
669 2547 717 2569 etc,
734 2543 788 2570 Nos
804 2543 1009 2578 verointcgruni
1021 2543 1110 2569 excri-

357 2582 457 2617 psimus
468 2591 499 2609 cx
512 2584 644 2610 Ilurdttin.
657 2584 761 2609 Collecl.
774 2584 871 2610 Concil.
885 2586 946 2609 tom.
961 2590 999 2614 vi,
1015 2591 1078 2614 par.
1091 2591 1110 2615 ι,

357 2625 407 2649 col.
429 2624 504 2650 ¹102.

949 237 1140 261 BULLARIUM
1160 236 1326 260 ROMANUM

1134 305 1217 337 rum,
1239 291 1286 327 vel
1309 291 1390 327 filiae
1407 291 1439 327 in
1461 298 1583 339 quarta,
1609 298 1740 339 nepotes
1760 291 1808 327 vel
1831 304 1883 326 ne-

1136 349 1204 389 ptes
1225 342 1256 376 in
1288 350 1395 377 sexta:
1429 341 1546 388 talique
1580 341 1675 376 modo
1703 342 1881 388 progeniem

1135 398 1374 438 computantes,
1410 398 1440 426 et
1474 390 1657 425 huiusmodi
1689 398 1777 425 sexto
1812 402 1881 425 eam

1134 441 1233 487 gradu
1254 441 1470 482 terminantes,
1493 440 1613 483 dicunt,
1631 439 1780 486 deinceps
1799 439 1882 475 viros

1135 502 1171 525 ac
1192 490 1340 525 mulieres
1366 490 1447 524 inter
1468 502 1502 524 se
1529 501 1621 536 posse
1643 489 1791 535 nuptialia
1815 489 1880 523 iura

1135 539 1328 574 contrahere.
1363 539 1405 574 Et
1435 539 1471 574 ad
1502 538 1681 574 huiusmodi
1717 537 1880 584 profanum

1135 600 1272 623 errorem
1308 588 1572 629 confirmandum,
1601 587 1631 621 in
1659 596 1882 633 argumentum

1135 645 1300 672 assumunt
1322 638 1497 673 saeculares
1520 638 1617 684 leges,
1639 649 1717 684 quas
1742 636 1885 672 Iustinia-

1136 699 1196 721 nus
1222 687 1390 734 imperator
1412 687 1621 734 promutoavtt
1635 687 1674 721 de
1700 687 1884 721 successio-

1137 735 1229 770 nibus
1266 736 1590 781 consanguineorum:
1629 735 1746 783 quibus
1772 736 1882 771 confisi

1136 784 1301 820 ostendere
1327 785 1514 830 moliuntur,
1549 785 1690 820 fr'atres
1684 798 1714 819 in
1742 785 1884 820 secundo

1136 833 1235 880 gradu
1269 846 1338 869 esse
1366 843 1567 878 numeratos,
1602 834 1681 869 filios
1708 847 1817 869 eorum
1852 835 1882 869 in

1136 891 1258 930 quarto,
1280 892 1411 931 nepotes
1433 884 1495 918 sint
1522 884 1552 918 in
1575 891 1673 918 sexto.
1696 883 1749 918 Sic
1771 885 1882 918 seriem

1137 933 1337 979 genealogiae
1363 933 1592 978 terminantes,
1633 933 1882 967 numerationem

1137 991 1316 1017 sanctorum
1347 982 1487 1023 Patrum,
1514 990 1544 1017 et
1576 983 1738 1030 antiquam
1766 982 1884 1017 Eccle-

1137 1031 1200 1065 siae
1234 1032 1500 1078 computationem
1526 1032 1565 1066 ad
1590 1044 1646 1067 nos
1680 1044 1778 1078 usque
1806 1044 1885 1079 pcr-

1137 1080 1264 1114 ductam
1292 1093 1436 1127 perversa
1471 1081 1606 1127 quadam
1633 1081 1801 1116 calliditate
1828 1081 1884 1115 di-

1138 1128 1279 1164 sturbare
1293 1130 1446 1164 nituntur.
1456 1130 1522 1164 Nos
1537 1142 1623 1169 vero,
1636 1130 1704 1164 Deo
1712 1138 1883 1171 annuente,

1139 1178 1170 1212 in
1195 1178 1317 1226 synodo
1343 1178 1447 1213 habita
1476 1179 1507 1213 in
1540 1179 1742 1213 Lateranensi
1779 1180 1884 1213 consi-

1138 1228 1247 1269 storio,
1269 1228 1449 1263 convocatis
1470 1228 1509 1262 ad
1537 1228 1596 1263 hoc
1624 1241 1703 1275 opus
1727 1228 1884 1275 episcopis

1139 1284 1169 1312 et
1194 1277 1336 1322 clericis,
1374 1285 1467 1325 atque
1500 1277 1659 1312 iudicibus
1691 1278 1883 1312 diversarum

1140 1326 1388 1373 provinciarum,
1415 1327 1552 1374 (lenique
1579 1327 1633 1362 diu
1659 1327 1814 1362 ventilatis
1838 1327 1886 1361 le-

1138 1375 1231 1422 gibus
1252 1384 1282 1410 et
1307 1376 1404 1410 sacris
1429 1376 1625 1415 canonibus,
1654 1376 1801 1410 distincte
1833 1376 1884 1410 in-

1140 1425 1283 1460 venimus
1316 1425 1357 1460 ob
1383 1425 1474 1460 aliam
1501 1432 1595 1472 atque
1620 1425 1713 1460 aliam
1738 1437 1884 1465 causam,

1139 1474 1266 1508 alteram
1299 1474 1404 1521 legum
1440 1474 1529 1518 ficri,
1565 1475 1692 1509 alteram
1728 1486 1885 1509 canonum

1139 1524 1419 1570 computationem.
1447 1523 1481 1558 In
1510 1524 1631 1569 legibus
1657 1523 1813 1571 siquidem
1846 1523 1887 1557 ob

1140 1573 1217 1607 nihil
1240 1573 1324 1607 aliud
1346 1573 1484 1620 ipsorum
1507 1573 1639 1619 gradum
1668 1573 1786 1608 mentio
1806 1573 1885 1607 facta

1140 1630 1197 1662 est,
1225 1622 1283 1657 uisi
1312 1631 1345 1656 ut
1375 1622 1570 1660 haereditas,
1599 1622 1646 1657 vel
1668 1623 1826 1657 successio
1847 1622 1886 1656 ab

1141 1684 1201 1706 una
1223 1671 1263 1706 ad
1283 1672 1410 1706 alteram
1445 1684 1608 1718 personam
1644 1672 1725 1707 inter
1750 1684 1885 1706 consan-

1141 1721 1273 1766 guineos
1294 1720 1471 1756 deferatur:
1500 1722 1530 1756 in
1553 1721 1726 1756 canonibus
1747 1733 1820 1756 vero
1847 1720 1888 1755 ob

1142 1771 1201 1805 lioc
1224 1770 1389 1817 progenies
1403 1779 1615 1818 computatur,
1632 1779 1664 1805 ut
1679 1778 1786 1817 aperte
1803 1782 1889 1804 mon-

1141 1828 1256 1854 stretur
1279 1832 1376 1866 usque
1398 1820 1436 1855 ad
1458 1828 1626 1867 quotam&
1609 1820 1843 1855 uenerationem
1871 1831 1888 1853 a

1142 1869 1449 1916 consanguineorum
1467 1870 1507 1904 sit
1520 1870 1639 1916 nuptiis
1653 1869 1886 1904 abstinendum.

1142 1918 1186 1952 lbi
1205 1918 1439 1965 praescribitur,
1456 1927 1488 1953 ut
1510 1919 1685 1953 haereditas
1702 1919 1889 1965 propinquis

1144 1968 1236 2002 modo
1265 1968 1409 2014 «legitimo
1441 1967 1638 2002 conferatur:
1667 1968 1717 2002 liic
1752 1979 1824 2002 vero
1853 1975 1887 2001 ut

1144 2017 1200 2051 rite
1231 2024 1262 2051 et
1289 2017 1440 2051 canonice
1461 2017 1541 2052 inter
1563 2017 1670 2052 fideles
1695 2017 1824 2063 nuptiae
1838 2028 1891 2051 ce-

1144 2066 1314 2101 lebrentur.
1338 2065 1373 2101 In
1395 2066 1519 2112 legibus
1553 2066 1700 2101 distincte
1727 2078 1789 2100 non
1824 2078 1890 2100 nu-

1145 2124 1304 2150 merantur
1330 2115 1457 2161 gradus,
1480 2116 1540 2150 nisi
1567 2127 1668 2163 usque
1689 2115 1728 2150 ad
1750 2122 1869 2150 sextam
1883 2142 1890 2156 ,

1147 2166 1177 2199 in
1205 2165 1379 2200 canonibus
1401 2177 1501 2212 usque
1522 2165 1558 2199 ad
1582 2165 1747 2211 septimam
1776 2164 1891 2199 distin-

1146 2222 1287 2261 guuntur
1324 2215 1570 2261 generationem.
1621 2214 1688 2249 Hac
1725 2214 1820 2260 igitur
1853 2213 1892 2247 de

1147 2276 1251 2304 causa,
1278 2265 1350 2311 quia
1373 2264 1581 2299 haereditates
1603 2271 1764 2310 nequeunt
1778 2262 1891 2297 deferri

1148 2313 1208 2347 nisi
1232 2313 1270 2348 de
1293 2325 1354 2348 una
1376 2313 1413 2348 ad
1428 2313 1556 2348 alteram
1577 2325 1759 2360 personam3
1777 2311 1893 2346 idcirco

1149 2362 1267 2397 curavit
1304 2362 1470 2398 saecularis
1504 2361 1727 2409 imperatorin
1761 2361 1894 2406 singulis

1150 2412 1292 2458 personis
1313 2412 1456 2458 singulos
1479 2411 1648 2458 praefigere
1664 2409 1789 2457 gradus.
1812 2410 1894 2451 Quia

1149 2473 1223 2496 vero
1250 2462 1378 2508 nuptiae
1396 2461 1465 2496 sine
1487 2460 1610 2495 duobus
1631 2472 1693 2494 non
1710 2459 1813 2494 valent
1828 2459 1895 2493 lieri

1151 2511 1313 2557 personis,
1349 2510 1466 2545 idcirco
1492 2510 1571 2545 sacri
1587 2518 1734 2544 'canones
1758 2508 1837 2543 duas
1863 2508 1896 2542 in

1152 2572 1215 2594 nno
1237 2560 1336 2605 gradu
1362 2560 1552 2594 constituri-e
1576 2570 1734 2605 personas.
1762 2557 1886 2593 Utram-

1153 2622 1213 2656 ¹lue
1236 2617 1338 2644 tamen
1361 2609 1640 2656 computationem,
1666 2608 1690 2642 si
1717 2615 1846 2649 attente,
1868 2618 1897 2642 et

1908 228 1958 255 An.
1979 227 2007 254 C.
2027 227 2093 255 1063

1937 559 2002 580 Quem
2023 559 2077 575 :itti-h
2087 567 2096 572 -

1911 583 1972 603 t'i'.it«·
1988 584 2027 603 Ιιι«1
2040 583 2096 603 niani

1911 610 1977 633 locuni
1996 612 2098 631 astruere.

1940 894 2006 918 :itque
2041 898 2100 912 rect*-

1913 922 1970 945 ptinn
1985 919 2011 939 ab
2028 919 2099 938 tia-:tv-

1913 947 1945 966 sia
1960 946 2075 971 computati
2087 955 2099 962 ·-

1913 980 1960 993 unni
1994 973 2098 992 ιῃὶἰι·ηι;ιιί·

1914 1001 2025 1019 conantur.

1940 1192 1962 1212 In
1976 1191 2100 1218 synoti-ma-

1915 1219 2020 1239 tcrancnsi
2036 1225 2102 1245 quat·-

1914 1246 1955 1266 stio
1969 1246 2058 1269 scitata.
2070 1246 2100 1265 ‹ti-

1916 1278 2039 1298 versainan
2072 1272 2100 1292 lc-

1915 1305 1962 1324 gum
1986 1304 2011 1318 ac
2037 1304 2100 1318 cant·-

1915 1331 1963 1345 num
1992 1327 2100 1350 computa-

1915 1352 1992 1372 ttoni-in
2001 1351 2045 1372 tirrt
2054 1357 2101 1372 san-

1916 1380 1972 1398 ctum
1988 1380 2025 1398 cst,
