2180 3205
166 229 215 256 Αιι.
232 229 262 257 C.
281 229 347 256 1137

197 550 323 571 Proemium.

203 1081 260 1102 Bona
278 1083 347 1103 omnia

162 1108 305 1130 Arausicanae
313 1109 348 1130 Er·

162 1135 242 1158 clesiae
272 1136 346 1157 confir-

161 1165 256 1187 mantur;

395 220 459 254 422

364 277 560 307 Innocentius
577 277 746 311 episcopus,
763 283 870 304 servus
882 284 1037 305 servorum
1047 277 1108 309 Dei.

399 322 563 350 venerabili
579 321 665 348 fratri
682 321 836 348 Guillelmo
849 322 1032 350 arausicano
1046 322 1109 357 epi-

400 373 489 401 scopo
500 387 507 398 .
538 366 664 400 eiusque
701 366 929 394 successoribus
966 367 1109 395 canonice

399 410 619 445 promovendis.

409 482 443 515 ln
464 481 547 515 beati
565 481 649 514 Petri
667 481 831 523 cathedra,
848 481 1038 526 disponente
1049 482 1109 516 Do-

365 535 464 575 mino,
488 535 664 575 constituti,
689 536 802 569 fratres
831 542 959 569 nostros
987 536 1110 580 episco-

363 599 422 632 pos
442 589 596 622 debemus
627 588 762 631 diligere
782 594 812 622 et
842 589 914 622 loca
943 590 987 623 eis
1015 600 1106 623 com<

364 642 460 676 missa
480 643 684 687 Apostolicae
710 643 800 676 Sedis
826 643 1006 677 munimine
1027 654 1106 677 con-

361 696 479 730 fovere.
514 697 752 737 Quamobrem,
783 698 976 731 venerabilis
1012 698 1110 730 frater

361 749 533 784 Guillelme
553 751 725 795 episcope,
750 751 813 784 tuis
839 751 1110 795 postulationibus

362 803 569 848 impartimur
592 815 770 846 assensum,
795 810 825 838 et
850 804 1025 838 Ecclesiam
1044 806 1109 838 Au-

362 858 558 899 riacensem,
583 859 633 892 cui
664 859 729 892 Deo
759 865 890 892 auctore
921 859 1106 903 praesides,

362 912 538 956 praesentis
560 912 669 956 scripti
698 912 816 956 pagina
840 913 1103 952 communimus;

362 971 548 1006 statuentes,
571 972 606 999 ut
626 976 848 1010 quascumque
868 967 1106 1010 possessiones,

362 1030 589 1063 quaecumque
617 1019 724 1060 bona,
758 1019 870 1053 eadem
903 1020 1045 1053 Ecclesia
1077 1020 1108 1054 in

363 1073 523 1116 praesenti
544 1084 628 1106 anno
650 1073 731 1107 iuste
744 1080 775 1107 et
786 1074 939 1107 canonice
952 1074 1107 1118 possidet,

363 1132 417 1160 aut.
437 1127 468 1159 in
489 1128 633 1160 futurum
661 1127 869 1161 concessione
895 1128 1106 1170 Pontificum,

362 1180 532 1223 largitione
544 1192 655 1224 regum
669 1182 718 1214 vel
732 1181 929 1225 principum,
946 1182 1110 1216 oblatione

362 1233 525 1275 fidelium,
540 1245 595 1267 seu
620 1234 691 1267 aliis
711 1235 802 1268 iustis
823 1235 940 1274 modis,
956 1242 1110 1279 operante

362 1288 512 1328 Domino,
536 1288 655 1332 poterit
674 1289 821 1332 adipisci,
846 1288 939 1322 firma
961 1289 1015 1322 tibi
1034 1290 1111 1323 tuis-

361 1353 424 1386 que
443 1343 684 1376 successoribus
715 1343 747 1376 in
770 1349 964 1387 perpetuum
987 1350 1017 1377 et
1041 1344 1107 1377 illi-

361 1396 434 1429 bata
462 1402 696 1440 permaneant;
720 1397 752 1430 in
779 1397 898 1441 quibus
922 1397 1002 1431 haec
1028 1408 1107 1442 pro-

361 1449 440 1493 priis
456 1449 605 1483 duximus
624 1449 834 1493 exprimenda
854 1451 1034 1484 vocabulis:
1060 1462 1109 1485 ec-

362 1503 490 1537 clesiam
514 1504 635 1537 scilicet,
659 1504 764 1538 Sancti
790 1504 943 1538 Florentii
964 1516 1037 1538 cum
1059 1506 1106 1539 ci-

363 1556 490 1590 miterio
508 1562 539 1590 et
561 1557 646 1595 villa.
661 1569 744 1601 quae
760 1558 939 1592 Claustrum
959 1559 1109 1592 nomina-

363 1616 426 1651 tur,
450 1610 534 1644 infra
554 1611 658 1655 ipsum
678 1612 909 1646 coemeterium
923 1612 1106 1654 constituta,

362 1674 436 1697 cum
457 1664 575 1708 palude
596 1665 807 1706 Condamina,
831 1676 927 1709 quam
946 1666 1109 1699 comitissa

362 1717 576 1759 Auriacensis,
587 1729 716 1752 assensu
731 1718 788 1751 filii
802 1719 997 1759 Raimhaldi‚
1012 1720 1108 1753 Beato

362 1770 527 1804 Florentio
549 1771 704 1808 contulit,
729 1782 802 1805 eum
833 1772 967 1805 decimis
987 1778 1018 1805 et
1039 1783 1109 1806 cae-

363 1824 438 1858 teris
458 1825 713 1868 possessionibus
727 1825 809 1859 suis:
835 1826 1003 1859 ecclesiam
1020 1826 1106 1860 Beati

361 1877 507 1922 Eutropii
529 1889 601 1911 cum
624 1878 758 1912 decimis
780 1879 876 1912 totius
897 1879 1049 1913 territorii
1071 1880 1109 1913 de

361 1930 546 1971 Cadarossa,
571 1937 602 1965 et
618 1931 877 1975 possessionibus
897 1932 979 1966 suis:
1001 1933 1106 1966 eccle-

360 1983 440 2016 siam
462 1984 566 2017 Sancti
589 1984 673 2017 Petri
688 1995 762 2017 curn
780 1984 915 2018 decimis
935 1990 966 2018 et
985 1995 1109 2029 posses-

361 2037 507 2071 sionibus
524 2037 608 2070 suis:
638 2038 788 2071 ecclesias
808 2038 848 2071 de
867 2038 1109 2072 Monte-Draco-

361 2089 421 2129 nis,
445 2090 484 2123 de
509 2090 666 2133 Sagarfis,
692 2091 730 2124 de
751 2091 932 2124 locondatis
953 2102 1025 2124 cum
1048 2092 1105 2125 de-

362 2143 452 2176 cimis
473 2149 504 2177 et
521 2143 779 2187 possessionibus
790 2144 866 2185 suis,
884 2145 924 2178 de
937 2145 1105 2185 Mornafic,

361 2196 401 2229 de
421 2196 617 2239 Serignan0‚
642 2197 681 2230 de
700 2197 904 2241 Graepontis‚
932 2198 972 2231 de
992 2198 1108 2232 Sancto

360 2249 495 2291 Iuliano,
519 2250 558 2283 de
578 2250 747 2291 Derbucio,
760 2251 799 2284 de
817 2250 957 2291 Guarda,
981 2252 1021 2285 de
1033 2252 1109 2284 Tra—

361 2302 518 2343 vaillan0‚
543 2304 583 2337 de
611 2304 777 2337 Camereto
793 2332 800 2344 ,
822 2305 861 2337 de
881 2304 1045 2347 Veillaiga,
1070 2306 1109 2338 de

361 2356 610 2401 vacquayrassio
625 2385 632 2398 ‚
657 2359 696 2391 de
720 2358 846 2391 Albuna
861 2385 868 2398 ‚
893 2359 932 2392 de
957 2359 1108 2392 Durbano

362 2406 391 2432 et
411 2401 546 2441 Balmis,
572 2402 611 2435 dc
637 2403 824 2444 Albagnano
838 2430 845 2443 ,
869 2403 908 2436 de
928 2403 1108 2446 Ionqueriis

362 2455 434 2477 cum
463 2445 596 2478 decimis
624 2451 655 2480 et
685 2447 943 2490 possessionibus
970 2447 1054 2487 suis,
1079 2453 1108 2481 et

363 2488 495 2521 decimis
513 2490 551 2523 de
565 2490 699 2524 Sariano
721 2496 752 2523 et
769 2491 809 2523 de
822 2491 922 2524 Podio
939 2490 968 2524 d'
981 2492 1104 2531 Icardo,

362 2532 401 2564 cle
421 2532 537 2566 Sancto
567 2534 712 2574 Privato,
744 2536 783 2568 de
812 2535 989 2575 Gausanis‚
1018 2536 1107 2569 etde

362 2576 510 2617 Aselano,
528 2583 559 2610 et
579 2579 746 2612 ecclesiam
767 2579 874 2612 Sancti
894 2579 1107 2613 Genesiicum

363 2621 562 2665 appendiciis
578 2622 661 2663 suis,
685 2629 715 2655 et
736 2629 861 2657 caetera
882 2623 1002 2665 omnia,
1025 2634 1108 2668 quae

948 228 1132 254 BULLARIUM
1152 228 1306 254 ROMANUM

1906 228 1953 255 An.
1971 228 1999 255 C.
2019 227 2086 256 1¹37

1144 276 1378 310 venerabilium
1405 278 1539 310 fratrum
1571 283 1773 319 nostrorum,
1797 288 1889 322 prae-

1143 331 1349 364 decessorum
1373 336 1514 371 tuorum,
1532 331 1756 375 episcoporum
1777 333 1889 364 frater-

1143 383 1226 416 nitas
1253 384 1292 417 de
1324 384 1552 428 occupantium
1584 385 1732 417 manibus
1757 380 1885 429 eripuit.

1143 438 1185 470 Ea
1206 437 1303 470 etiam
1324 437 1451 478 omnia,
1472 448 1555 481 quae
1586 449 1644 481 per
1671 448 1725 471 vos
1756 439 1803 471 vel
1832 449 1891 482 per

1144 491 1286 525 feudales
1306 497 1428 524 vestros
1454 492 1595 535 praefata
1622 491 1761 525 Ecclesia
1782 492 1885 535 possi-

1144 545 1220 578 dere
1248 544 1395 585 videtur,
1423 544 1513 578 vobis
1533 545 1745 578 nihilominus
1765 545 1885 578 confir-

1145 608 1280 631 mamus.
1305 598 1352 631 Ad
1380 599 1563 641 exemplum
1589 609 1719 642 quoque
1747 599 1885 642 praede-

1144 652 1279 685 cessoris
1304 651 1405 685 nostri
1436 652 1549 685 beatae
1581 652 1756 685 memoriae
1784 652 1889 695 Papae
1931 662 2089 688 Sedosepisco·

1903 689 1958 715 palis
1973 691 1995 709 et
2004 694 2088 715 compo-

1143 705 1250 738 Calixti
1263 733 1270 745 ,
1293 705 1471 749 apostolica
1491 705 1682 739 auctoritate
1702 705 1863 738 sancimus
1877 732 1884 745 ‚
1903 714 2089 763 {5⁰5³}31‘dssflffss?

1143 764 1178 791 ut
1204 758 1235 790 in
1256 758 1400 802 praefata
1431 758 1618 791 Auriacensi
1649 759 1790 792 Ecclesia
1810 769 1886 803 per-
1904 768 2089 816 quaquamst&-

1144 812 1249 855 petuis
1270 811 1385 845 suturis
1406 812 1605 855 temporibus
1631 812 1821 857 episcopalis
1842 823 1890 845 se-
1904 797 2056 843 {fage-comm
2073 801 2089 815 ¹⁴

1144 865 1199 898 des
1225 865 1346 909 absque
1369 865 1535 898 Tricastini
1565 866 1728 910 episcopi,
1757 866 1804 899 vel
1828 877 1887 899 cu-

1144 917 1273 951 iuslibet
1314 918 1446 951 alterius
1486 919 1740 952 contradictione
1778 918 1887 952 consi·

1143 976 1221 1011 stat:
1245 971 1390 1005 similiter
1410 972 1495 1005 idem
1524 972 1614 1006 locus
1642 973 1809 1017 propriam
1829 983 1887 1016 pa-

1145 1024 1289 1058 rochiam
1311 1025 1526 1069 episcopalem
1548 1025 1702 1066 obtineat,
1722 1025 1753 1058 in
1775 1037 1839 1070 qua
1857 1031 1890 1059 tu

1145 1078 1192 1110 vel
1213 1088 1413 1111 successores
1444 1078 1510 1118 tui,
1534 1078 1668 1112 clericos
1694 1079 1887 1119 ordinandi,

1145 1131 1296 1164 ecclesias
1317 1138 1348 1164 et
1365 1131 1508 1165 oratoria
1528 1132 1750 1172 consecrandi,
1767 1137 1797 1164 ct
1810 1132 1888 1171 alia,

1145 1195 1227 1228 quae
1239 1185 1278 1218 ad
1292 1185 1475 1229 episcopale
1493 1185 1635 1218 officium
1649 1185 1820 1229 pertinent,
1834 1185 1893 1218 mi-

1144 1238 1323 1277 nistrandi,
1349 1239 1534 1272 facultatem
1566 1238 1702 1271 liberam
1732 1238 1888 1272 habeatis.

1144 1292 1314 1324 Terminos
1349 1302 1426 1325 sane
1458 1292 1663 1325 Auriacensis
1693 1292 1888 1336 parochiae.

1144 1355 1225 1388 quos
1242 1356 1278 1378 ex
1299 1351 1472 1389 praecepto
1493 1345 1637 1379 eiusdem
1658 1345 1888 1389 praedecesso-

1130 1397 1187 1430 -ris
1204 1398 1317 1437 nostri,
1334 1398 1366 1431 in
1380 1398 1561 1442 praesentia
1581 1398 1706 1432 Attonis
1727 1399 1890 1442 quondam

1144 1451 1339 1485 Arelatensis
1360 1451 1595 1496 archiepiscopi
1617 1457 1647 1485 et
1666 1452 1888 1495 suffraganeo-

1144 1515 1216 1537 rum
1235 1504 1315 1544 eius,
1339 1516 1397 1549 per
1416 1505 1610 1538 assertiones
1631 1505 1773 1545 testium,
1794 1512 1824 1539 et
1845 1505 1892 1539 in-

1143 1563 1324 1591 strumenta
1349 1564 1510 1591 cartarum
1532 1570 1550 1592 a
1569 1559 1815 1603 praedecessore
1837 1565 1891 1593 tuo

1144 1611 1248 1644 bonae
1269 1611 1503 1645 recordationis
1523 1612 1718 1655 Berengario
1737 1613 1891 1657 episcopo

1144 1670 1267 1697 constat
1296 1675 1363 1697 esse
1391 1665 1563 1708 probatos,
1587 1671 1617 1698 et
1637 1665 1779 1705 Romae,
1808 1666 1888 1699 assi-

1143 1723 1246 1750 stente
1276 1718 1391 1751 Pontio
1426 1718 1606 1751 'l'ricastino
1637 1718 1806 1763 episcopo,
1835 1731 1893 1764 per

1144 1772 1294 1804 eumdem
1316 1772 1498 1805 Romanum
1517 1772 1718 1813 Pontificem,
1734 1772 1892 1816 indagatis

1142 1825 1297 1868 utrinque
1319 1824 1491 1867 diligenter
1516 1825 1715 1866 rationibus,
1740 1826 1770 1859 in
1797 1837 1891 1870 prae-

1143 1878 1244 1913 sentia
1269 1878 1498 1922 episcoporum
1523 1885 1554 1912 et
1579 1879 1790 1912 cardinalium
1824 1880 1891 1913 col-

1144 1932 1291 1972 laudatis,
1320 1932 1503 1976 praedictae
1525 1933 1713 1966 Auriacensi
1733 1930 1898 1967 Ecclesiae*

1143 1986 1251 2030 quiete
1271 1991 1302 2018 et
1322 1985 1390 2018 sine
1411 1985 1520 2029 aliqua
1540 1985 1743 2019 infestatione
1770 1986 1892 2019 haben-

1144 2040 1201 2072 dos
1230 2039 1507 2083 possidendosque
1532 2039 1720 2079 firmamus;
1742 2039 1892 2074 videlicet

1144 2104 1161 2126 a
1178 2098 1276 2136 ponte
1295 2093 1472 2126 Abolenam
1494 2103 1552 2137 per
1571 2098 1704 2126 stratam
1725 2094 1866 2136 regalem
1879 2121 1886 2134 ,

1144 2157 1226 2190 quae
1250 2146 1337 2179 radit
1365 2146 1449 2179 inter
1476 2146 1557 2183 duos
1582 2152 1706 2180 montes
1727 2157 1829 2191 usque
1849 2147 1890 2181 ad

1143 2199 1316 2241 Diganum‚
1356 2204 1386 2232 et
1417 2210 1434 2232 a
1465 2199 1632 2243 praedicto
1661 2205 1778 2243 ponte,
1810 2199 1890 2233 sicut

1143 2252 1286 2286 ascendit
1306 2263 1389 2296 aqua
1407 2253 1446 2286 de
1466 2253 1525 2285 Lez
1545 2263 1655 2286 versus
1675 2252 1845 2286 meridiem
1859 2258 1891 2286 et

1142 2316 1243 2348 usque
1255 2306 1294 2338 ad
1306 2305 1386 2338 fines
1399 2305 1545 2338 Vasensis
1559 2305 1773 2349 episcopatus.
1788 2305 1889 2338 Porro

1948 2365 2026 2388 Quarta
2041 2371 2088 2391 pars

1143 2358 1285 2392 debitam
1315 2358 1499 2402 portionem
1525 2358 1724 2392 decimarum
1753 2365 1784 2391 ct
1809 2368 1887 2391 cun·
1910 2391 1915 2411 1
1937 2398 1942 2402 Ἴ
1975 2399 1978 2402 Α

1143 2409 1266 2436 ctarum
1285 2403 1498 2441 oblationum,
1516 2413 1599 2446 quae
1619 2414 1677 2447 pro
1698 2401 1773 2435 vivis
1788 2407 1818 2435 et
1829 2412 1888 2446 pro
1904 2394 2088 2448 Liiiiiisiffi'riiopii

1143 2447 1310 2487 defunctis,
1327 2447 1474 2480 Ecclesiis
1495 2447 1686 2487 offeruntur,
1702 2452 1887 2480 sanctorum
1904 2451 1969 2492 {ffi’gf'
2005 2445 2087 2465 ³⁶¹⁰‘¹¹·

1143 2502 1304 2524 canonum
1334 2491 1477 2524 instituta
1512 2491 1767 2533 distinguantur;
1798 2490 1888 2524 ideo·
1968 2487 1972 2492 ’

1143 2546 1216 2579 que,
1233 2535 1424 2569 venerabilis
1444 2536 1542 2568 frater
1559 2535 1719 2579 episcope,
1736 2540 1887 2578 quartam

1142 2586 1266 2623 partem
1287 2579 1487 2613 decimarum
1513 2579 1553 2612 ad
1578 2585 1608 2612 te
1634 2579 1884 2623 pertinentium,

1143 2623 1199 2656 tibi
1220 2619 1260 2657 ab
1284 2623 1392 2668 aliquo
1419 2623 1568 2668 usurpari
1596 2623 1818 2667 prohibemus.
1839 2623 1886 2657 Si-

1905 2125 2002 2152 signatio.

1932 2098 2047 2120 Connninm
2057 2104 2090 2120 as-

2168 1969 2173 1993 l
