2180 3205
14 243 61 271 An.
79 243 109 270 C.
123 243 188 272 ¹152

29 837 109 859 Sulmo
123 843 177 858 con—

46 868 160 889 elusione-1.

34 1688 120 1717 &genii
133 1688 173 1710 PP.

15 1799 37 1817 et
51 1794 73 1816 S.
92 1793 116 1816 tt.
136 1793 194 1816 nect.

35 1826 170 1848 cardinalium

15 1857 188 1884 nubseripttoneu.

833 248 989 273 Ettssssmt's
1015 250 1051 272 ΙΙΙ
1075 249 1122 272 ΡΡ.

209 299 348 339 Asteria,
382 312 452 335 cum
480 300 627 337 omnibus
661 302 857 350 appendit-iis
887 304 951 337 suis

1618 237 1687 271 575

1040 304 1106 349 Ego
1129 303 1263 338 iacintus
1289 303 1368 339 diac.
1392 303 1476 339 card.
1508 301 1542 338 S.
1568 303 1683 338 Mariae
1707 303 1736 338 in

210 349 296 383 robis
330 349 535 386 nihilominus
560 352 792 387 confirmamus.
827 352 952 387 Decer-
990 352 1184 388 Chosinctlin
1212 353 1318 388 subsc.

209 398 312 433 nimus
346 411 432 445 crgo,
469 409 501 435 ut
529 401 603 436 nulli
632 402 762 436 omnino
790 403 950 437 hominum

208 447 310 488 liceat,
327 449 497 495 praelatum
514 445 738 485 monasterium
755 460 870 486 temere
888 464 953 498 per-

209 497 357 538 turbare,
384 506 438 533 aut
468 499 537 534 eius
564 501 780 547 possessiones
807 501 951 545 auferre,

208 546 255 580 vel
282 546 399 582 ablatas
421 548 564 589 retinere,
587 550 740 590 minuere,
763 558 815 584 aut
836 550 952 598 aliqui-

209 595 267 630 bus
289 597 504 632 vexationibus
531 598 674 644 t'atigare3
692 599 746 633 scd
770 600 872 634 onmia
897 601 952 634 in-

209 652 294 691 tegra
326 655 561 692 conserventur,
594 660 715 691 eorum,
738 661 794 696 pro
817 661 951 695 quorum

208 694 434 740 gubernatione
466 705 496 731 et
523 696 772 732 substentatione
803 710 951 733 concessa

208 752 293 785 sunt,
316 745 423 780 usibus
450 746 641 781 omnimodis
670 747 846 794 profutura:
869 748 951 782 salva

209 792 385 829 dioecesani
401 795 536 842 episcopi
553 796 701 831 canonica
726 797 839 831 iustitia
858 805 888 832 et
903 810 952 832 re-

210 844 356 878 verentia.
382 843 416 878 Si
444 856 504 891 qua
527 845 619 891 igitur
640 846 670 880 in
695 846 831 881 futurum
850 846 952 882 eccle-

207 892 331 927 siastica
344 893 549 929 saecularisve
564 906 708 941 persona,
721 895 815 931 huius
829 903 951 931 nostrae

207 942 440 978 constitutionis
455 943 601 990 paginam
623 945 740 986 sciens,
762 953 867 981 contra
882 958 950 981 eam

208 998 324 1026 temere
339 992 444 1028 venire
459 993 636 1037 tentaverit,
663 995 803 1030 secundo
821 995 952 1031 tertiove

207 1041 410 1082 commonita,
437 1042 462 1077 si
488 1054 550 1077 non
577 1043 788 1080 satisfactione
813 1057 951 1091 congrua

207 1089 440 1132 emendaverit,
480 1093 641 1139 potestatis
677 1093 870 1142 honorisque
903 1095 950 1130 sui

207 1139 357 1185 dignitate
382 1149 494 1182 careat,
521 1154 670 1190 reamque
702 1155 736 1178 se
762 1143 868 1179 divino
901 1144 951 1179 iu-

207 1188 289 1223 dicio
309 1190 442 1226 existere
463 1190 502 1226 de
523 1200 696 1239 perpetrata
719 1193 880 1240 iniquitate
901 1206 952 1229 co-

206 1247 354 1284 gnoscat,
391 1247 422 1274 et
459 1252 476 1275 a
514 1242 724 1277 sacratissimo
751 1243 891 1290 Corpore
921 1251 951 1278 et

207 1287 369 1334 Sanguine
407 1288 464 1324 Dei
504 1297 533 1325 et
570 1290 695 1326 Domini
731 1291 951 1339 Redemptoris

207 1338 303 1372 nostri
330 1337 399 1373 Iesu
426 1337 543 1374 Christi
570 1341 668 1376 aliena
701 1340 773 1382 liat,
801 1350 892 1390 atque
920 1342 950 1377 in

207 1395 347 1422 extremo
368 1389 513 1423 examine
534 1388 693 1425 districtae
721 1391 829 1426 ultioni
849 1391 951 1426 subia-

207 1444 290 1477 ceat;
323 1437 445 1472 cunctis
481 1446 584 1473 autem
625 1439 726 1474 eidem
765 1440 833 1476 loco
871 1441 949 1476 iusta

207 1485 405 1522 servantibus
430 1487 470 1521 sit
503 1500 562 1535 pax
595 1487 631 1523 D.
655 1489 693 1523 N.
730 1489 799 1525 lesu
821 1489 950 1535 Christi,

207 1542 362 1582 quatenus
383 1544 414 1571 et
444 1536 495 1572 hic
520 1537 654 1573 fructum
686 1538 784 1574 bonae
819 1540 951 1575 actionis

207 1584 397 1632 percipiant,
429 1593 460 1621 et
485 1586 569 1634 apud
599 1587 775 1624 districtum
810 1588 950 1625 Iudicem

209 1634 344 1680 praemia
365 1643 509 1671 aeternae
532 1637 618 1684 pacis
640 1637 810 1673 inveniant.
836 1639 949 1674 Amen.

256 1682 328 1718 Eoo
350 1683 513 1720 Enossmns
526 1686 697 1723 catholicae
711 1687 870 1724 Ecclesiae
883 1689 951 1737 epi-

208 1744 323 1778 scopus
342 1733 526 1782 subscripsi.

256 1781 324 1829 Ego
354 1782 476 1819 lmarus
501 1784 748 1822 Tusculanensis
781 1788 951 1837 episcopus

208 1831 394 1880 subscripsi.

255 1881 324 1928 Ego
344 1881 518 1930 Gregorius
550 1885 653 1932 presb.
680 1885 849 1922 cardinalis
870 1887 951 1922 tituli

207 1928 321 1966 Calixti
343 1931 530 1980 subscripsi.

256 1980 325 2027 Ego
360 1981 502 2018 Ubaldus
532 1982 636 2030 presb.
671 1984 838 2021 cardinalis
871 1986 950 2021 tituli

208 2028 242 2064 S.
265 2030 414 2066 Praxedis
437 2031 619 2080 subscripsi.

256 2079 326 2126 Ego
350 2079 531 2117 Manfredus
552 2083 655 2130 presb.
681 2084 847 2120 cardinalis
867 2084 949 2120 tituli

208 2127 242 2163 S.
268 2128 403 2165 Sabinae
417 2130 520 2166 subsc.

257 2177 323 2224 Ego
357 2178 456 2215 Iulius
481 2180 643 2229 presbyter
679 2182 845 2219 cardinalis
871 2183 950 2218 tituli

209 2226 241 2263 S.
265 2227 401 2263 Marcelli
428 2229 534 2265 subsc.

258 2276 325 2324 Ego
345 2277 421 2313 Otto
439 2278 591 2315 diaconus
612 2280 695 2316 card.
715 2280 748 2316 S.
769 2280 896 2329 Georgii
914 2282 950 2317 ad

210 2325 321 2361 Velum
348 2327 488 2362 Aureum
509 2328 616 2364 subsc.

257 2375 326 2423 Ego
345 2376 518 2424 Gregorius
550 2378 703 2415 diaconus
723 2380 890 2416 cardinalis
917 2380 949 2415 S.

209 2425 322 2471 Angeli
347 2425 452 2462 subsc.

257 2475 327 2522 Ego
351 2475 485 2513 Ioannes
505 2477 658 2514 diaconus
678 2478 763 2514 card.
785 2478 818 2514 S.
838 2478 952 2515 Mariae

209 2523 315 2561 Novae
334 2525 440 2562 subsc.

259 2573 326 2622 Ego
346 2573 386 2610 G.
408 2575 562 2613 diaconus
581 2576 747 2614 cardinalis
774 2576 810 2614 S.
836 2576 952 2614 Mariae

211 2623 242 2658 in
263 2623 390 2662 Porticu
416 2625 522 2663 subsc.

1040 402 1107 447 Ego
1131 402 1262 438 loannes
1288 403 1440 438 diaconus
1461 402 1544 438 card.
1567 401 1617 437 Ss.
1634 402 1734 449 Sergii

991 460 1020 486 et
1047 451 1174 486 Bacchi.

1039 500 1116 535 Data
1140 501 1265 547 Signiae
1283 513 1336 545 per
1356 514 1481 536 manum
1511 501 1642 536 Bosonis
1663 513 1737 536 san-

991 557 1058 585 ctae
1079 550 1241 585 Romanae
1264 551 1423 586 Ecclesiae
1437 551 1610 598 scriptoris,
1627 564 1649 586 ιι
1666 550 1737 586 idus

992 599 1134 637 ianuarii.
1163 599 1226 634 intl.
1248 612 1295 640 xv,
1319 601 1541 636 incarnationis
1560 600 1737 635 dominicae

991 660 1073 684 anno
1099 661 1202 690 arcui,
1231 650 1429 695 pontificatus
1452 663 1524 685 vero
1541 650 1648 685 domni
1671 650 1736 685 Eu-

991 699 1074 745 genii
1103 698 1205 746 Papae
1234 698 1279 733 lll¹
1301 711 1383 734 anno
1405 712 1459 735 vu.

1025 755 1084 786 Dat.
1103 756 1149 787 die
1169 757 1204 786 112
1227 757 1353 787 ianuarii
1375 766 1451 787 anno
1474 756 1587 787 Domini
1608 758 1701 796 1152,

1230 801 1331 841 pontis.
1354 811 1429 831 anno
1452 811 1500 832 vu.

1315 963 1414 999 XLV.

993 1039 1192 1084 Confirmatio
1218 1040 1368 1075 bonorum
1401 1043 1537 1076 omnium
1562 1049 1590 1076 et
1613 1044 1739 1078 liberta-

1040 1096 1103 1122 tum
1135 1092 1314 1123 monasterii
1346 1091 1488 1125 Rorenst’s
1520 1094 1737 1126 canonicorum

1039 1139 1229 1183 regularium
1266 1140 1300 1173 S.
1342 1142 1512 1186 Augustini
1543 1142 1739 1177 Ratisbonen.

1039 1188 1180 1222 dioecesis
1202 1192 1263 1231 (A).

1257 1262 1470 1295 SUMMARIUM

991 1327 1157 1359 Exordium.
1178 1346 1218 1352 —
1234 1329 1310 1360 Bona
1334 1331 1430 1361 omnia
1450 1332 1612 1369 confirmat,
1630 1333 1740 1373 ipsam-

1030 1383 1086 1412 que
1102 1372 1219 1404 Henrici
1235 1373 1384 1404 Ratisbon.
1400 1375 1490 1414 episc.
1506 1379 1738 1409 concessionem.

1030 1434 1070 1441 —
1083 1417 1161 1448 Ordo
1179 1419 1389 1449 canonicorum
1405 1420 1445 1450 ibi
1464 1426 1604 1461 perpetuo
1620 1432 1739 1454 manere

1031 1462 1173 1492 decernit.
1194 1479 1234 1485 -—
1250 1463 1415 1494 Clausulae.
1432 1482 1472 1487 —
1492 1465 1614 1504 Eugenii
1636 1467 1689 1497 PP.
1711 1474 1740 1499 et

1032 1506 1060 1536 S.
1079 1506 1111 1536 R.
1130 1507 1162 1537 E.
1182 1508 1376 1539 cardinalium
1400 1509 1643 1550 subscriptiones.

990 1572 1108 1611 Eugenius
1125 1574 1244 1613 episcopus
1271 1583 1347 1604 servus
1368 1584 1484 1605 servorum
1514 1575 1565 1613 Dei,
1586 1577 1672 1608 dilecto
1690 1578 1739 1609 lilio

1030 1616 1161 1647 Eberhardo
1196 1620 1325 1657 praeposito
1351 1619 1458 1650 Rorensis
1486 1621 1611 1660 Ecclesiae,
1645 1623 1739 1662 eiusque

1030 1661 1199 1693 suecessoribus
1213 1663 1351 1702 regulariter
1365 1663 1538 1703 substituendis,
1553 1666 1575 1695 in
1591 1670 1736 1705 perpetuum.

1040 1729 1210 1776 Religiosis
1243 1729 1407 1765 desideriis
1433 1731 1562 1778 dignum
1591 1740 1637 1767 est
1660 1733 1739 1768 saci-

991 1778 1052 1814 lem
1069 1779 1218 1826 praebere
1232 1791 1433 1821 consensum,
1448 1789 1480 1815 ut
1495 1781 1597 1816 tidelis
1612 1782 1738 1818 devotio

991 1828 1126 1863 celerem
1162 1829 1309 1864 sortiatur
1345 1829 1502 1865 effectum.
1543 1831 1738 1879 Eapropter,

991 1877 1106 1913 dilecte
1117 1879 1147 1912 in
1161 1878 1298 1914 Domino
1312 1879 1367 1921 fili,
1383 1879 1445 1914 tuis
1458 1880 1547 1916 iustis
1560 1882 1738 1928 postulatio-

992 1927 1086 1963 nibus
1116 1928 1287 1963 clementer
1313 1929 1492 1971 annuimus,
1514 1938 1545 1965 ct
1567 1931 1734 1978 praefatam

992 1977 1178 2019 Ecclesiam,
1193 1979 1242 2013 cui
1255 1977 1322 2013 Deo
1336 1986 1462 2014 auctore
1478 1992 1609 2027 praeesse
1624 1981 1736 2027 digno·

991 2027 1099 2069 sceris,
1126 2027 1186 2062 sub
1213 2028 1294 2063 beati
1325 2028 1410 2063 Petri
1437 2037 1467 2063 et
1501 2038 1605 2065 nostra
1629 2039 1736 2077 prote-

991 2076 1095 2112 ctione
1129 2077 1330 2125 suscipimus,
1360 2086 1391 2112 et
1421 2079 1594 2126 praesentis
1625 2080 1733 2127 scripti

992 2126 1156 2172 privilegio
1187 2127 1438 2169 communimus;
1471 2136 1667 2170 statuentes,
1702 2137 1735 2164 ut

991 2187 1206 2223 quascumque
1243 2189 1479 2224 possessiones,
1517 2190 1735 2226 quaecumque

991 2224 1072 2259 bona
1114 2226 1221 2261 eadem
1262 2226 1402 2262 Ecclesia
1442 2227 1732 2275 impraesentiarum

992 2336 1060 2358 rum
1088 2326 1292 2360 concessione
1327 2325 1516 2361 Pontificum
1531 2354 1539 2368 ,
1574 2327 1736 2373 largitione

993 2385 1100 2420 regum
1123 2373 1169 2409 vel
1193 2374 1384 2422 principum,
1406 2375 1563 2411 oblatione
1585 2376 1736 2423 fidelium,

991 2434 1045 2457 seu
1062 2423 1131 2458 aliis
1152 2423 1243 2458 iustis
1257 2424 1368 2465 modis,
1384 2425 1451 2461 Deo
1465 2426 1610 2473 propitio,
1626 2428 1738 2474 poterit

992 2472 1135 2519 adipisci,
1149 2473 1236 2508 firma
1251 2473 1304 2508 tibi
1319 2475 1445 2522 tuisque
1458 2476 1693 2512 successoribus
1706 2485 1737 2512 et

993 2521 1107 2557 illibata
1129 2531 1344 2570 permaneant.
1372 2524 1503 2560 Praedia
1530 2537 1668 2573 quoque,
1690 2527 1734 2561 vi-

993 2583 1079 2616 neas,
1092 2571 1215 2613 domos,
1234 2585 1332 2618 areas,
1351 2582 1381 2609 et
1401 2574 1461 2610 alia
1480 2586 1560 2622 quae
1580 2575 1737 2612 Henricus

1027 2641 1066 2676 (t)
1082 2641 1121 2668 Ex
1142 2642 1280 2679 Metropol.
1298 2643 1442 2680 Salisburg.
1460 2644 1568 2679 Hundii,
1584 2648 1647 2673 tom.
1669 2654 1698 2673 ιιι

1751 248 1800 275 An.
1818 247 1844 274 C.
1862 247 1928 274 tnta

1784 1751 1893 1772 Exordium

1771 2190 1827 2212 Bona
1841 2193 1911 2213 omnin

1748 2223 1870 2248 confirmat,
1898 2225 1933 2250 ip-

1748 2259 1832 2281 samque
1844 2253 1934 2275 Raurici

992 2273 1072 2309 iuste
1098 2282 1129 2309 et
1154 2275 1305 2311 canonice
1332 2276 1487 2322 possidet,
1513 2286 1565 2312 aut
1592 2277 1622 2312 in
1651 2277 1736 2313 futu-
1750 2282 1931 2318 Κειῑεὺοιηνῑεε.

1749 2319 1920 2336 ΘΟΩΕΘΙΞΙΟΩΘΠΊ.
