2180 3205
167 215 216 242 Aa.
235 216 263 241 Γ..
281 216 348 242 tirio

413 208 481 239 564

181 279 269 306 Eiusque
295 279 349 298 ¹>⁰·¹³
364 279 394 304 ui
417 282 630 317 quascumque
655 267 878 314 possessiones,
892 277 1107 313 quaecumque

167 311 235 330 euntia
271 310 349 330 coufir-

166 344 213 361 tuat.

180 624 225 644 Εῑιιι
236 623 272 642 *oli
281 623 348 642 vitlem

166 657 213 675 §etit
233 654 348 674 submisi-tm

166 686 266 705 dccl-irat:

181 924 304 952 Epi-repunt
326 930 336 942 ιι

167 956 224 975 rit-ro
239 955 287 981 eligi
297 960 350 975 cou-

168 988 230 1007 redit.

173 1768 251 1788 §anian
268 1768 357 1787 couclu-

227 1805 273 1818 §iun

364 320 443 353 boua
484 318 591 353 eadem
635 317 774 351 Ecclesia
814 315 1105 363 impraesentiarum

364 370 444 403 iuste
466 376 496 403 et
518 367 668 401 canonice
686 366 896 412 possi‹ie1‚ant
913 365 942 399 in
966 365 1104 399 futurum

362 418 566 453 concessione
590 416 791 459 Pontificum,
819 415 982 460 largitione
997 427 1105 461 regum

363 468 408 502 vel
444 467 633 514 principum,
667 465 826 500 oblatione
858 464 1016 505 fidelium,
1050 476 1105 498 seu

362 518 430 551 aliis
457 517 546 551 iustis
572 515 685 556 modis,
718 515 784 549 Deo
813 515 959 561 propitiO,
995 514 1107 560 poterit

362 567 505 613 adipisci.
530 567 615 599 iirma
639 565 694 598 tibi
717 565 841 610 tuisque
869 563 1107 598 successorihus

363 625 393 650 et
409 616 524 650 illibata
544 621 756 662 permaneant.
776 613 952 648 Statuimus
969 626 1106 660 quoque,

365 674 397 700 ut
419 666 527 700 eadem
543 664 681 699 Ecclesia
698 663 773 697 nulli
796 663 859 706 aiii,
884 671 1005 710 praeter
1019 664 1108 708 Apo-

363 716 503 749 stoliram
527 714 655 753 sedem,
677 713 882 748 subiectionis
904 714 1105 747 reverentiam

363 765 484 799 debeat.
518 764 562 798 'l'e
597 764 691 809 igitur
718 771 852 809 tuosque
886 774 1106 801 successores,

363 814 459 849 huius
487 814 636 848 libertatis
670 813 767 859 gratia
806 812 1021 859 perti-uenies.
1049 812 1107 846 sub

363 865 463 899 solius
485 863 683 910 Apostolicae
710 861 801 897 Sedis
827 861 1007 895 obedientia
1031 874 1108 908 per-

364 923 459 962 petuo
482 925 607 947 manere
629 911 838 946 decernimus.
861 910 1008 944 Obeunte
1037 924 1109 946 vero

365 974 404 1004 te,
429 976 513 998 nunc
539 961 681 997 ciusdem
709 961 842 995 civitatis
868 961 1033 1007 episcopo,
1062 961 1108 996 vel

364 1022 488 1048 tuorum
514 1012 653 1059 quolibet
675 1022 905 1050 successorum,
935 1011 1017 1045 clero
1039 1011 1111 1045 Mo-

365 1063 547 1110 nopolitauo
574 1061 703 1096 facultas
729 1061 780 1101 sit,
798 1067 917 1094 semota
939 1060 1024 1094 omni
1046 1073 1109 1108 pra-

365 1114 474 1157 vitate,
496 1111 664 1146 antistitem
689 1109 839 1145 canonice
864 1109 1018 1156 eligendi;
1045 1111 1110 1145 ele-

365 1171 434 1198 ctus
455 1170 557 1196 autem
574 1161 611 1195 ad
628 1160 806 1194 Romanum
831 1159 1014 1194 Pontificem
1033 1172 1111 1194 con-

365 1211 536 1247 secrandus
567 1211 705 1245 accedat.
733 1209 942 1244 Decernimus
965 1221 1054 1255 ergo,
1079 1218 1109 1244 ut

366 1262 442 1297 nulli
465 1261 595 1296 omnino
619 1260 781 1294 hominum
810 1258 915 1299 liceat,
943 1259 1109 1306 praefatam

366 1311 541 1347 Ecclesiam
574 1318 692 1344 temere
724 1308 926 1357 perturbare,
959 1317 1012 1344 aut
1044 1310 1111 1344 eius

367 1361 584 1408 possessiones
619 1359 758 1400 auferre,
795 1358 841 1392 vel
878 1358 995 1393 ablatas
1033 1360 1112 1393 reti-

368 1423 454 1454 nere,
479 1411 637 1449 minuere,
676 1421 730 1443 seu
771 1407 930 1455 aliquibus
968 1410 1113 1443 vexatio-

367 1461 461 1495 nibus
488 1460 634 1506 fatigare3
669 1459 722 1493 sed
757 1458 862 1492 omnia
893 1459 1011 1504 integra
1042 1471 1114 1493 con-

368 1518 542 1549 serventur,
565 1521 686 1552 eorum,
710 1520 765 1555 pro
788 1520 921 1554 quorum
951 1509 1114 1554 guberna-

368 1561 452 1594 tione
493 1568 522 1594 et
555 1558 804 1593 substentatione.
831 1569 979 1593 concessa
1016 1567 1113 1597 suut,

370 1609 480 1643 usibus
502 1608 694 1643 omnimodis
709 1607 887 1655 profutura:
902 1608 985 1642 salva
1006 1608 1034 1642 iu
1052 1620 1117 1642 om-

370 1659 463 1694 uibus
502 1658 700 1704 Apostolicae
736 1657 830 1692 Sedis
867 1658 1049 1692 auctoritate
1087 1666 1116 1692 et

370 1709 553 1743 reverentia.
594 1708 627 1742 Si
672 1720 733 1754 qua
771 1707 866 1752 igitur
905 1707 936 1741 ln
976 1707 1115 1741 futurum

371 1758 582 1794 ecclesiastica
609 1756 816 1792 saecularisve
849 1768 1000 1803 persona.
1036 1757 1117 1792 hauc

372 1816 497 1842 nostrae
540 1807 772 1842 constitutionis
817 1806 961 1853 paginam
995 1807 1117 1847 sciens,

371 1866 480 1892 contra
503 1870 571 1891 eam
594 1865 710 1891 temere
738 1868 843 1890 venire
871 1864 1046 1896 tentaverit,
1074 1871 1120 1892 sc-

372 1908 476 1942 cundo
498 1907 626 1941 tertiove
648 1905 852 1950 commonita,
875 1906 935 1940 nisi
956 1919 1120 1953 praesum-

373 1958 510 2004 ptionem
527 1969 616 1991 suam
633 1955 841 1990 satisfactione
858 1967 994 2002 congrua
1010 1968 1121 1991 emen-

373 2008 504 2047 daverit,
533 2006 694 2053 potestatis
717 2005 908 2052 honorisque
940 2007 986 2040 sui
1017 2006 1121 2052 digni-

374 2064 435 2091 tate
469 2064 583 2095 careat,
618 2067 767 2103 reamque
799 2067 832 2089 se
865 2055 971 2090 divino
1003 2056 1120 2090 iudicio

375 2107 509 2140 existere
537 2106 575 2139 de
605 2112 780 2153 perpetrata
813 2104 975 2152 iniquitate
1000 2118 1122 2152 cogno-

375 2164 457 2199 scat,
485 2164 514 2189 et
542 2167 557 2190 a
579 2155 791 2189 sacratissimo
814 2154 955 2202 Corpore
982 2164 1012 2189 et
1040 2155 1123 2190 San-

376 2206 469 2251 guine
491 2205 547 2239 Dei
571 2213 602 2239 ct
623 2204 750 2239 Domini
778 2204 1000 2252 Redemptoris
1026 2206 1121 2239 nostri

376 2255 447 2289 Iesu
470 2254 586 2289 Christi
615 2255 712 2288 aliena
736 2254 799 2297 liat,
821 2263 913 2301 atque
937 2255 966 2288 in
983 2263 1122 2289 extremo

377 2304 522 2339 examine
549 2303 704 2338 districtae
725 2303 833 2338 ultioui
849 2303 1022 2344 subiaceat;
1045 2317 1124 2339 cuu-

378 2354 437 2388 ctis
454 2362 556 2388 autem
580 2353 680 2387 eidem
705 2353 863 2388 Ecclesiae
885 2366 940 2388 sua
970 2354 1035 2388 iura
1057 2366 1124 2388 scr-

380 2403 526 2438 vantibus
566 2403 605 2437 sit
650 2415 707 2450 pax
747 2403 874 2437 Domini
918 2404 1014 2437 nostri
1054 2403 1123 2438 Iesu

380 2452 516 2497 Christi,
543 2460 697 2495 quatenus
724 2460 754 2487 et
782 2453 832 2486 hic
862 2453 997 2488 fructum
1026 2453 1126 2488 bonae

381 2502 512 2537 actionis
547 2502 732 2549 percipiant,
768 2511 798 2537 et
834 2502 917 2550 apud
950 2503 1125 2537 districtum

380 2550 521 2586 Iudicem
545 2551 680 2598 praemia
700 2559 843 2587 aeternae
857 2552 942 2600 pacis
956 2552 1125 2588 inveniant.

380 2600 495 2643 Amen,
522 2613 626 2646 amen,
648 2613 750 2636 amen.

939 212 975 233 ΒΕ
982 211 1039 233 ΗΑ
1046 211 1075 232 nt
1083 211 1124 232 ΓΜ
1155 209 1312 232 ΒΟΜᾹΝΓΜ

1199 263 1270 298 Eoo
1285 262 1452 297 Encas-tus
1466 260 1636 295 catholicae
1651 259 1810 294 Ecclesiae
1825 257 1896 305 epi-

1150 325 1277 359 scopus.

1199 363 1267 407 Ego
1296 361 1414 395 lmarus
1429 359 1629 394 Tusculanus
1651 359 1747 406 episc.

1198 412 1265 457 Ego
1292 410 1331 445 G.
1354 410 1394 445 G.
1418 409 1522 457 presb.
1545 409 1629 444 cartl.
1653 409 1686 442 S.
1710 407 1833 442 Calixti.

1198 461 1266 507 Ego
1288 460 1480 495 Octavianus
1506 459 1585 494 diac.
1608 458 1693 494 card.
1717 457 1750 492 S.
1776 455 1895 491 Nicolai

1150 512 1179 546 iu
1203 511 1337 545 Carcere
1363 508 1519 543 Tulliano.

1201 561 1266 606 Ego
1290 560 1387 594 lulius
1410 558 1513 605 presb.
1529 557 1614 592 card.
1631 558 1675 591 tit.
1692 556 1725 591 S.
1744 555 1896 590 Marcelli.

1200 611 1266 656 Ego
1282 608 1425 644 Ubaldus
1444 607 1547 655 presb.
1563 607 1648 642 card.
1672 606 1718 640 tit.
1734 605 1768 640 S.
1785 604 1898 640 Crucis

1151 661 1180 694 iu
1206 659 1414 694 Hierusalem.

1200 709 1312 744 Datum
1342 707 1502 742 Ferentini
1527 719 1581 753 per
1603 717 1730 740 manum
1762 703 1899 739 Bosonis

1150 759 1183 794 S.
1215 759 1252 793 R.
1289 758 1324 792 E.
1353 757 1535 804 scriptoris,
1567 767 1622 790 xiv
1653 755 1713 789 kat.
1747 753 1898 797 ianuarii,

1151 808 1214 843 ind.
1245 821 1288 848 iv,
1312 809 1430 842 incarn.
1462 807 1547 841 dom.
1576 818 1658 840 anno
1685 817 1762 843 uec,
1790 803 1898 851 ponti-

1151 859 1260 893 ficatus
1283 870 1354 892 vero
1376 856 1510 903 Eugenii
1534 856 1638 903 Papae
1665 854 1708 889 111
1733 865 1816 889 anno
1839 865 1884 887 vr.

1171 916 1230 946 Dat.
1249 916 1296 946 die
1321 916 1355 945 19
1378 913 1543 945 decembris
1567 922 1644 943 anno
1662 912 1777 942 Domini
1798 911 1884 948 1150,

1397 958 1498 998 pontis.
1517 967 1593 987 anno
1614 966 1652 988 vi.

1434 1090 1611 1125 XXXVIII.

1153 1166 1353 1211 Confirmatio
1388 1166 1503 1198 {mium
1537 1164 1685 1203 omnium,
1712 1175 1748 1197 ac
1771 1163 1900 1208 privile-

1200 1217 1321 1260 giorum
1353 1216 1602 1260 metropolitanae
1625 1213 1776 1247 Ecclesiae
1810 1212 1902 1246 Coto-

1204 1266 1314 1298 nt'cttsz's
1336 1266 1398 1308 (d).

1422 1328 1635 1360 SUMMARIUM

1155 1384 1320 1414 Exordium.
1352 1401 1392 1406 —
1421 1383 1500 1413 Hanc
1532 1383 1692 1413 Ecclesiam
1726 1381 1782 1411 sub
1817 1381 1902 1412 Sedis

1194 1424 1379 1463 Apostolicae
1411 1424 1588 1463 protectione
1617 1422 1740 1461 suscipit
1762 1422 1904 1459 Pontifex;

1193 1482 1232 1486 —
1250 1464 1349 1494 Eidem
1366 1464 1622 1494 bonaconfirmat.
1643 1480 1683 1484 ——
1700 1462 1904 1501 Archiepisco-

1196 1514 1230 1544 po
1254 1514 1339 1533 usum
1371 1505 1451 1543 pallii
1481 1508 1535 1534 etc.
1573 1504 1743 1539 confirmat;
1777 1511 1904 1542 eumque

1195 1545 1231 1574 ab
1254 1545 1332 1574 omui
1352 1545 1536 1575 subiectione
1556 1544 1664 1573 eximit.
1685 1560 1724 1564 —
1742 1542 1829 1581 Regis
1858 1552 1905 1572 or-

1196 1585 1374 1615 dinationem
1392 1585 1419 1614 iu
1437 1585 1530 1624 ipsius
1548 1583 1692 1623 provincia
1710 1583 1853 1612 concedit.
1866 1599 1907 1605 —

1197 1625 1259 1655 Alia
1280 1626 1487 1664 praerogativa.
1509 1642 1548 1646 —
1567 1625 1681 1663 Septem
1702 1623 1834 1652 eiusdem
1857 1631 1906 1652 ec-

1197 1666 1305 1695 clesiae
1325 1665 1501 1704 presbyteris
1515 1674 1599 1693 usum
1613 1663 1907 1700 mitt'ae,tlulmaticae

1198 1710 1253 1735 etc.
1283 1706 1313 1734 in
1340 1706 1497 1735 missarum
1518 1703 1670 1734 solemniis
1693 1703 1837 1733 concedit.
1868 1720 1907 1725 —

1198 1746 1363 1775 Praemissa
1384 1746 1479 1775 omnia
1510 1745 1671 1774 confirmat.
1689 1761 1728 1765 —-
1742 1742 1907 1773 Consuetae

1199 1786 1403 1815 conclusiones
1432 1790 1460 1815 et
1478 1785 1637 1814 clausulae.
1651 1801 1690 1806 —
1711 1783 1835 1821 Eugenii
1853 1782 1907 1813 PP.

1200 1831 1227 1856 et
1241 1826 1268 1856 S.
1288 1826 1319 1855 R.
1337 1826 1413 1855 Eccl.
1431 1825 1625 1855 cardinalium
1649 1823 1894 1863 subscriptiones.

1160 1894 1291 1930 Eugenius
1311 1893 1450 1929 episcopus
1478 1899 1572 1920 servus
1592 1898 1731 1920 servorum
1754 1891 1810 1924 Dei,
1830 1898 1907 1919 vene-

1205 1939 1286 1967 rabili
1301 1938 1385 1967 fratri
1400 1938 1514 1966 Arnoldo
1533 1937 1683 1966 Coloniensi
1699 1936 1908 1972 archiepiscopo.

1206 1985 1314 2020 eiusque
1341 1983 1540 2012 successoribus
1559 1983 1683 2012 canonice
1702 1981 1909 2011 substituendis.

1213 2047 1246 2081 ln
1266 2047 1414 2082 eminenti
1439 2045 1640 2093 Apostolicae
1662 2045 1754 2080 Sedis
1772 2046 1909 2092 specula,

1163 2097 1266 2132 diviua
1300 2097 1486 2144 disponente
1513 2096 1634 2143 gratia,
1669 2095 1846 2140 constituti,
1873 2108 1910 2130 ex

1164 2147 1302 2181 iniuncto
1330 2146 1420 2181 uobis
1441 2159 1457 2180 a
1479 2146 1546 2181 Deo
1573 2145 1764 2192 apostolatus
1797 2146 1910 2187 officio,

1165 2197 1274 2231 fratres
1289 2206 1411 2231 nostros
1433 2196 1597 2242 episcopos
1619 2195 1740 2230 sincera
1761 2195 1912 2230 charitate

1165 2246 1306 2292 diligere,
1340 2255 1370 2280 et
1396 2246 1549 2280 Ecclesiis
1571 2257 1678 2280 eorum
1707 2245 1854 2291 regimini
1880 2253 1911 2280 et

1165 2295 1384 2342 gubernationi
1418 2295 1595 2330 commissis
1632 2307 1721 2329 suam
1758 2294 1912 2329 debemus

1167 2345 1315 2380 iustitiam
1330 2357 1525 2380 conservare.
1538 2344 1627 2379 Sicut
1641 2344 1768 2379 enimin
1782 2344 1911 2379 humani

1167 2407 1318 2442 compage
1340 2394 1481 2442 corporis
1503 2393 1652 2429 naturalis
1678 2394 1756 2428 ratio
1777 2393 1911 2440 siugulis

1167 2444 1344 2492 quibusque
1376 2444 1546 2483 membris,
1578 2443 1616 2479 ad
1649 2444 1780 2479 salutem
1808 2443 1912 2490 provi-

1168 2495 1258 2537 dens,
1280 2494 1434 2542 speciales
1459 2501 1489 2528 et
1512 2494 1660 2541 providos
1677 2501 1764 2528 actus
1789 2492 1912 2537 edocet,

1170 2544 1377 2578 nobilioribus
1404 2556 1477 2579 vero
1499 2556 1587 2578 suam
1618 2543 1800 2590 dignitatem
1835 2554 1914 2577 con-

1204 2613 1243 2650 (¹)
1263 2614 1302 2641 Ex
1317 2613 1428 2648 Concil.,
1440 2618 1503 2642 tom.
1525 2621 1575 2646 xu,
1592 2613 1642 2642 cot.
1661 2613 1736 2640 1585.

1910 201 1957 227 Au.
1977 203 2004 227 (j.
2027 202 2087 227 titii

1931 266 2017 294 Eugenii
2032 266 2071 288 PP.

1909 376 1930 394 el
1950 373 1970 394 S.
1993 373 2013 393 R.
2035 372 2090 394 Eraet.

1931 405 2066 425 cardintliunt

1888 456 1894 461 ,
1910 436 2085 463 subscriptiones.

1953 2061 2072 2084 Exordium.

2178 222 2180 254 i
