2180 3205
0 623 2 638 l

39 291 86 319 An.
99 288 118 316 C
151 289 216 315 1¹70

229 343 356 391 qnando
382 344 412 378 in
436 343 500 392 ipsa
528 344 671 380 sacrificii
706 344 862 379 oblatione
884 356 975 379 erra-

229 396 304 428 tur?
335 393 415 428 Cum
439 395 522 428 enim
548 395 695 441 magister
722 395 858 428 veritatis
880 393 975 428 disci-

229 443 311 490 pulis
332 443 398 478 suis
416 452 645 478 sacramentum
668 444 901 478 commendaret
917 455 975 476 no-

228 501 310 528 strae
344 493 470 537 salutis,
504 505 566 528 non
600 494 713 528 siccam
749 493 864 527 l'acccm
894 492 973 531 vini,

229 554 291 577 non
324 543 421 578 micas
450 543 541 589 panis
568 543 638 577 vino
667 543 813 577 intinctas
839 542 973 588 accepist

227 592 282 627 sed
306 604 418 640 panem
441 600 471 626 et
492 591 635 635 calicem,
661 600 692 626 et
715 592 902 626 benedicens
924 591 975 625 ‹le-

62 637 214 658 m³u⁰¹⁰‘⁵‘
228 641 274 676 dit
304 641 476 688 discipulis.
505 641 584 682 Quia
614 641 708 686 igitur
746 653 838 675 secus
864 652 972 686 agere,

95 667 213 694 apostolica

46 698 135 723 mmet·
147 698 214 719 offer-
227 691 423 737 evangelicae
449 700 478 725 et
507 690 695 737 apostolicae
716 690 874 726 doctrinae
897 702 974 724 con-

51 733 90 757 que
112 729 170 750 iubet
192 731 213 751 in

56 759 135 781 mnes„
160 741 375 781 ¹¹¹;„.trarium,
421 747 452 774 et
492 740 711 774 consuetudini
746 740 974 774 ecclesiasticae

88 791 155 812 '⁰¹⁰³‘
173 798 213 818 ¹³³·
229 790 354 836 penitus
382 797 428 824 est
453 789 642 833 adversum,
668 790 837 836 apostolica
866 789 974 836 prohi-

141 823 211 844 vinum

30 857 83 888 ,¹¹⁸
96 854 189 874 mixtum.
227 839 338 875 bemus
375 838 572 879 authoritate,
611 847 643 872 ut
664 851 735 873 cum
769 839 850 873 sicca
889 838 973 873 faece

12 949 28 1074 ἒ

15 1216 26 1303 3

14 1314 30 1360 l

21 1295 26 1306 ,.

30 1398 36 1405 .

17 1595 30 1616 ι,

20 1633 31 1665 ἶ

20 2558 41 2674 -F‘OE‘e'
22 2379 54 2549 wmaes
19 2168 46 2369 «gfff-‚5252
18 1986 46 2159 5.⁸?§·55}-d2·*
19 1951 30 1969 -.

226 889 301 930 vini,
326 889 371 925 vel
394 900 465 923 cum
490 889 579 922 micis
605 888 694 936 panis
716 889 790 922 vino
813 888 972 928 intinctis,

225 939 272 974 vel
294 939 354 974 alio
377 938 487 979 modo.¹
514 950 608 985 quam
636 937 791 972 Dominus
822 937 972 976 instituit,

225 988 331 1023 nullus
351 989 390 1024 de
411 996 532 1022 caetero
553 987 730 1022 sacrificare
747 995 894 1027 attentem
917 986 971 1021 sed

224 1037 399 1074 secundum
423 1037 553 1072 formam
576 1045 790 1071 sacrosanctae
813 1036 972 1072 Ecclesiae

224 1086 406 1132 Romanae,
439 1099 531 1134 quam
555 1099 608 1121 ros
631 1086 660 1120 in
688 1086 836 1121 omnibus
858 1086 970 1121 imitari

224 1145 359 1184 oportet,
397 1137 498 1171 solum
535 1148 660 1183 panem,
698 1145 729 1171 et
758 1136 864 1170 vinum
892 1147 971 1183 aqua

225 1187 356 1222 mixtum
371 1187 402 1221 in
420 1185 573 1221 sacrificio
588 1186 738 1233 Corporis
755 1194 785 1220 et
800 1186 972 1232 Sanguinis

224 1235 341 1272 Christi
364 1236 513 1271 offeratis.

273 1285 440 1321 Caeterum
468 1284 682 1329 clandestina,
709 1294 739 1320 et
770 1285 888 1332 absque
922 1297 973 1319 sa-

39 1341 139 1380 pistriete
157 1348 210 1379 rrq-
225 1335 373 1370 cerdotali
408 1335 627 1370 benedictione
655 1347 715 1369 non
744 1334 858 1370 debere
894 1347 973 1369 con-

48 1377 211 1427 ῃζξῖζῗζζῗζῖ
225 1385 304 1420 trabi
336 1385 500 1431 coniugia,
535 1392 588 1418 aut
621 1384 679 1418 nisi
715 1385 794 1419 inter
821 1384 973 1430 legitimas

47 1437 83 1457 in
111 1439 134 1458 et
163 1437 210 1457 siue

78 1466 155 1488 'doun
170 1467 210 1488 be-
227 1446 395 1482 personas,
421 1446 502 1482 quae
538 1433 614 1468 infra
647 1433 816 1481 septimum
839 1433 971 1479 gradum

42 1497 149 1518 edictione
171 1502 211 1526 09-
225 1484 312 1520 nulla
325 1483 607 1530 consanguinitatis
629 1483 708 1517 linea
731 1483 972 1529 coniungantur,

62 1532 143 1550 '‘m''
225 1545 285 1569 nec
305 1541 480 1578 contracta,
502 1532 561 1568 nisi
587 1533 738 1568 canonice
764 1542 794 1567 et
816 1545 972 1568 consensu

224 1583 379 1631 episcopi,
401 1582 548 1626 dissolvi,
569 1582 740 1617 multorum
764 1582 813 1617 Ss.
842 1582 971 1617 Patrum

225 1633 361 1668 declarat
398 1632 576 1668 auctoritas.
616 1631 681 1666 Vos
719 1633 822 1679 itaque
861 1632 972 1666 muniti

224 1682 276 1718 Ss.
311 1682 438 1717 Patrum
461 1681 679 1716 sanctionibus
701 1690 730 1716 et
752 1681 974 1716 ecclesiasticis

225 1731 388 1774 institutis,
410 1731 498 1775 haec,
516 1743 595 1778 quae
609 1730 690 1765 dicta
706 1740 791 1774 sunt,
810 1732 975 1776 diligenter

225 1789 358 1823 servate,
391 1789 423 1816 et
448 1782 519 1816 aliis
557 1780 725 1827 praecipite
754 1781 975 1815 inviolabiliter

225 1830 384 1866 observari
399 1831 644 1878 dispensationis
658 1830 874 1865 moderamine
890 1838 976 1864 uten-

227 1889 293 1924 tes,
327 1881 436 1927 utqui
463 1880 494 1914 in
525 1879 636 1927 quinto
662 1879 708 1914 vel
744 1889 853 1926 quarto
876 1880 974 1925 gradu

227 1930 386 1965 coniuncti
409 1937 494 1970 sunt,
521 1941 576 1964 eos
597 1941 659 1963 non
681 1930 845 1976 separetis,
867 1930 921 1963 sed
938 1941 976 1964 ne

227 1978 363 2026 amplius
394 1979 494 2014 taliter
521 1978 771 2024 coniungantur,
806 1979 975 2025 pontificali

227 2029 414 2064 authoritate
433 2036 465 2063 et
485 2028 678 2063 districtione
700 2028 900 2075 prohibeatis.

277 2077 394 2113 Datum
416 2078 561 2122 Tuscul.,
588 2089 608 2111 v
630 2077 700 2112 idus
727 2077 926 2124 septembris.

252 2130 314 2162 Dat.
337 2131 384 2161 die
405 2131 423 2160 9
441 2130 617 2170 septembris
635 2140 711 2160 anno
729 2130 843 2160 Domini
867 2132 948 2168 1170,

476 2174 578 2214 pontif.
601 2184 677 2204 anno
695 2184 734 2204 xi.

532 2253 676 2289 XLVIII.

231 2314 398 2348 Decreaealis
436 2321 542 2348 contra
570 2315 769 2349 simoniacam
799 2316 895 2350 labem
928 2317 976 2359 (d)

278 2364 401 2408 aliaque
417 2371 522 2397 contra
536 2364 732 2409 disciplinam
749 2366 975 2399 ecclesiasticam

277 2419 452 2458 perpetrata
479 2414 540 2457 (2).

497 2471 712 2502 SUMMARIUM

251 2517 420 2549 Exordium.
438 2536 478 2542 —
498 2519 616 2550 Abusus
633 2520 663 2550 in
681 2519 775 2550 Svetia
795 2530 828 2550 ex
852 2521 975 2550 simonia

271 2563 300 2588 et
328 2559 549 2590 ecclesiasticae
567 2560 743 2600 disciplinae
761 2561 976 2590 inobservantia

267 2611 306 2646 (l)
325 2601 399 2645 Quae
422 2616 512 2639 contra
535 2612 619 2640 labem
638 2612 805 2639 simoniacam
823 2613 977 2639 disseruerit

231 2646 260 2674 S.
271 2647 323 2674 Leo
332 2647 381 2674 1³1².
404 2648 424 2678 1,
440 2648 525 2683 legere
543 2651 583 2675 est
601 2649 723 2682 superius
742 2648 768 2674 in
791 2650 977 2675 constitutione

232 2683 367 2710 abeodem
377 2683 458 2719 edita.
497 2684 536 2719 (ᾖ)
547 2685 585 2710 Ex
597 2687 659 2710 tom.
673 2691 712 2710 xii
732 2684 901 2718 Concil.‚col.
918 2684 974 2711 ¹28.

835 289 1028 312 ALEXANnEn
1056 289 1094 312 111
1123 289 1169 311 1‘1‘.

1647 279 1715 311 7523·

1056 344 1155 373 exorti.
1173 360 1212 365 —
1226 342 1288 378 Quo
1308 343 1337 372 sit
1356 347 1387 372 ut
1404 342 1565 381 perniciosa
1589 347 1616 373 ct
1633 345 1764 384 exemplo

1055 387 1155 416 nociva
1185 388 1363 423 contingant.
1393 404 1432 409 —
1454 387 1586 418 litstituta
1621 389 1763 418 laieorum

1055 435 1083 461 ct
1101 432 1262 461 saecularia
1283 433 1390 462 iudicia
1414 432 1514 462 clerici
1537 433 1644 471 passim
1664 439 1764 464 contra

1055 475 1146 504 laicos
1164 480 1192 504 et
1209 476 1306 505 vissim
1328 482 1479 515 usurpant,
1497 486 1552 506 non
1571 479 1689 507 attentis
1711 489 1763 508 ca-

1055 519 1189 549 nonibus.
1207 537 1246 542 —
1267 520 1370 550 Munus
1389 521 1592 559 episcoporum
1616 532 1683 552 esse
1707 523 1764 552 hu-

1055 563 1183 593 iusmodi
1197 564 1271 593 mala
1292 565 1490 604 impedire.—
1503 565 1621 596 Peccata
1642 568 1719 597 enim
1732 578 1765 597 ex

1055 608 1144 637 nimia
1164 608 1345 647 indulgentia
1363 615 1500 640 crescunt
1517 612 1647 650 quotidie
1661 614 1765 651 magi53

1053 669 1092 675 —-
1107 652 1161 683 Eos
1181 654 1270 691 igitur
1287 655 1419 684 hortatur
1438 660 1468 684 ut
1485 655 1596 686 abusus
1616 666 1717 687 omnes
1737 663 1765 688 et

1055 697 1147 727 malas
1167 699 1394 728 consuetudines
1414 700 1572 730 eradicent.
1593 718 1632 723 —
1650 701 1764 732 Poenae

1054 751 1068 771 a
1093 741 1137 772 Ss.
1161 742 1295 771 Patribus
1314 747 1439 773 statutae
1463 750 1560 774 contra
1580 745 1681 782 laicos,
1709 746 1764 776 be-

1053 787 1157 816 neficia
1181 788 1298 817 clericis
1328 789 1441 823 dantes,
1468 795 1495 819 et
1524 790 1552 820 in
1576 790 1701 821 clericos
1728 791 1764 821 ab

1054 832 1096 861 eis
1120 840 1170 870 per
1192 833 1357 871 pecuniam,
1386 833 1584 863 investituram
1609 840 1662 864 cte.
1687 836 1766 865 acci-

1054 876 1177 915 pientes.
1209 893 1248 898 --
1269 875 1377 915 Synodi
1402 877 1483 906 ltom.
1516 887 1591 907 anno
1623 879 1679 909 502
1709 879 1764 909 sub

1053 920 1239 960 Symmacho,
1256 938 1294 943 -—
1311 920 1422 951 Callixti
1442 921 1556 958 Pl’.,—
1573 922 1725 954 Paschalis
1738 925 1765 961 Δ1,

1052 981 1091 987 --
1108 965 1274 1001 Alexandri,
1292 982 1331 987 —
1348 965 1500 995 Paschalis
1519 965 1541 995 ll
1558 967 1674 998 decreta
1691 978 1765 999 con-

1053 1014 1095 1040 tra
1128 1010 1313 1039 investituras
1337 1010 1516 1039 huiusmodi.
1546 1027 1585 1033 —
1615 1011 1765 1043 Simoniae

1053 1059 1204 1094 peccatum
1238 1064 1324 1093 quam
1348 1064 1444 1092 grave.
1476 1072 1515 1078 —-
1536 1055 1568 1085 Ei
1597 1056 1766 1089 subiectum

1053 1109 1120 1129 esse
1142 1100 1257 1129 dantem
1282 1100 1369 1129 simul
1392 1105 1419 1130 et
1445 1101 1648 1140 accipientem.
1671 1120 1710 1126 —
1735 1105 1765 1135 S.

1052 1144 1186 1182 Gregorii
1216 1144 1394 1174 constitutio.
1424 1162 1463 1167 —
1492 1145 1521 1174 S.
1544 1146 1704 1185 Gregorius
1725 1150 1768 1179 si-

1054 1188 1182 1217 moniam
1195 1188 1523 1224 declaratae-beneficia
1540 1191 1691 1223 Ecclesiae
1707 1203 1766 1224 non

1053 1232 1148 1262 solum
1173 1233 1306 1271 pecunia,
1326 1234 1376 1263 sed
1399 1234 1529 1273 qualibet
1551 1235 1697 1276 obsequii,
1716 1243 1767 1268 aut

1053 1278 1185 1307 muneris
1204 1279 1302 1317 specie
1325 1279 1467 1309 obtinere.
1485 1297 1524 1302 —
1538 1279 1661 1311 Concilii
1679 1282 1767 1312 Chal-

1053 1323 1126 1359 ced„
1143 1322 1285 1361 Carthag.‚
1299 1328 1325 1353 et
1346 1323 1373 1353 S.
1393 1325 1548 1362 Augustini
1568 1327 1710 1356 sententia
1730 1328 1766 1357 de

1053 1377 1111 1396 non
1140 1368 1319 1398 admittendo
1342 1369 1449 1398 clerico
1472 1370 1534 1399 sine
1558 1370 1650 1400 literis
1675 1371 1765 1401 Ordi-

1053 1413 1139 1442 narii.
1160 1430 1199 1435 —
1220 1413 1328 1443 Gelasii
1351 1418 1379 1442 et
1406 1414 1560 1444 ¹llexandri
1589 1415 1765 1446 Pontificum

1053 1457 1168 1487 decreta
1183 1481 1190 1494 ,
1212 1467 1247 1487 ne
1270 1458 1370 1487 clerici
1403 1458 1438 1487 ad
1462 1459 1626 1488 saecularia
1656 1460 1765 1490 iudicia

1055 1502 1270 1540 pertrahantur.
1306 1519 1345 1524 —-
1370 1502 1568 1533 §.timomactiia
1593 1505 1686 1534 sacris
1713 1515 1765 1535 ca-

1055 1547 1181 1577 nonibus
1204 1548 1359 1577 contraria.
1376 1564 1416 1569 —
1442 1547 1478 1576 De
1502 1548 1624 1577 decimis
1649 1558 1663 1577 a
1683 1549 1765 1579 laicis

1054 1592 1194 1622 Ecclesiis
1213 1593 1328 1622 debitis.
1343 1609 1382 1614 -—
1399 1592 1518 1622 Concilii
1538 1593 1697 1631 Mognntini
1727 1611 1767 1616 —

1037 1634 1087 1666 'Et
1105 1636 1350 1675 Rothomagensis
1368 1646 1456 1674 super
1470 1637 1524 1666 hoc
1538 1638 1663 1668 decreta.
1674 1655 1713 1660 —
1727 1639 1765 1668 Dc

1055 1680 1262 1710 donationibus
1294 1680 1442 1710 Ecclesiae
1476 1682 1558 1711 sactis
1591 1692 1647 1712 non
1678 1693 1764 1712 revo-

1055 1725 1168 1761 candis,
1186 1726 1229 1754 vel
1247 1725 1464 1755 subtrahendis.
1479 1743 1518 1748 —
1532 1726 1570 1756 De
1588 1727 1765 1758 clericorum

1056 1770 1292 1809 percussoribus.
1317 1771 1538 1800 -Adhortatio
1557 1772 1592 1801 ad
1611 1773 1765 1812 episcopos

1057 1814 1171 1844 Svetiae
1189 1818 1217 1844 et
1233 1814 1366 1845 Gothiae.

1016 1890 1163 1919 Alexander
1181 1891 1262 1926 Papa,
1280 1890 1428 1927 Upsellensi
1447 1891 1657 1929 archiepiscopo,
1685 1894 1715 1922 et
1734 1900 1763 1922 u·

1060 1940 1175 1968 niversis
1184 1940 1365 1976 suffraganeis
1377 1940 1445 1974 eius.
1457 1942 1516 1970 tam
1531 1941 1559 1970 in
1573 1942 1665 1971 Svetia
1685 1949 1765 1978 quam

1060 1989 1088 2018 in
1107 1990 1202 2018 Gothia
1221 1990 1395 2020 constitutis.

1066 2064 1234 2099 Constituti
1261 2077 1278 2100 a
1304 2065 1453 2106 Domino,
1480 2066 1551 2101 licet
1578 2067 1765 2104 insufficien-

1020 2113 1101 2149 tibus
1122 2114 1252 2156 meritis,
1278 2122 1373 2162 super
1399 2123 1509 2162 gentes
1531 2124 1560 2151 ct
1586 2130 1694 2164 regna,
1727 2131 1765 2154 ex

1018 2163 1178 2198 iniunctae
1214 2164 1304 2199 nobis
1346 2164 1625 2202 administrationis
1662 2167 1764 2204 officio

1019 2213 1188 2260 debitoque
1227 2214 1471 2261 compellimur,
1505 2216 1604 2251 aciem
1639 2226 1764 2255 nostrae

1019 2263 1279 2299 considerationis
1312 2264 1350 2299 ad
1383 2265 1563 2300 universum
1602 2268 1763 2304 commissi

1019 2313 1124 2358 gregis
1149 2325 1264 2360 corpus
1284 2314 1473 2358 extendere,
1505 2324 1596 2362 atque
1622 2318 1763 2353 omnium

1021 2362 1157 2396 fidelium
1181 2363 1274 2398 corda
1297 2363 1500 2399 institutionis
1521 2366 1709 2411 apostolicae
1727 2380 1763 2403 ac

1019 2411 1177 2447 doetrinae
1198 2413 1340 2447 salutaris
1366 2413 1464 2448 imbre
1492 2414 1693 2460 perfundere:
1730 2425 1763 2452 ut

1019 2462 1099 2495 sicut
1122 2462 1151 2495 in
1175 2474 1300 2497 omnem
1325 2471 1435 2497 terram
1459 2464 1551 2498 exivit
1572 2477 1669 2500 sonus
1683 2479 1762 2513 apo-

1018 2510 1187 2551 stolorum,
1224 2520 1254 2546 et
1289 2512 1320 2546 in
1343 2512 1421 2546 fines
1442 2512 1526 2547 orbis
1547 2522 1646 2550 terrae
1669 2516 1761 2552 verba

1018 2573 1125 2595 eorum
1149 2564 1206 2605 (a);
1246 2561 1286 2595 ita
1319 2574 1444 2608 quoquc
1472 2575 1545 2607 nos,
1571 2565 1624 2611 qui
1650 2577 1761 2601 corum

1018 2609 1183 2645 cathedrae
1207 2610 1438 2657 praesidemus,
1471 2614 1524 2658 qui
1556 2614 1603 2648 eis
1637 2627 1699 2649 non
1728 2617 1761 2651 in

1053 2684 1091 2720 (a)
1107 2684 1145 2711 Ad
1166 2685 1242 2712 Rom.
1260 2693 1289 2718 x,
1306 2686 1347 2719 ¹83
1364 2694 1395 2713 cx
1407 2686 1501 2714 Psalm.
1520 2695 1600 2722 xvur,
1613 2689 1640 2716 ll.
1653 2689 1690 2726 (a.
1703 2690 1743 2727 τ.)

1782 289 1828 314 An.
1845 288 1872 314 C.
1896 290 1961 315 1170

1810 2088 1930 2112 Exordium.
