2180 3205
193 290 239 316 An.
255 289 285 315 C.
309 288 374 315 1073

231 351 273 371 SM
303 350 366 371 m„
404 328 636 373 cuiuscumque
673 324 791 371 gradus
817 322 857 357 sit
879 322 1024 363 clericus,
1049 335 1104 370 per
1125 335 1157 358 se

191 378 282 397 dandum
298 394 301 398 .
326 383 374 396 :ta-

190 407 260 430 tisino
268 410 374 430 accipit-ti-

191 431 247 451 duni.

191 752 254 772 dnzn.
285 758 314 771 wo
340 757 360 770 at

189 778 288 803 ceptione
311 778 375 799 bene·

190 804 239 825 ficii.

204 1129 297 1149 Privatim
311 1128 375 1148 bene-

190 1156 232 1176 ficii
247 1158 266 1175 et
284 1155 374 1181 gradus:

253 1587 293 1607 flu-¹
326 1585 376 1601 ana-

235 1615 267 1628 ma
297 1609 370 1627 cantra

192 1635 358 1655 metues-antus.

228 1728 363 1753 Subscriptio

191 1755 303 1775 Alexandri
335 1754 375 1775 Μ’.

461 261 480 296 5
490 262 504 295 i

405 377 450 411 vel
476 389 530 423 per
552 374 770 422 interpositam
800 385 966 419 personam
982 372 1093 419 aliquo
1108 372 1157 407 in-

403 426 496 471 genio
531 424 667 471 pretium
701 423 746 458 vel
782 422 856 457 dare
882 422 929 456 vel
958 422 1156 469 promittere;

403 487 461 509 nec
488 474 547 521 ipsi
571 473 732 520 episcopo,
756 483 814 507 nec
835 471 927 506 alicui
949 484 985 506 ex
1007 471 1076 506 eius
1098 472 1157 506 mi-

403 523 521 564 nistris,
549 523 603 557 sed
631 522 821 569 cuicumque
849 532 979 568 magnae
1012 520 1058 556 vel
1076 533 1156 556 rme-

356 600 367 612 ,1
401 572 500 607 diocri
523 573 577 607 aut
599 583 711 619 parvae
733 582 896 618 personae.
919 570 967 605 Ne
994 582 1068 605 vero
1090 570 1157 605 cal-

317 600 346 612 ιιι

333 626 374 665 ⁵¹¹}—
402 621 504 656 liditas
525 629 556 656 et
570 621 653 656 fraus
668 620 784 655 diaboli
800 620 860 654 sub
874 620 980 667 specie
995 619 1155 666 religionis

356 677 375 717 ξ,
400 670 524 717 aliquos
553 683 628 706 snae
654 670 792 705 malitiae
813 670 926 716 laqueo
947 670 1060 716 capiat,
1083 681 1156 704 con-

360 757 374 765 ..
400 720 574 763 stituimus,
601 728 631 754 et
660 719 771 754 eodem
800 719 894 753 modo
921 718 1094 762 firmamus,
1123 726 1154 752 ut

402 769 507 804 nullus
540 770 768 816 cuiuscumque
794 767 910 814 gradus
936 768 1072 802 clericus
1099 779 1154 814 pro

401 818 561 854 Ecclesiae
595 818 749 853 beneficio
782 817 898 864 aliquid
935 816 1050 851 audeat
1076 829 1155 851 con-

401 867 493 912 ferre,
504 876 557 903 aut
569 868 701 902 fabricae
715 867 943 908 Ecclesiarum,
952 865 999 900 vel
1015 866 1154 900 donariis

400 917 626 961 Ecclesiarum,
649 929 703 952 seu
726 916 832 956 etiam,
856 915 939 962 quod
961 915 1154 962 pauperibus

401 967 439 1001 sit
467 966 683 1007 tribuendum,
706 965 794 1013 quia,
814 974 891 1000 teste
912 964 1152 1011 Scriptura,qui

400 1016 518 1062 aliquid
553 1016 634 1050 male
668 1015 793 1062 accipit,
821 1022 855 1048 ut
880 1013 968 1060 quasi
988 1013 1068 1048 bene
1094 1014 1155 1048 dis-

400 1073 523 1112 penset,
558 1065 664 1112 potius
696 1072 851 1110 gravatur,
884 1074 979 1109 quam
1014 1063 1150 1097 iuvatur.

399 1114 491 1156 Quod
514 1114 539 1149 si
562 1114 678 1161 aliquis
696 1113 876 1147 divinorum
900 1119 1151 1158 praeceptorum,

400 1173 431 1199 et
456 1163 632 1198 animarum
654 1162 764 1197 salutis
780 1162 957 1200 immemor,
981 1160 1152 1207 praefatum

400 1212 590 1247 beneficium
628 1211 792 1246 Ecclesiae
833 1210 940 1257 iniqua
980 1209 1152 1256 cupiditate

398 1261 512 1297 ductus
537 1261 672 1297 vendere
687 1261 734 1296 vel
749 1272 854 1295 emere
881 1259 1047 1294 temerario
1074 1271 1151 1293 ausu

400 1311 666 1358 praesumpserit;
704 1311 787 1345 sicut
825 1309 856 1343 in
898 1308 1151 1344 Chalcedonensi

400 1361 535 1395 concilio
567 1360 731 1394 delinitum
759 1367 817 1399 est,
845 1358 961 1405 gradus
986 1358 1034 1391 sni
1062 1359 1152 1404 peri-

399 1409 471 1444 culo
492 1421 564 1444 eum
587 1409 751 1444 subiacere
772 1407 992 1446 decernimus,
1017 1419 1075 1441 nec
1097 1407 1153 1440 mi-

399 1459 532 1493 nistrare
559 1459 658 1505 possit
684 1457 857 1501 Ecclesiae,
890 1469 984 1503 quam
1019 1457 1151 1502 pecunia

400 1508 539 1542 venalem
564 1508 630 1542 fieri
652 1506 849 1552 concupivit3
872 1513 902 1540 et
930 1506 1060 1551 insuper
1088 1513 1152 1539 ter-

400 1557 482 1591 ribili
508 1557 715 1592 anathematis
737 1567 887 1590 mucrone
907 1554 1065 1601 perfossus
1081 1554 1150 1597 (nisi

401 1606 579 1653 resipuerit)
606 1606 644 1640 ab
665 1604 805 1639 Ecclesia
833 1604 903 1643 Dei,
930 1616 1025 1650 qnam
1052 1603 1152 1643 laesit,

401 1656 503 1690 modis
530 1655 678 1690 omnibus
699 1653 911 1688 abscindatur.

454 1705 525 1740 Eoo
543 1704 743 1738 Arnxaxnssn
758 1703 854 1737 solius
868 1701 924 1736 Dei
941 1701 1153 1736 misericordia

401 1753 535 1788 Sanctae
554 1753 715 1787 Romanae
734 1760 764 1786 et
778 1751 978 1798 Apostolicae
997 1751 1153 1786 Ecclesiae

399 1803 543 1842 Praesul,
570 1811 599 1837 et
625 1801 780 1836 Lucensis
806 1801 996 1848 episcopus,
1029 1801 1060 1834 in
1095 1800 1153 1835 hoc

400 1851 529 1887 decreto
550 1851 588 1886 ad
611 1850 861 1886 confirmandum
884 1862 926 1884 ss.

711 1986 847 2022 xxxtl.

403 2060 532 2094 Decreta
558 2059 640 2094 circa
661 2060 856 2093 collationem
886 2059 1097 2103 beneficiorum
1123 2058 1155 2091 in

452 2110 580 2143 Luc-ensi
598 2109 750 2152 Ecclesia,
771 2115 798 2141 ec
818 2120 939 2142 sacrum
953 2108 1153 2141 nn'nz'stcritmz

450 2160 529 2192 inibi
549 2159 762 2203 peragendum
790 2161 803 2200 (
809 2160 821 2190 l
824 2161 851 2200 ).

671 2235 886 2266 smmi-tatuit

402 2299 569 2331 Exordium.
596 2318 637 2323 —
663 2301 766 2330 Contra
791 2301 991 2331 ordiiiationes
1019 2309 1071 2339 per
1100 2300 1158 2330 sal-

443 2346 519 2377 tum,
546 2345 575 2370 et
596 2350 696 2370 sacras
715 2340 898 2379 praebendas
928 2341 1090 2370 simoniace
1109 2349 1158 2369 ac-

443 2386 553 2419 ceptas.
580 2397 620 2402 —
647 2380 766 2410 Partitio
786 2380 1022 2419 praebendarum
1047 2381 1074 2408 in
1096 2380 1157 2409 Lu-

443 2420 527 2449 censi
549 2420 681 2449 Ecclesia
702 2420 787 2449 sacta.
815 2436 854 2442 —
885 2419 924 2448 De
940 2420 1053 2449 ratione
1073 2420 1102 2449 in
1122 2420 1158 2449 iis

444 2459 632 2488 conserendis
666 2460 820 2489 servanda.
843 2476 883 2481 —-
914 2459 953 2488 lta
984 2464 1096 2494 tamen,
1130 2464 1159 2488 nt

466 2498 572 2527 retium
601 2498 717 2528 nullum
745 2499 917 2528 intercedat.
936 2499 1080 2527 —Missa
1107 2507 1157 2527 so-

457 2538 570 2571 cmnis,
601 2538 662 2567 sive
685 2539 887 2568 conventualis
913 2547 978 2566 cnm
1009 2538 1158 2567 canonicis

447 2577 526 2606 horis
553 2577 585 2605 in
606 2578 706 2605 eadem
729 2578 854 2607 anensi
873 2577 1004 2607 Ecclesia
1029 2577 1160 2616 qualibet

443 2637 483 2672 (t)
501 2637 539 2663 Ex
560 2637 661 2672 L'ghell.
683 2637 732 2664 loc.
749 2638 794 2665 cit.

992 267 1092 290 BFUA
1098 267 1179 290 mm}
1208 267 1373 290 ROMANPM

1243 321 1288 351 die
1312 320 1487 351 celebranda
1510 321 1658 352 statuitur.
1683 339 1724 345 —-
1748 322 1786 353 De
1815 323 1951 363 pluribus

1241 361 1391 391 beneficiis
1409 370 1467 390 non
1486 362 1663 397 retinendis;
1680 379 1719 385 —
1736 363 1792 393 Sed
1812 364 1862 393 uni
1883 368 1949 393 tan-

1240 406 1300 431 tum
1333 401 1520 431 serviendum
1552 401 1710 432 Ecciesiae.
1745 420 1785 425 —
1815 403 1951 433 lnobscr—

1239 446 1320 471 vator
1348 441 1459 471 decreti
1492 442 1580 470 liuius
1613 441 1757 472 beneficio
1798 448 1826 472 et
1857 444 1950 481 gradu

1239 481 1377 519 privatur,
1411 497 1451 503 —
1482 481 1574 520 Atque
1605 481 1877 512 anathematizatur.
1911 499 1951 505 ·—

1237 521 1394 551 Alexandri
1410 520 1464 550 PP.
1484 521 1677 560 subscriptio.

1199 599 1330 629 Alexander
1352 600 1472 638 episcopus
1489 609 1567 630 servus
1583 609 1699 630 servornm
1715 600 1765 637 Dei,
1784 601 1894 632 Lucensis
1908 603 1949 632 Ec-

1236 644 1321 673 clesiae
1339 645 1456 674 canonicis
1478 655 1504 674 ac
1526 645 1580 674 filiis
1598 654 1639 684 per
1656 646 1734 675 onmia
1744 646 1846 683 dilectis,
1858 655 1949 676 eorum-

1236 697 1280 726 qne
1299 688 1479 726 successoribus,
1499 689 1521 718 in
1539 692 1684 728 perpetuum.

1245 763 1399 806 Quamvis
1425 764 1657 799 ecclesiasticae
1683 764 1847 812 disciplina
1874 777 1950 800 cen-

1196 825 1287 848 surae
1310 825 1366 860 pro
1388 813 1492 848 officio
1519 826 1533 848 a
1562 812 1629 848 Deo
1656 813 1748 849 nobis
1775 815 1947 850 commisso

1198 874 1254 896 nos
1287 863 1465 903 admoneat,
1499 862 1640 909 vigilanti
1679 876 1753 898 cura
1792 864 1949 900 universis

1197 911 1345 946 Ecclesiis
1368 920 1432 947 toto
1455 911 1530 947 orbe
1552 920 1703 947 terrarum
1726 913 1851 948 diffusis
1873 926 1948 961 pro-

1196 960 1317 1001 videre;
1330 961 1459 1007 speciali
1476 962 1579 996 tamen
1593 962 1810 1008 speculatione
1823 971 1949 999 nostrae

1195 1009 1329 1045 Lucensi
1352 1010 1512 1045 Ecclesiae
1535 1023 1590 1057 pro
1605 1023 1696 1057 posse
1719 1024 1776 1046 nos
1798 1012 1946 1059 opitulari

1195 1067 1330 1105 oportet,
1350 1059 1440 1093 cuius
1456 1060 1608 1106 regimen,
1623 1068 1790 1107 antequam
1807 1061 1844 1096 ad
1860 1062 1950 1109 Apo-

1194 1108 1321 1142 stolicae
1347 1107 1440 1143 Sedis
1475 1121 1582 1143 curam
1610 1121 1817 1154 vocaremur,
1843 1111 1948 1146 divina
1976 1113 1986 1122 ’

1194 1156 1286 1191 nobis
1323 1157 1471 1203 imposuit
1505 1157 1717 1193 Providentia.
1746 1159 1838 1194 Unde
1873 1155 1948 1195 cum

1194 1206 1342 1240 omnibus
1364 1206 1584 1253 simpliciliter,
1612 1207 1687 1242 huic
1714 1216 1818 1242 tamen
1846 1207 1948 1256 dupli-

1194 1254 1295 1289 ciliter
1332 1256 1460 1290 oculum
1487 1263 1612 1291 nostrae
1647 1257 1874 1304 speculationis
1896 1259 1950 1293 in-

1195 1303 1322 1338 tendere
1345 1313 1478 1351 oportet.
1495 1304 1573 1339 Nam
1589 1305 1660 1352 quia
1677 1306 1805 1341 inimico
1817 1306 1950 1342 humani

1193 1354 1318 1399 generis
1334 1353 1513 1398 insidiante,
1526 1363 1652 1389 sanctae
1665 1355 1774 1390 Matris
1788 1355 1950 1392 Ecclesiae

1194 1403 1387 1449 compositos
1420 1415 1534 1442 mores,
1561 1403 1600 1437 ab
1626 1404 1764 1450 antiquis
1798 1405 1949 1441 Patribus

1196 1451 1365 1492 institutos,
1403 1464 1495 1498 prava
1531 1453 1739 1500 quorumdam
1775 1455 1946 1495 temeritas,

1193 1512 1249 1534 seu
1281 1501 1386 1547 potius
1408 1501 1563 1548 cupiditas
1594 1502 1709 1536 violare
1738 1515 1800 1537 non
1824 1504 1948 1548 metuit,

1195 1549 1313 1584 idcirco
1355 1550 1513 1586 studiosos
1555 1551 1759 1598 solicitosque
1799 1553 1947 1588 convenit

1194 1610 1274 1638 essc,
1309 1607 1353 1640 nt,
1386 1612 1466 1646 quae
1501 1601 1581 1635 mala
1612 1601 1752 1647 quotidie
1780 1601 1948 1649 pullulant,

1195 1660 1346 1683 mucrone
1368 1648 1504 1683 iustitiae
1527 1657 1719 1684 resecentur.
1741 1650 1834 1690 Nam,
1856 1652 1952 1686 caris-

1195 1697 1266 1731 simi
1302 1698 1368 1741 filii,
1399 1707 1431 1732 nt
1458 1706 1559 1733 vestra
1586 1699 1666 1733 bene
1697 1700 1784 1734 novit
1809 1700 1948 1746 dilectio,

1196 1746 1228 1780 in
1250 1754 1355 1781 nostra
1378 1747 1548 1793 praelibata
1566 1748 1704 1783 Ecclesia
1725 1749 1861 1795 pessima
1876 1750 1951 1784 ino-

1197 1795 1312 1830 leverat
1338 1797 1547 1836 consuetudo,
1575 1806 1606 1831 ut
1634 1797 1772 1843 ordines,
1794 1806 1825 1833 et
1846 1810 1952 1834 cano-

1197 1845 1284 1879 nicae
1307 1845 1406 1891 ipsius
1428 1845 1588 1880 Ecclesiae
1605 1846 1650 1880 sic
1673 1848 1788 1893 passim
1811 1856 1842 1882 et
1863 1848 1953 1882 indi-

1197 1902 1297 1928 screte
1319 1894 1433 1940 cuique
1460 1894 1685 1935 tribuerentur,
1714 1905 1747 1930 ut
1772 1896 1824 1931 ille
1845 1909 1952 1932 sacer-

1197 1942 1311 1976 dotalis
1333 1943 1454 1977 ordinis
1486 1943 1578 1978 iniret
1610 1944 1772 1985 osticium,
1807 1946 1860 1992 qui
1891 1958 1951 1982 nec

1198 1991 1272 2025 dum
1295 1992 1388 2026 etiam
1421 1991 1569 2026 Hostiarii
1598 1993 1646 2028 vel
1678 1993 1820 2029 Lectoris
1851 1995 1953 2029 mini-

1198 2041 1326 2074 sterium
1362 2041 1562 2087 suscepisset.
1601 2042 1666 2076 Nec
1699 2043 1802 2077 stabili
1841 2043 1952 2080 ordine

1198 2090 1341 2123 sortitum
1375 2090 1485 2127 fuerat.
1508 2091 1578 2137 quis
1600 2092 1951 2128 missarum‘solemnia

1199 2138 1369 2181 celebrare,
1401 2139 1472 2186 quis
1494 2148 1637 2175 sanctum
1660 2141 1882 2186 Evangelium,
1904 2142 1952 2177 vel

1199 2188 1385 2233 Apostolum
1402 2189 1504 2234 legere
1516 2189 1686 2223 debuisset.
1704 2190 1951 2237 Indisciptinaiis

1200 2238 1292 2271 etiam
1327 2245 1357 2272 ct
1390 2238 1605 2273 saecularibus
1640 2239 1784 2280 clericis,
1822 2240 1884 2275 vita
1919 2248 1952 2275 ei,

1200 2287 1328 2320 scientia
1362 2286 1458 2332 longe
1491 2287 1529 2321 ab
1561 2287 1773 2323 ecclesiastica
1807 2288 1951 2324 doctrina

1200 2335 1363 2375 seiunctis,
1386 2336 1574 2380 praelibatae
1601 2336 1780 2372 Canonicae
1806 2338 1952 2373 confere-

1202 2384 1328 2425 bantur-3
1352 2396 1409 2419 nec
1433 2393 1536 2420 tamen
1559 2386 1678 2432 absque
1702 2386 1878 2421 interventu
1897 2399 1952 2433 pe-

1202 2433 1325 2473 cuniae,
1349 2434 1501 2468 vel‘etiam
1526 2436 1754 2481 praemiornm;
1774 2436 1826 2482 qui
1852 2436 1952 2483 ipsam

1201 2482 1375 2517 Ecclesiam
1404 2483 1508 2529 potins
1532 2483 1726 2530 perturbare.
1757 2496 1849 2530 quam
1874 2497 1953 2520 mo-

1203 2530 1289 2565 ribus
1328 2531 1513 2566 videbantur
1554 2545 1676 2566 ornare.
1716 2532 1804 2574 Quae
1846 2534 1952 2569 omnia

1203 2588 1356 2626 quantum
1391 2581 1460 2615 lieo
1491 2590 1520 2615 ct
1547 2582 1774 2615 ecclesiastica·
1809 2583 1952 2628 rellgioiei

1202 2630 1355 2664 contraria
1375 2637 1405 2664 ct
1421 2630 1546 2665 inimica
1566 2630 1710 2672 existant,
1730 2631 1852 2665 nullutn
1869 2634 1954 2678 igno-

1968 284 2016 311 Αι.
2035 284 2064 311 C.
2084 285 2149 310 lil'i'l

1995 799 2117 821 Exordium.

2000 1846 2077 1868 Conni
2104 1845 2160 1866 urdi-

1983 1880 1988 1894 ι
1997 1875 2080 1894 atioues
2115 1878 2152 1898 per

1976 1902 2059 1923 saltum.

1984 2468 2007 2488 Et
2020 2473 2092 2488 sacras
2101 2472 2163 2492 prac—

1974 2494 2054 2515 benitas
2064 2494 2109 2514 sinn
2117 2493 2163 2513 nic·

1975 2527 1999 2542 ee
2014 2523 2121 2546 acceptas.
