2180 3205
182 263 270 289 i.].il
291 261 355 289 1132

434 238 502 269 572

974 245 1061 268 unu.
1063 244 1161 267 §RIUM
1184 243 1262 267 ROM
1264 244 1348 267 &NUH

198 318 225 336 r,
228 318 260 335 ι
262 317 357 337 ias„-
382 312 416 337 ut
452 302 533 336 idem
567 301 674 344 locus,
709 299 738 334 in
766 312 828 346 quo
857 299 942 334 Beati
976 299 1132 335 Valeriani
1176 300 1309 335 actionis
1349 298 1534 354 percipiant,
1576 307 1606 334 et
1631 298 1714 348 apud
1749 298 1926 335 districtum

169 347 257 364 ctorum
265 343 358 365 Valeria-

170 377 191 390 ni
207 375 228 391 et
244 372 355 392 t¹11n¹beiti

170 398 212 417 libe
215 404 237 417 ra
253 398 280 417 ab
294 399 354 418 omni

170 425 287 449 ι-μιςςορείἰ
308 426 356 446 iure

169 454 302 472 (tt-ctaiatur.

195 1201 272 1222 abbat*
279 1207 289 1222 s
298 1208 309 1221 a
320 1208 352 1223 so-

168 1229 193 1248 lis
208 1230 322 1250 monachis
331 1235 351 1250 e·

167 1255 203 1280 ligi
220 1256 287 1276 iubet..

192 1599 287 1621 Solitum
307 1601 352 1621 Im-

166 1628 281 1648 munitatis
311 1629 350 1648 de-

165 1657 251 1675 cretum
267 1655 351 1675 statuit.

177 1942 291 1966 (ll-‘immae
300 1951 351 1967 con.

163 1973 245 1991 suetae.

383 352 525 398 martyis
552 359 581 384 et
611 349 718 384 Sancti
746 349 910 384 philiberti
943 349 1133 384 confessoris

381 413 512 446 corpora
537 400 755 446 requiescunt,
782 398 822 433 ab
846 399 931 433 omni
963 399 1034 445 iugo
1062 411 1132 433 sae-

381 449 496 483 cularis
547 448 709 495 potestatis
754 447 832 482 liber
871 448 902 482 in
943 456 1130 495 perpetuum

379 505 592 533 conservetur.
608 497 673 532 Nec
686 497 835 544 episcopo
850 497 937 531 liceat
955 498 1133 532 cuiuscum-

379 560 440 594 que
461 547 626 586 dioecesis,
654 546 802 581 eumdem
828 546 1131 581 excommunicatio-

380 597 442 635 nis,
477 596 698 637 absolutionis,
726 596 772 630 vel
800 595 969 630 cuiuslibet
991 595 1130 642 disposi-

380 646 473 680 tionis
485 645 704 680 occasionibus
720 644 917 692 perturbare:
941 654 993 680 aut
1007 657 1128 686 cruces,

377 708 432 729 scu
459 694 614 742 quaslibet
646 695 827 729 exactiones
855 707 951 729 novas
974 694 1075 741 burgo
1099 703 1129 729 et

377 746 510 779 caeteris
520 745 698 779 monasterii
712 743 964 791 possessionibus
977 744 1126 791 irrogare.

378 793 489 828 Missas
514 806 640 841 quoque
662 793 692 828 in
716 793 827 828 eodem
855 793 1045 828 monasterio
1069 806 1129 840 pu-

377 843 475 878 blicas
492 843 656 881 celebrari,
676 842 724 878 vel
746 842 896 877 stationes
918 842 956 876 ab
978 842 1127 889 episcopo

378 901 499 938 praeter
530 892 653 927 abbatis
687 892 735 926 vel
770 892 899 926 fratrum
935 891 1126 926 voluntatem

378 942 443 975 lieri
461 941 676 989 prohibemus.
700 941 864 975 Praeterea
884 952 938 986 pro
954 940 1126 975 reverentia

377 991 485 1025 heatae
511 991 627 1025 Mariae
654 990 761 1024 Matris
784 989 927 1033 Domini,
955 989 1047 1024 cuius
1069 1001 1127 1024 no-

377 1041 461 1074 mine
490 1041 576 1074 locus
597 1048 699 1074 vester
726 1039 897 1084 insignitus
924 1047 981 1077 est,
1010 1039 1040 1073 in
1058 1039 1126 1073 An-

376 1089 577 1124 nunciationc
599 1088 755 1123 dominica
779 1088 930 1135 hymnum
948 1088 1124 1134 angelicum

375 1139 455 1172 inter
481 1139 647 1173 missarum
676 1138 829 1172 solemnia
857 1137 959 1171 abbati
987 1138 1032 1171 vel
1065 1137 1126 1171 l'ra-

374 1188 474 1222 trihus
501 1188 710 1234 pronunciare
732 1186 947 1222 concedimus
979 1186 1126 1222 Obeunte

374 1246 476 1271 autem
504 1237 647 1271 eiusdem
685 1236 742 1271 loci
773 1236 904 1280 abbate,
941 1237 1046 1270 nullus
1083 1236 1124 1271 ibi

373 1286 512 1333 qualibet
533 1286 747 1333 subreptionis
769 1286 881 1320 astutia
901 1297 955 1320 seu
980 1285 1124 1320 violentia

375 1343 596 1382 praeponatur,
624 1336 683 1370 nisi
711 1347 805 1382 quem
834 1335 942 1369 fratres
965 1336 1124 1369 communi

373 1397 542 1423 consensu.
579 1385 624 1419 vel
654 1397 725 1431 pars
751 1385 872 1419 consilii
895 1385 1046 1424 sanioris⁷
1073 1396 1126 1419 se-

374 1434 514 1468 cundnm
537 1433 638 1468 Deum
663 1442 691 1468 et
723 1433 803 1468 beati
837 1433 1001 1468 Benedicti
1031 1446 1125 1480 regu-

374 1483 434 1517 lam
471 1484 663 1530 providerint
696 1483 893 1529 eligendum:
927 1482 973 1520 ab
994 1483 1127 1529 Aposto-

373 1531 451 1567 licae
489 1532 582 1567 Sedis
616 1533 785 1579 episcopo,
827 1533 872 1566 vel
906 1534 974 1566 eius
1006 1532 1123 1578 legato,

373 1582 635 1616 consecrandum.
662 1581 746 1615 Nulli
770 1593 845 1627 ergo
867 1581 1031 1615 hominum
1055 1594 1124 1615 om-

373 1632 449 1665 nino
472 1632 517 1665 fas
544 1631 599 1674 sit,
635 1630 906 1685 praenominatum
935 1631 1122 1665 coenobium

374 1680 730 1726 pertuiwbne,aute1us
754 1680 970 1726 possessiones
988 1679 1123 1721 auferre

372 1730 417 1764 vel
441 1730 559 1764 ablatas
586 1730 675 1764 mii·-
688 1742 732 1768 re
761 1729 914 1769 minucie
937 1737 990 1763 aut
1009 1729 1124 1784 aliqui-

372 1778 431 1813 bus
458 1779 678 1813 xexatiouibus
701 1779 847 1825 fatigat&
869 1778 925 1813 sed
948 1779 1051 1812 omnia
1075 1779 1124 1812 in-

373 1836 459 1873 tegra
483 1836 720 1868 conserxeiitiii·
743 1840 869 1871 eorum
898 1840 954 1874 pro
988 1840 1122 1874 quorum

371 1864 599 1923 gtibcrnatione
627 1889 775 1912 concessa
802 1885 892 1920 sunt,
921 1876 1030 1911 usibus
1053 1889 1124 1911 om-

373 1926 510 1960 nimodis
546 1926 721 1973 profutura.
754 1926 787 1960 Si
814 1938 874 1972 qua
904 1926 1050 1972 igituiziu
1075 1926 1124 1959 Γυ-

373 1984 476 2010 turum
500 1974 709 2011 ecclesiastica
735 1975 942 2010 saecularisve
978 1987 1123 2021 persona,

372 2025 451 2059 lianc
462 2034 586 2060 nostrae
600 2025 834 2060 constitutionis
849 2025 993 2071 paginam
1008 2025 1123 2068 sciens,

371 2082 479 2108 contra
502 2087 569 2108 cam
602 2075 708 2109 venire
741 2074 950 2120 temptaverit,
984 2074 1123 2108 secundo

372 2124 499 2158 tertiove
522 2124 732 2167 commonita,
766 2124 790 2157 si
819 2135 881 2157 non
911 2122 1123 2157 satisfactione

371 2185 511 2219 congrua
534 2173 759 2213 emendaxeiit
787 2174 950 2219 potestatis
977 2173 1124 2207 honoris-

371 2234 432 2268 que
457 2222 504 2256 sui
527 2222 678 2269 dignitate
702 2230 816 2266 car‚eat
843 2234 992 2268 reamque
1022 2234 1055 2256 se
1081 2222 1122 2255 di-

371 2272 444 2305 vino
478 2250 594 2306 iudicio
627 2271 760 2306 existere
793 2271 832 2305 de
860 2278 1035 2318 perpetrata
1064 2271 1123 2305 ini-

371 2321 486 2366 quit-ite
513 2328 698 2366 cognoscat
725 2329 754 2354 et
776 2333 792 2354 a
811 2320 1021 2354 sacratissimo
1043 2319 1124 2354 Cor-

373 2381 447 2415 pore
480 2382 515 2404 ae
543 2371 707 2415 Sanguine
742 2369 797 2403 Dei
832 2377 862 2403 et
898 2369 1022 2403 Domini
1056 2369 1123 2403 Re-

372 2418 544 2464 demptoris
570 2419 667 2453 nostri
689 2418 759 2453 Iesu
786 2417 903 2453 Christi
927 2417 1028 2452 aliena
1060 2418 1122 2457 liat,

371 2476 465 2513 atque
477 2468 506 2501 in
520 2475 659 2502 extremo
677 2468 822 2502 examine
835 2467 993 2502 districtae
1008 2467 1121 2501 ultioni

371 2516 542 2550 subiaceat.
564 2516 695 2551 Cunctis
715 2526 820 2551 autem
842 2516 944 2551 eidem
960 2516 1029 2550 loco
1044 2516 1122 2551 iusta

371 2565 570 2599 servantibus
606 2567 645 2599 sit
674 2578 731 2612 pax
766 2566 892 2600 Domini
928 2564 1025 2600 nostri
1052 2565 1123 2599 lesu

371 2611 501 2655 Christi,
527 2622 682 2662 quatenus
704 2623 733 2649 et
761 2614 812 2649 hic
846 2614 982 2650 fructum
1022 2613 1124 2649 bonae

1176 349 1317 384 Iudicem
1334 361 1469 396 praemia
1486 356 1630 384 aeternae
1652 362 1739 397 pacis
1755 350 1925 386 inveniant.

1176 399 1291 439 Amen,
1321 410 1433 441 amen⁷
1455 410 1558 433 amen.

1223 448 1294 482 Eoo
1322 447 1536 482 lxxocnnrms
1565 447 1737 483 catholicae
1762 448 1926 485 Ecclesiae

1173 497 1341 544 episcopus
1366 496 1552 543 subscripsi.

1220 546 1290 592 Ego
1321 546 1424 580 Lucas
1447 546 1611 594 presbyter
1640 545 1810 582 cardinalis
1843 548 1926 583 tituli

1173 595 1360 630 Sanctorum
1380 595 1529 630 Iohannis
1547 603 1578 630 et
1595 595 1682 630 Pauli
1704 595 1891 644 subscripsi.

1220 645 1289 692 Ego
1304 645 1469 680 Romanus
1489 645 1642 680 diaconus
1662 645 1832 681 cardinalis
1849 647 1926 682 San-

1171 703 1238 729 ctae
1261 695 1376 729 Mariae
1402 695 1431 728 in
1458 694 1587 729 Porticu
1613 693 1798 742 subscripsi.

1218 744 1287 790 Ego
1305 743 1477 790 Gregorius
1494 744 1647 779 diaconus
1662 744 1829 780 cardinalis
1847 744 1925 781 San-

1169 801 1291 828 ctorum
1315 793 1416 839 Sergii
1440 800 1470 827 et
1490 793 1606 828 Bacchi
1634 793 1820 841 subscripsi.

1218 842 1287 889 Ego
1313 842 1389 877 Otto
1423 842 1576 877 diaconus
1611 843 1779 878 cardinalis
1813 843 1922 879 Sancti

1170 890 1298 937 Georgii
1325 892 1508 938 subscripsi.

1218 940 1286 986 Ego
1308 940 1412 976 Guido
1434 941 1586 975 diaconus
1604 941 1772 977 cardinalis
1793 942 1922 978 Sancto-

1170 1002 1238 1024 rum
1262 990 1396 1025 Cosmae
1422 998 1452 1025 et
1478 989 1622 1025 Damiaui
1649 991 1832 1038 subscripsi.

1217 1039 1332 1073 Datum
1348 1039 1521 1079 Valentiae
1545 1052 1600 1086 per
1616 1052 1744 1075 manum
1761 1041 1920 1089 Aymerici

1168 1097 1292 1123 sanctae
1318 1088 1480 1123 Romanae
1503 1089 1663 1124 Ecclesiae
1685 1089 1808 1125 diaconi
1842 1103 1920 1126 car-

1169 1137 1283 1173 dinalis
1301 1145 1331 1172 et
1346 1138 1534 1179 cancellarii,
1550 1150 1619 1173 xvn
1635 1139 1786 1174 kalendas
1799 1140 1920 1187 aprilis,

1169 1187 1339 1223 indictione
1360 1200 1388 1227 s,
1409 1188 1633 1222 incarnationis
1648 1188 1824 1224 dominicae
1837 1202 1921 1225 anno

1167 1249 1311 1276 mcxxxii,
1324 1237 1524 1284 pontificatus
1539 1249 1610 1272 vero
1625 1237 1732 1272 domni
1743 1238 1920 1275 Innocentii

1167 1286 1270 1333 Papae
1294 1286 1320 1320 ll
1347 1298 1430 1320 anno
1457 1299 1506 1321 nx.

1224 1343 1285 1372 Dat.
1305 1343 1351 1373 die
1372 1344 1408 1373 16
1427 1343 1523 1373 martii
1542 1353 1618 1373 anno
1637 1343 1753 1382 Domini
1773 1345 1859 1383 1132,

1411 1387 1513 1427 pontis.
1536 1397 1614 1418 anno
1632 1396 1672 1418 111.

1516 1534 1571 1569 tx.

1167 1612 1367 1656 Confirmatio
1380 1619 1507 1644 veterum
1521 1611 1753 1655 privilegiorum
1762 1612 1912 1649 omnium,

1215 1663 1402 1705 :matranensi
1418 1661 1579 1696 Ecclesiae.
1593 1661 1714 1703 eiusque
1730 1660 1919 1702 patriarchis

1214 1723 1232 1743 a
1248 1711 1383 1743 Summis
1407 1710 1555 1743 Romanis
1576 1710 1775 1754 Pontificibus
1793 1721 1919 1743 conces-

1213 1771 1318 1793 sorum
1340 1762 1397 1803 (l).

1436 1832 1649 1863 SUMMARlUM

1166 1900 1352 1930 Prooemium.
1374 1916 1413 1922 ——
1435 1898 1622 1928 patriarchae
1636 1898 1803 1937 Aquileicn.
1825 1898 1917 1928 iuris-

1204 1945 1292 1974 dictio
1324 1945 1352 1974 in
1383 1943 1529 1973 sexdecim
1549 1943 1746 1982 episcopatus.
1776 1960 1814 1963 —
1833 1941 1918 1971 Pallii

1205 1998 1277 2018 usus
1300 1993 1328 2018 et
1346 1988 1443 2018 crucis
1471 1987 1576 2017 delatio
1596 1992 1662 2016 ante
1685 1996 1717 2016 se
1740 1986 1920 2016 confirman-

1207 2037 1268 2070 tur3
1293 2049 1332 2054 —
1354 2031 1424 2062 ltem
1447 2036 1475 2061 et
1497 2031 1572 2061 bona
1597 2031 1693 2061 omnia
1721 2031 1756 2061 ad
1780 2030 1915 2060 eamdem

1202 2077 1364 2107 Ecclesiam
1384 2076 1544 2115 spectantia
1565 2076 1788 2105 confirmantur.
1809 2091 1849 2096 —
1862 2073 1918 2103 Dc-

1204 2126 1315 2151 cretum
1336 2121 1531 2150 immunitatis
1549 2120 1584 2150 ab
1607 2121 1686 2149 omni
1710 2124 1825 2148 externa
1850 2128 1915 2148 mo-

1204 2165 1394 2203 lestia3—Et
1412 2164 1645 2194 confirmationis
1665 2163 1806 2202 privilegii
1827 2163 1916 2191 huius

1204 2211 1258 2240 sub
1282 2211 1377 2240 solitis
1400 2209 1555 2239 clausulis.
1576 2225 1616 2230 —
1633 2207 1795 2237 Innocentii
1818 2206 1872 2236 Pr.
1891 2209 1920 2235 et

1206 2255 1233 2285 S.
1258 2255 1289 2284 tt.
1312 2254 1341 2284 E.
1365 2254 1443 2284 card.
1464 2253 1707 2292 subscriptiones.

1164 2322 1312 2351 Innocentius
1333 2321 1452 2360 episcopus
1473 2328 1551 2348 servus
1572 2327 1689 2348 servorum
1713 2317 1766 2354 Dei,
1789 2315 1917 2346 venerabili

1162 2359 1168 2366 ’
1205 2365 1267 2394 fratri
1301 2364 1429 2403 Peregrina
1458 2363 1600 2401 Aquileiensi
1632 2361 1789 2401 patriarchae.
1822 2361 1916 2398 eiusque

1203 2408 1374 2439 successoribus
1391 2407 1502 2437 canonice
1521 2406 1696 2444 substituendis,
1723 2406 1746 2435 in
1765 2408 1913 2444 perpetuum.

1213 2471 1336 2506 Domus
1358 2469 1485 2504 Domini
1515 2470 1646 2512 decora,
1680 2466 1915 2502 circumamicta

1167 2521 1326 2562 varietate,
1348 2519 1513 2554 columnas
1525 2518 1629 2558 haber,
1647 2516 1722 2551 alias
1745 2516 1775 2549 in
1791 2527 1918 2550 summo

1201 2585 1240 2620 (t)
1257 2585 1296 2611 Ex
1316 2583 1432 2619 Ughell„
1453 2582 1510 2609 Ital.
1523 2583 1595 2613 Sac„
1612 2584 1676 2608 tom.
1689 2588 1718 2614 v,
1730 2580 1773 2607 ubi
1787 2579 1820 2607 de
1830 2580 1920 2607 Histo-

1166 2625 1203 2652 ria
1219 2623 1403 2660 patriarchalis
1419 2623 1497 2650 huius
1513 2621 1654 2648 Ecclesiae.

1951 257 2001 285 An.
2021 258 2048 287 C.
2069 259 2134 288 ¹132

1964 466 2085 489 tnnncemii
2096 470 2135 491 ΡΡ.

1949 496 1970 515 εἰ
1978 495 1999 515 5.
2011 496 2027 516 R
2045 497 2060 517 E
2076 497 2136 518 card.

1950 522 2131 549 subscriptiones.

1951 2491 2097 2513 Prooem‘um.
