2180 3205
198 256 249 283 An.
267 256 294 284 C.
316 259 382 287 1¹69

217 1008 387 1029 Consuetudines

207 1046 288 1066 quoque
315 1044 388 1059 onmes

208 1073 314 1092 tim-{mian
330 1071 390 1090 huius

207 1107 263 1123 ratas
278 1102 348 1121 bal-et.

224 1462 264 1481 nm
279 1464 334 1480 otum
352 1461 393 1480 im-

211 1526 265 1543 nrt-ui
289 1523 391 1543 molestia.

228 1960 307 1979 §alitae
317 1957 398 1977 clausu-

217 1993 249 2012 lur*
263 1990 371 2018 poen-iles.

447 250 515 283 714

394 314 538 349 districtu
573 309 758 347 hominum,
793 307 823 340 in
857 303 1076 342 vallefenaria,
1110 302 1140 336 in

394 363 568 409 vallepeto,
590 361 619 394 in
642 358 808 401 Suberico,
830 363 860 390 et
882 356 911 389 iu
931 352 1091 392 curaldia,
1113 359 1143 386 et

394 413 552 454 Montoso‚
586 417 616 444 et
642 408 766 446 omnia,
799 417 880 452 quae
913 404 993 438 iuste
1021 401 1142 436 habetis

396 462 427 496 in
455 460 548 496 cultis
582 466 612 493 et
646 457 785 499 incultis,
822 455 853 489 in
880 453 999 494 herbis,
1034 451 1142 499 pratis,

396 511 492 550 silvis,
515 508 707 546 nemoribus,
731 506 761 540 in
784 513 881 544 terra,
904 503 1011 541 vinea,
1039 500 1144 535 Valle-

397 561 489 599 bella,
515 559 618 593 Orista
640 557 770 595 Maiore,
793 553 971 601 Crispizen,
993 551 1069 586 etin
1086 550 1145 584 Ec-

397 610 571 657 elopheno.
605 616 635 642 et
666 606 772 641 omnia
805 615 884 651 quae
918 601 1040 636 habetis
1066 601 1143 634 ultra

397 660 555 694 Tanarum
576 658 604 691 iu
626 665 732 691 monte
758 652 912 692 prevello,
932 653 964 686 in
984 651 1144 688 Lauretto,

398 709 482 743 Saxo
503 706 654 747 Canulro,
682 705 821 743 Calocio,
848 702 980 748 Aglano,
1002 699 1144 737 Mer-edo,

398 758 588 794 Corticellis,
623 755 794 802 Spalvaria,
829 761 860 786 et
891 753 921 786 in
945 750 1085 785 Ilm-heta
1108 749 1146 782 tle

398 808 515 847 Ple-xm
549 805 704 854 quidquid
738 802 859 839 habetis
893 802 923 835 iu
959 806 1145 834 testamento

399 858 530 904 fugari,
561 864 591 890 et
614 855 720 890 uxoris
751 854 819 888 eius
841 850 987 886 Genevae
1010 849 1039 883 in
1071 847 1147 882 valle

399 907 538 949 Cimina,
566 913 671 939 monte
694 903 827 941 Morino,
849 900 1006 938 Paderno,
1029 907 1059 933 et
1075 897 1149 932 Pre-

400 958 492 996 daha,
514 963 545 991 et
566 955 730 990 ecclesiam
758 952 791 987 S.
818 950 947 985 Adriani
970 961 1043 983 cum
1077 960 1148 994 per-

403 1007 543 1041 tinentiis
565 1005 643 1040 suis.
677 1003 843 1038 Praeterea
875 1011 984 1034 omues
1012 998 1149 1031 rationa-

403 1057 480 1091 biles
501 1064 532 1090 et
553 1055 699 1101 antiquas
723 1050 968 1087 consuetudines
991 1047 1150 1082 Ecclesiae

404 1115 534 1147 restrae,
561 1116 642 1151 quae
670 1103 700 1136 in
728 1100 889 1148 obsequiis
914 1098 1148 1140 defunctorum,

403 1165 432 1190 et
455 1156 624 1190 missarum
647 1150 926 1195 celebrationibus,⁴
954 1156 1048 1194 atque
1070 1146 1150 1180 (livi-

404 1205 548 1240 sionibus
570 1203 782 1245 oblationum,
810 1208 871 1234 tam
895 1197 974 1232 infra
995 1197 1149 1231 civitatem

405 1268 496 1303 quam
525 1263 609 1288 extra
637 1264 692 1299 per
727 1259 826 1285 totum
849 1249 1066 1296 episcopatum
1096 1246 1151 1279 ha-

405 1313 517 1339 ctenus
545 1302 690 1337 babuisse
717 1299 898 1338 noscimini;
935 1297 1153 1344 processiones

405 1366 532 1402 quoque
553 1352 646 1387 certis
669 1349 866 1397 temporibus
888 1347 1055 1385 institutas,
1080 1357 1151 1380 cum

406 1405 472 1439 suis
494 1402 684 1449 receptibus,
714 1400 801 1434 vobis
823 1398 997 1443 vestrisque
1025 1387 1175 1451 succes-J

970 250 1069 273 mmm
1075 249 1106 271 Rl
1114 247 1158 270 ΓΜ
1185 246 1297 269 ROMAN
1303 245 1347 268 [m

1183 300 1282 334 bonae
1304 298 1434 333 aetionis
1457 299 1647 345 percipiant,
1669 308 1699 334 et
1720 300 1804 347 apud
1827 300 1929 335 distri-

1183 357 1268 383 ctum
1291 348 1430 383 ludieem
1453 349 1590 395 praemia
1603 356 1748 384 aeternae
1766 352 1808 394 (l)
1846 352 1931 385 inve-

1183 399 1280 434 niant.
1311 398 1424 432 Amen.

1232 449 1304 483 Eoo
1327 448 1530 482 Araxis-nm<
1565 447 1737 483 catholicae
1771 448 1929 484 Ecclesiae

1184 498 1354 546 episcopus
1376 497 1481 532 subsc.

1232 548 1302 592 Ego
1328 546 1471 581 Ubaldus
1492 546 1648 582 Ostiensis
1674 548 1771 594 episc.
1794 560 1837 583 ss.

1234 598 1302 644 Ego
1325 597 1506 632 Bernardus
1531 597 1717 633 portuensis
1743 607 1773 633 et
1798 598 1933 633 Sanctae

1186 648 1319 682 Ruliuae
1341 647 1507 693 episcopus
1528 659 1568 681 ss.

1234 697 1302 744 Ego
1330 697 1478 731 Albertus
1503 696 1605 744 presb.
1629 696 1714 731 eard.
1751 697 1796 731 tit.
1825 696 1933 732 Sancti

1186 747 1345 782 Laurentii
1369 747 1399 780 in
1428 746 1547 781 Lucina
1569 759 1611 781 ss.

1236 797 1304 842 Ego
1327 796 1410 847 Boso
1434 796 1537 843 presb.
1561 797 1645 831 card.
1669 795 1702 830 S.
1722 795 1936 831 Pudentianae

1188 848 1235 881 tit.
1261 847 1396 881 Pastoris
1417 858 1458 880 ss.

1238 897 1302 943 Ego
1324 895 1466 930 Ubaldus
1490 896 1592 942 presb.
1616 895 1700 930 card.
1725 896 1770 930 tit.
1801 895 1937 930 Sanctae

1189 946 1302 981 Crucis
1324 947 1354 980 in
1376 945 1574 980 Hierusalem
1598 958 1640 980 ss.

1238 998 1304 1044 Ego
1319 996 1452 1031 Ioannes
1466 994 1516 1030 Ss.
1530 995 1656 1030 loannis
1673 1004 1703 1030 et
1723 995 1812 1030 Pauli
1832 994 1936 1043 presb.

1191 1047 1275 1083 card.
1299 1047 1343 1081 tit.
1372 1045 1568 1079 Pammacliii
1591 1058 1633 1080 ss.

1238 1097 1307 1144 Ego
1330 1096 1468 1131 lacintus
1489 1094 1569 1129 diac.
1591 1094 1676 1129 card.
1698 1094 1732 1130 S.
1763 1095 1879 1130 Mariae
1906 1094 1937 1128 in

1191 1146 1364 1183 Cosmedin
1387 1157 1428 1179 ss.

1240 1197 1307 1243 Ego
1322 1195 1449 1231 Ardicio
1471 1193 1623 1229 ‹liaconus
1644 1194 1812 1230 cardinalis
1830 1193 1938 1229 Sancti

1191 1247 1349 1282 Theodori
1376 1257 1419 1280 ss.

1241 1296 1308 1343 Ego
1345 1294 1472 1330 Cintius
1510 1293 1663 1329 diaconus
1702 1292 1871 1330 cardinalis
1905 1292 1940 1327 S.

1194 1346 1321 1382 Adriani
1349 1359 1391 1381 ss.

1243 1396 1311 1443 Ego
1346 1396 1415 1442 Ugo
1449 1395 1602 1429 diaconus
1635 1393 1802 1428 cardinalis
1835 1391 1943 1427 Sancti

407 1454 532 1488 soribus
557 1452 793 1487 confirmamus.
826 1447 1034 1483 Decernimus
1056 1457 1153 1491 crgo,
1195 1446 1356 1482 Eustachii
1383 1459 1425 1481 ss.

409 1513 441 1537 ut
467 1503 542 1537 nulli
567 1502 698 1536 omnino
731 1499 895 1534 hominum
928 1497 1028 1533 liceat,
1064 1507 1155 1542 prae—

1244 1496 1311 1542 Ego
1328 1496 1440 1530 Petrus
1459 1495 1612 1530 diaconus
1626 1493 1795 1529 cardinalis
1810 1492 1945 1527 Sanctae

409 1554 501 1588 satam
537 1551 711 1586 Ecclesiam
734 1557 852 1583 temere
874 1545 1066 1594 perturbare,
1101 1551 1155 1578 aut
1195 1546 1312 1581 Mariae
1335 1546 1365 1580 in
1387 1545 1510 1593 Aquim
1532 1557 1574 1579 ss,

408 1604 477 1638 eius
498 1602 714 1649 possessiones
735 1598 871 1637 auferre,
895 1596 941 1631 vel
964 1594 1082 1630 ablatas
1105 1606 1157 1627 re-

410 1654 520 1692 tinere,
549 1652 713 1694 minuere,
748 1661 805 1683 seu
837 1645 1032 1694 quibuslibet
1066 1656 1157 1678 rexa-

411 1702 549 1737 tionibus
571 1701 715 1747 fatigare3
738 1698 791 1732 sed
815 1696 918 1732 omnia
944 1696 1062 1740 integra
1086 1706 1158 1728 eou-

411 1759 585 1795 seiwentur,
618 1761 739 1792 eornm,
765 1760 821 1794 pro
847 1757 982 1793 quorum
1005 1743 1158 1790 guberna-

413 1803 497 1837 tione
530 1809 561 1836 et
592 1799 844 1835 substentatione
878 1807 1027 1830 concessa
1065 1800 1157 1833 sunt,

413 1852 524 1887 usibus
544 1848 738 1885 omnimodis
760 1846 935 1893 profutura:
959 1844 1042 1879 salva
1068 1843 1157 1890 Apo-

413 1902 540 1936 stolicae
563 1899 655 1935 Sedis
681 1899 876 1936 auctoritate,
898 1903 927 1930 et
949 1894 1088 1942 episcopi
1108 1905 1160 1928 ve-

413 1952 468 1986 stri
495 1949 645 1985 canonica
678 1947 808 1983 iustitia.
843 1945 878 1980 Si
906 1956 967 1992 qua
1000 1944 1096 1990 igitur
1128 1943 1159 1977 in

416 2002 552 2035 futurum
569 1997 779 2034 ecclesiastica
795 1994 1003 2031 saecularisve
1015 2005 1160 2040 persona,

416 2052 496 2085 hanc
512 2057 634 2084 nostrae
646 2044 878 2083 constitutionis
889 2044 1034 2091 pagiuam
1045 2043 1161 2086 sciens,

416 2108 523 2135 contra
543 2111 609 2133 eam
629 2106 749 2133 temere
768 2095 873 2131 venire
895 2092 1102 2140 temptaverit,
1117 2104 1163 2127 se·

416 2150 521 2185 cnudo
550 2149 679 2183 tertiove
713 2144 922 2184 commonita,
948 2143 1007 2177 nisi
1042 2150 1161 2177 reatum

417 2212 510 2235 suum
549 2209 688 2244 congrua
722 2195 934 2231 satisfactione
973 2191 1162 2235 correxerit,

419 2249 581 2296 potestatis
603 2246 796 2293 honorisque
817 2245 866 2279 sui
885 2243 1034 2289 dignitate
1049 2248 1163 2284 careat7

420 2311 568 2345 reamque
595 2310 629 2332 se
655 2297 762 2330 divino
784 2294 900 2329 iudicio
922 2294 960 2326 ‹le
989 2299 1162 2339 perpetrata

421 2349 584 2395 iniquitate
619 2353 803 2392 cognoseat,
837 2351 866 2378 et
900 2359 916 2377 a
953 2341 1164 2376 sacratissimo

421 2398 563 2444 Corpore
585 2405 615 2431 et
636 2395 799 2442 Sanguine
821 2393 877 2427 Dei
901 2400 930 2426 et
956 2391 1082 2425 Domini
1106 2390 1165 2424 Re-

423 2447 595 2494 demptoris
623 2446 718 2480 nostri
741 2444 809 2478 lesu
837 2442 954 2477 Christi
977 2441 1074 2475 aliena
1098 2440 1165 2483 fiat⁷

423 2505 516 2542 atque
539 2497 567 2530 in
591 2504 730 2530 extremo
757 2492 901 2528 examine
932 2490 1090 2525 districtae
1117 2489 1167 2523 ul-

425 2547 500 2580 tioni
520 2545 692 2585 subiaceat3
715 2543 838 2578 cunctis
851 2549 955 2577 autem
979 2539 1080 2574 eidem
1098 2539 1166 2573 loco

426 2608 479 2630 sua
503 2597 568 2629 iura
591 2593 787 2629 servantibus
810 2593 849 2626 sit
876 2603 933 2637 pax
956 2589 1083 2624 Domini
1111 2600 1168 2623 no.-

1246 1596 1360 1630 Datum
1384 1595 1555 1630 Beneventi
1582 1606 1636 1640 per
1657 1604 1785 1627 manum
1812 1590 1944 1626 Gerardi

1197 1646 1230 1681 S.
1254 1645 1291 1679 R.
1315 1645 1350 1679 E.
1376 1645 1500 1689 notarii,
1523 1643 1654 1678 vmkal.
1677 1642 1818 1688 augusti,
1837 1641 1945 1675 indict.

1198 1709 1234 1739 u7
1258 1695 1482 1729 incarnationis
1509 1694 1687 1728 dominicae
1706 1704 1788 1726 anuo
1805 1702 1946 1730 mcexix,

1200 1746 1400 1793 pontificatus
1416 1757 1487 1779 vero
1502 1742 1670 1778 Alexandri
1686 1741 1748 1776 PP.
1762 1741 1802 1775 Ill
1818 1753 1901 1774 aurio
1916 1752 1945 1773 x.

1268 1803 1329 1832 Dat.
1348 1803 1394 1832 die
1417 1802 1456 1831 ⁹25
1478 1801 1540 1831 iulii
1561 1810 1638 1831 anno
1655 1799 1771 1829 Domini
1798 1797 1881 1831 1159,

1451 1846 1553 1886 pontis.
1572 1855 1648 1875 anno
1666 1854 1692 1874 x.

1504 1965 1649 2001 xxxiv.

1205 2042 1403 2088 Confirnmlio
1429 2041 1600 2082 bonorum,
1633 2050 1669 2072 ac
1703 2038 1852 2071 concessio
1878 2049 1951 2070 non-

1251 2094 1409 2125 nullorum
1434 2090 1688 2134 prim'leyiorum,
1721 2095 1811 2132 alque
1844 2089 1953 2119 inunu-

1252 2143 1382 2175 nilalum
1405 2141 1587 2173 monasterio
1620 2139 1801 2171 monialium
1830 2138 1864 2170 S.
1894 2136 1952 2169 Fa-

1252 2192 1338 2225 biani
1357 2192 1393 2224 de
1414 2190 1571 2227 Farr'nate,
1603 2200 1638 2221 ac
1668 2189 1703 2221 S.
1736 2187 1886 2220 Dauu'ani
1915 2187 1952 2218 de

1253 2241 1397 2275 Donaria
1419 2240 1555 2273 Laudem
1577 2239 1718 2271 dioecesis
1736 2239 1791 2278 12).

1468 2307 1683 2339 SUMMARIUM

1207 2375 1371 2404 Exordium.
1404 2390 1445 2395 —
1468 2371 1615 2401 Ecclesias
1649 2370 1735 2399 hasce
1767 2368 1822 2398 sub
1852 2371 1952 2407 prote-

1245 2419 1340 2448 ctione
1360 2417 1443 2448 Sedis
1475 2416 1657 2456 Apostolicae
1686 2413 1791 2453 recipit
1812 2412 1954 2449 Pontil'ex3

1243 2481 1283 2486 —
1296 2463 1518 2492 Staiutoannno
1536 2469 1628 2491 censu
1646 2460 1741 2489 eidem
1761 2457 1952 2497 persolvendo

1247 2509 1283 2538 ab
1306 2508 1480 2543 abbatissis3
1501 2523 1539 2528 —-
1560 2505 1636 2534 Bona
1660 2504 1757 2534 omnia
1780 2503 1823 2532 eis
1846 2502 1954 2531 confir-

1243 2570 1281 2604 (t)
1298 2571 1417 2597 Forsitan
1434 2569 1547 2596 addend.
1567 2571 1647 2600 pacis.
1670 2567 1708 2602 (n.
1723 2566 1763 2602 τ.)
1800 2565 1839 2601 (2)
1854 2565 1892 2591 Ex
1909 2571 1953 2591 ar-

1185 2618 1190 2629 ·
1208 2611 1276 2638 ctnv.
1299 2611 1412 2637 cauieur.
1433 2610 1500 2636 Eect.
1524 2608 1638 2635 utinen.
1656 2606 1738 2633 edidit
1754 2605 1866 2641 Ughett„
1885 2604 1952 2637 nat,

426 2647 478 2679 stri
502 2645 568 2679 lesu
590 2644 717 2679 <it-..isin
739 2650 894 2690 quatenus
917 2649 948 2677 et
968 2640 1016 2673 liic
1032 2640 1166 2673 trucum
1186 2631 1190 2677 l
1210 2656 1271 2678 tom.
1289 2659 1327 2683 ιιι,
1345 2651 1388 2677 uni
1405 2652 1437 2676 (ω
1455 2650 1500 2675 ha«-
1516 2648 1635 2676 ‘Ec-stema.

1944 233 1995 260 An.
2012 231 2042 258 C.
2058 230 2125 258 ¹¹69

1959 445 2072 466 Alexandri
2087 441 2122 464 PP-

1945 545 1967 563 et
1980 541 2001 562 S.
2024 540 2047 561 R.
2071 539 2128 561 sserr.

1967 573 2105 595 cardinalium

1947 605 2124 631 subscriptiones.
