2180 3205
955 210 1145 235 nummum!
1172 210 1338 233 ROMANUM

1201 264 1268 309 Ego
1295 263 1447 298 Martinus
1467 264 1571 309 presb.
1596 264 1681 300 card.
1704 264 1749 300 tit.
1765 264 1800 301 S.
1825 262 1903 302 Ste-

1153 313 1247 360 phani
1271 312 1301 347 in
1329 312 1440 347 Coelio
1461 312 1585 348 Monte.

142 212 192 237 Aa.
212 210 230 236 c
260 208 326 236 ¹133
409 203 479 237 578

162 272 248 293 tannen.
260 269 329 290 archi-

270 303 282 316 a
299 302 331 316 ⁵0-
360 280 419 314 pus
441 279 478 301 eo
510 265 638 305 ordine,
675 276 738 312 quo
761 272 790 299 et
815 263 969 303 Pisanus,
1003 277 1019 300 a
1041 265 1108 300 solo

143 304 331 348 iti'noixiisf’om·
357 316 502 350 Romano
524 314 678 349 pontifice
700 322 936 348 consecrentur.
963 313 1056 356 Quod
1082 314 1106 348 si

1921 199 1970 226 Αἠ.
1992 199 2103 229 &1133

153 355 276 378 «rependens
305 353 324 370 st

144 378 308 399 consecrandus.

169 958 242 979 Ezdem
271 958 327 979 cotti*

142 986 231 1005 mittitur
240 985 327 1006 abbatia

143 1012 169 1032 du
185 1012 245 1037 Tyro.

170 1143 250 1165 Sotttae
267 1144 328 1165 clau-

144 1171 209 1191 sulae⁴

163 1991 280 2012 innocentii
287 1991 327 2016 ΡΡ.

143 2020 164 2039 et
172 2017 193 2038 S.
203 2018 226 2038 R.
237 2018 260 2038 Ε.
268 2019 326 2039 card.

143 2045 318 2071 subscriptiones.

357 365 434 399 sorte
461 363 596 398 Pisanus
618 362 875 409 archiepiscopus
896 375 913 397 a
939 364 1005 397 suis
1034 362 1107 397 suf-

356 413 511 459 fraganeis
547 411 639 446 suerit
678 419 901 451 consecratus,
942 411 1106 446 lanuensis

354 473 481 509 quoque
506 474 523 496 a
549 461 614 495 suis
637 460 843 495 nihilominus
864 460 1011 495 similiter
1028 473 1106 495 cou-

354 519 506 546 secretur.
546 509 668 544 Deinde
703 522 775 544 vero
813 509 891 544 iufra
929 509 1104 544 Ecclesiam

355 559 535 604 praeferens
570 562 615 602 (Ι)
652 558 798 594 videlicet
831 558 962 602 diebus,
997 558 1104 593 Coena

353 608 482 643 Domini
517 616 547 642 et
580 607 714 648 Pascha,
741 608 936 642 Ascensione
962 607 1103 649 Domini,

354 657 553 700 Pentecoste,
568 656 598 691 in
615 656 779 691 festivitate
793 658 1004 703 apostolorum
1020 656 1102 691 Petri

353 715 383 741 et
398 706 500 749 Pauli,
524 705 559 741 S.
576 705 750 746 Laurentii,
767 706 868 740 tribus
884 706 1104 740 festivitatibus

352 754 388 790 S.
419 755 548 798 Mariae,
574 755 674 789 Natali
698 755 839 796 Domini,
861 754 1051 801 Epiphania,
1074 763 1103 789 et

354 804 384 838 in
409 805 460 839 die
481 805 684 839 anniversarii
707 804 1054 849 consecrationisjuae,
1072 803 1101 837 in

352 853 644 888 consecrationibus
685 865 812 899 quoque
856 853 1102 899 episcoporum,

354 902 550 937 basilicarum
573 910 603 936 et
624 901 876 936 ordinationibus
899 901 1100 935 clericorum:

353 951 510 986 abbatiam
533 963 660 998 quoque
682 951 720 985 tle
741 950 824 997 Tyro
846 950 882 983 atl
910 950 1103 984 melioratio-

353 1013 425 1035 nem
461 1000 560 1044 (salra
587 1008 713 1034 sanctae
747 999 909 1033 Romanae
942 997 1102 1033 Ecclesiae

353 1050 547 1097 proprietate
568 1061 604 1084 ac
625 1052 799 1092 consensu)
822 1047 893 1091 tibi,
914 1047 1102 1082 venerabilis

355 1099 452 1133 frater
478 1098 716 1144 archiepiscope
747 1097 838 1144 Syre,
864 1097 1100 1131 committimus.

351 1146 385 1182 Si
423 1159 484 1194 qua
518 1147 612 1193 igitur
650 1147 682 1180 in
720 1146 859 1181 futurum
892 1145 1102 1180 ecclesiastica

351 1197 561 1231 saecularisve
585 1208 737 1243 persona,
769 1195 850 1229 hanc
874 1202 997 1229 nostrae
1022 1206 1102 1229 con-

353 1245 528 1281 stitutionis
562 1245 708 1292 paginam
743 1244 863 1288 sciens,
899 1251 1006 1278 contra
1033 1255 1100 1279 earn

353 1302 471 1330 temere
486 1295 591 1329 venire
614 1293 789 1337 tentaverit,
810 1293 951 1328 secundo
973 1293 1102 1327 tertiove

353 1344 558 1384 commonita,
594 1343 619 1377 si
646 1355 708 1377 non
731 1342 942 1377 satisfactione
963 1354 1100 1388 congrua

353 1393 587 1433 emendaverit,
627 1392 789 1440 potestatis
827 1391 1022 1438 honorisque
1053 1391 1101 1425 sui

352 1441 506 1488 dignitate
520 1450 635 1486 careat,
654 1453 800 1488 reamque
817 1453 850 1475 se
864 1440 970 1475 divino
986 1440 1102 1475 iudicio

352 1491 487 1526 existere
515 1491 554 1525 de
582 1498 758 1538 perpetrata
793 1490 956 1536 iniquitate
983 1501 1102 1535 cogno-

352 1548 417 1574 scat
435 1548 493 1575 eta
509 1541 720 1575 sacratissimo
736 1538 876 1585 Corpore
895 1548 925 1573 et
939 1538 1102 1584 Sanguine

352 1587 410 1622 Dei
439 1597 469 1623 et
502 1588 629 1623 Domini
663 1588 887 1635 Redemptor-is
914 1589 1010 1622 nostri
1032 1587 1100 1622 lesu

352 1635 470 1672 Christi
493 1638 594 1672 aliena
622 1638 685 1678 fiat,
708 1646 801 1684 atque
824 1638 853 1671 in
876 1646 1015 1672 extremo
1030 1649 1102 1671 exa-

354 1686 438 1720 mine
462 1687 620 1721 districtae
645 1687 753 1721 ultioni
777 1686 948 1720 subiaceat.
971 1686 1103 1720 Cunctis

351 1744 456 1769 autem
487 1736 564 1770 haec
588 1745 692 1770 nostra
714 1744 826 1770 statuta
849 1736 1048 1770 seriantibus
1062 1736 1101 1769 sit

352 1796 413 1830 pax
434 1784 563 1819 Domini
579 1786 678 1819 nostri
704 1785 775 1819 Iesu
797 1784 925 1824 Christi,
948 1793 1102 1831 quatenus

352 1841 382 1868 et
403 1833 454 1868 hic
482 1834 618 1869 fructum
641 1834 742 1869 bonae
763 1835 896 1868 actionis
919 1834 1101 1880 percipiant,

352 1890 382 1917 et
408 1882 493 1929 apud
521 1883 698 1917 districtum
725 1883 866 1917 Iudicem
890 1884 1027 1929 praemia
1048 1894 1102 1917 ae-

353 1939 461 1966 ternae
485 1932 569 1978 pacis
595 1932 767 1966 inveniant.
792 1931 906 1966 Amen.
1010 1961 1014 1963 μ

400 1980 473 2015 Eoo
497 1980 709 2016 lsxocnxrics
741 1981 912 2016 catholicae
937 1980 1102 2015 Ecclesiae

352 2030 533 2077 episcopus.

402 2078 469 2124 Ego
483 2077 673 2113 Guillclmus
685 2079 910 2114 Praenestinus
922 2079 1101 2126 episcopus.

399 2132 468 2179 Ego
491 2132 647 2167 lohannes
667 2131 826 2167 Ostiensis
847 2132 1027 2179 episcopus.

399 2185 468 2231 Ego
487 2186 680 2232 Rodulphtts
700 2186 861 2220 Hortanus
884 2186 981 2232 episc.

400 2239 470 2286 Ego
497 2240 653 2275 lohannes
674 2240 720 2274 tit.
747 2239 782 2275 S.
805 2239 1003 2287 Chrysogoni
1021 2250 1104 2286 pres-

352 2292 440 2340 byter
465 2292 549 2327 card.

400 2346 469 2393 Ego
501 2346 675 2381 Auselrnus
713 2346 816 2394 presb.
858 2346 944 2382 card.
979 2347 1026 2381 tit.
1068 2346 1102 2381 S.

352 2398 513 2434 Laurentii
537 2400 567 2433 in
590 2399 704 2434 Lucin.

402 2452 468 2499 Ego
506 2452 608 2487 Lucas
647 2453 808 2501 presbyter
844 2453 929 2488 card.
967 2453 1014 2488 tit.
1052 2445 1127 2488 Ss.l

353 2504 501 2541 Iohannis
519 2515 548 2541 et
571 2506 672 2541 Pauli.

387 2578 427 2616 (t)
444 2578 572 2607 Videntur
588 2579 732 2609 desiderari
747 2581 844 2618 aliqua.

1200 362 1266 408 Ego
1294 361 1471 409 Raynerius
1491 361 1644 397 Senensis
1663 362 1762 409 episc.

1198 410 1266 456 Ego
1292 410 1457 446 Rolandus
1484 410 1686 446 Rossellanus
1708 413 1805 459 episc.

1197 459 1265 505 Ego
1286 459 1384 494 Iltlizo
1406 459 1580 495 Saonensis
1608 460 1704 506 episc.

1196 508 1264 554 Ego
1286 508 1449 544 Romanus
1473 509 1552 544 diac.
1569 509 1653 544 card.
1676 509 1710 545 S.
1734 509 1852 546 Mariae
1866 508 1900 547 iu

1146 557 1288 593 Porticu-

1194 606 1262 653 Ego
1284 606 1457 653 Gregorius
1487 607 1567 642 diac.
1596 607 1681 642 card.
1710 607 1761 643 Ss.
1793 605 1898 655 Sergii

1145 664 1175 691 et
1197 655 1325 691 Bacchi.

1193 705 1261 751 Ego
1282 704 1389 740 Guido
1410 705 1489 740 diac.
1513 704 1632 740 cardin.
1667 704 1700 740 S.
1724 705 1840 741 Mariae
1865 704 1896 753 itt

1146 753 1277 788 Vialata.

1192 802 1258 849 Ego
1280 802 1373 838 Otltlo
1395 803 1475 839 diac.
1503 802 1623 838 cardin.
1645 802 1679 838 S.
1703 802 1831 851 Georgii
1855 801 1894 839 ad

1145 850 1256 886 Vclum
1279 852 1433 887 Aureum.

1193 900 1259 946 Ego
1280 900 1388 936 Guido
1414 901 1493 937 diac.
1528 901 1648 937 cardin.
1676 900 1727 936 Ss.
1758 901 1896 937 Cosmae

1143 956 1173 983 et
1201 948 1357 984 Damiani.

1191 997 1306 1033 Datum
1328 998 1469 1034 Grosseti
1493 1011 1548 1046 per
1573 1011 1701 1034 manum
1731 998 1894 1046 Aymerici

1143 1055 1268 1082 sanctae
1291 1046 1329 1082 R.
1356 1048 1394 1083 E.
1423 1048 1545 1083 diaconi
1567 1048 1735 1083 cardinalis
1758 1057 1788 1082 et
1814 1061 1893 1084 can-

1143 1096 1274 1139 cellarii,
1298 1109 1357 1131 xiv
1378 1097 1438 1131 kal.
1463 1097 1583 1144 aprilis,
1608 1097 1716 1131 indict.
1740 1109 1777 1141 11,
1797 1097 1897 1133 incar·

1143 1145 1277 1180 nationis
1295 1145 1472 1181 dominicae
1497 1158 1581 1181 anno
1594 1157 1756 1190 mcxxxiii,
1781 1147 1895 1192 pontif.

1143 1206 1215 1229 vero
1237 1194 1275 1229 D.
1303 1194 1478 1230 Innocentii
1503 1195 1564 1230 ΡΡ.
1593 1195 1724 1230 secundi
1743 1207 1826 1229 anno
1851 1207 1894 1230 tv.

1201 1250 1262 1281 Dat.
1285 1252 1332 1282 die
1353 1252 1388 1282 19
1411 1252 1508 1282 martii
1526 1262 1602 1282 anno
1619 1251 1733 1282 Domini
1753 1252 1840 1289 1133,

1390 1295 1493 1335 pontis.
1512 1305 1588 1326 anno
1607 1304 1645 1326 tv.

1475 1440 1558 1475 XIII.

1143 1514 1266 1549 Erectio
1287 1517 1466 1553 monasterii
1495 1517 1687 1561 Bruqnaten.
1722 1517 1754 1549 t'n
1780 1518 1895 1558 epist-⁰-

1189 1568 1288 1608 palem
1334 1566 1455 1603 sedem,
1497 1567 1723 1611 archiepiscopo
1762 1567 1891 1599 tanuen.

1191 1613 1424 1659 suffraganea-m
1446 1617 1501 1658 (t).

1411 1686 1626 1718 SUMMARtt'M

1143 1751 1331 1782 Prooemium.
1350 1768 1389 1774 —
1407 1751 1605 1790 Brugnatense
1625 1758 1750 1784 monast.
1777 1754 1806 1784 in
1831 1755 1895 1794 epi-

1182 1797 1330 1834 scopalem
1350 1797 1449 1826 sedem
1463 1796 1607 1834 redigitur
1619 1796 1756 1827 lanu-ansi
1781 1799 1896 1828 archie-

1181 1841 1302 1879 piscopo
1335 1840 1571 1877 suss'rziganeam;
1601 1856 1641 1863 —-
1661 1840 1771 1880 Eisque
1808 1841 1894 1872 bonis

1181 1884 1318 1914 omnihus
1339 1884 1530 1922 confirmatis3
1547 1901 1586 1906 —
1602 1883 1673 1914 Cum
1692 1886 1810 1915 decreto
1833 1887 1894 1916 im-

1181 1929 1333 1958 munitatis
1371 1928 1407 1957 ab
1447 1929 1527 1958 omni
1562 1928 1698 1959 violentia
1738 1930 1895 1960 violatores

1181 1973 1325 2011 privilegii
1354 1972 1443 2002 huius
1467 1973 1652 2003 anathemate
1679 1974 1896 2012 percutiuntur.

1179 2015 1391 2045 —lnnocentii
1407 2015 1461 2046 ΡΡ.
1484 2021 1511 2046 et
1530 2017 1741 2048 nonnullorum
1761 2017 1790 2048 S.
1813 2017 1845 2047 R.
1860 2017 1893 2048 E.

1181 2059 1375 2088 cardinalium
1391 2059 1635 2100 subscriptiones.

1142 2124 1288 2154 innocentius
1306 2125 1426 2164 episcopus
1442 2134 1519 2155 servus
1539 2134 1657 2156 serrorum
1671 2125 1725 2165 Dei,
1743 2126 1830 2157 dilecto
1845 2126 1895 2157 titio

1181 2168 1317 2207 ildeprando
1336 2168 1491 2206 Brttgnatcnsi
1505 2169 1591 2207 electo,
1609 2169 1705 2208 eiusque
1726 2170 1896 2201 successoribus

1183 2213 1293 2242 canonice
1310 2212 1486 2252 substituendis,
1510 2213 1533 2243 in
1547 2218 1694 2252 perpetuum.

1192 2275 1469 2317 Quemadmodum
1491 2275 1591 2310 Sedes
1612 2275 1796 2323 Apostolica
1822 2277 1897 2311 uni-

1122 2326 1242 2376 {versis
1259 2336 1313 2370 per
1338 2324 1446 2358 orbem
1474 2324 1626 2359 Ecclesiis
1654 2325 1786 2371 praelata
1815 2337 1896 2360 con-

1144 2374 1234 2414 sistit,
1261 2374 1386 2408 dicente
1412 2373 1549 2408 Domino
1571 2374 1608 2408 ad
1624 2373 1770 2409 Petrum:
1793 2373 1841 2409 Tu
1860 2386 1895 2409 es

1145 2422 1269 2466 Petrus,
1295 2430 1326 2457 et
1351 2434 1446 2469 super
1466 2422 1548 2458 hanc
1575 2431 1693 2470 petram
1720 2422 1895 2458 aedificabo

1145 2471 1318 2506 Ecclesiam
1331 2484 1445 2513 meam,
1460 2480 1491 2506 et
1512 2471 1566 2506 tibi
1585 2472 1667 2506 dabo
1683 2472 1796 2511 claves
1809 2473 1896 2518 regni

1182 2542 1219 2575 (t)
1235 2541 1274 2568 Ex
1291 2547 1353 2568 tom.
1372 2549 1400 2567 tv
1416 2542 1471 2568 Ital.
1489 2542 1548 2569 Suc.
1567 2541 1680 2577 Ughetl„
1706 2541 1750 2568 ubi
1778 2540 1812 2569 de
1835 2541 1898 2577 epi-

1146 2582 1234 2617 scopis
1250 2581 1383 2609 Ecclesiae
1400 2581 1486 2609 butus.

1940 2271 2081 2294 Prooemium.
2124 2262 2137 2299 ’,
