2180 3205
182 227 232 254 Au.
252 227 280 255 C.
299 228 365 256 1114

207 396 318 416 Decretum
327 396 363 416 im-

179 426 295 443 munitatis.

435 212 506 244 271

983 223 1175 248 BULLARIUM
1203 225 1362 250 ROMANUM

386 289 436 312 res
457 285 560 312 autem
583 277 759 313 deficientis
779 278 917 326 episcopi
940 280 1048 315 nullus
1069 293 1135 316 om·
1174 286 1310 314 raschalis
1330 288 1470 324 episcopus
1483 297 1577 319 servus
1597 298 1736 321 servorum
1751 293 1806 327 Dei,
1827 294 1926 325 dilecto

386 331 462 366 nino
504 331 653 366 laicorum
694 331 842 367 invadere
881 342 911 368 et
948 334 1133 382 depraedari

385 391 573 431 praesumat.
621 384 831 421 Decernimus
864 399 956 434 ergo,
990 397 1022 423 ut
1055 389 1133 423 nulli

384 438 513 472 omnino
540 438 704 473 hominum
732 439 824 475 liceat
849 441 993 477 eamdem
1020 443 1134 478 Eccle-

383 491 459 525 siam
489 499 605 526 temere
628 493 823 539 perturbare,
850 503 903 529 aut
921 496 988 530 eius
1004 508 1133 543 posses-

382 545 489 580 siones
509 545 643 587 auferre,
671 547 719 581 vel
751 547 869 583 ablatas
896 550 1044 589 retinere,
1072 550 1133 584 mi—

194 821 248 840 t’wn
254 826 276 840 *12¹
286 823 359 841 cantra

174 847 327 868 inobedientes,

381 610 492 639 nuere,
507 599 554 633 vel
570 600 744 635 temerariis
759 602 977 637 vexationibus
991 602 1131 649 fatigare;

381 652 437 687 sed
459 653 564 687 omnia
586 653 706 700 integra
739 663 965 690 conserventur
999 668 1107 691 eorum
1124 684 1131 697 ,

383 718 439 753 pro
468 719 604 753 quorum
632 707 881 744 substentatione
915 721 951 744 ac
978 710 1133 756 guberna-

380 760 466 795 tione
507 773 656 796 concessa
697 769 781 801 sunt.
820 762 930 797 usibus
958 763 1130 810 profutura.

381 814 414 850 Si
441 815 512 862 quis
534 825 651 856 autem,
679 816 762 862 quod
786 815 878 854 absit,
900 816 1015 850 decreti
1036 817 1132 852 liuius

379 876 489 904 tenore
512 870 650 916 cognito,
673 877 790 903 temere
813 870 970 904 contraire
988 877 1132 904 tentave-

380 922 433 966 rit,
462 923 590 958 lionoris
617 931 648 958 et
673 923 766 957 officii
789 924 836 957 sui
873 923 1048 970 periculum
1074 936 1132 971 pa-

379 977 496 1018 tiatur,
537 986 590 1012 aut
617 977 955 1012 excommunicationis
992 980 1131 1012 torsione

379 1031 548 1078 plectatur,
571 1031 630 1065 nisi
655 1031 946 1078 praesumptionem
969 1043 1058 1065 suam
1081 1032 1132 1065 ‹li-

378 1097 437 1131 gna
452 1086 664 1120 satisfactione
679 1085 861 1119 correxerit.
882 1083 1132 1120 Observantibus

378 1151 452 1174 vero
475 1139 532 1173 Dei
555 1139 782 1186 omnipotentis
807 1139 905 1185 gratia
921 1166 928 1179 ,
956 1147 986 1172 et
1021 1138 1131 1174 beato-

378 1205 449 1227 rum
471 1193 685 1239 apostolorum
714 1193 797 1228 Petri
834 1200 865 1228 et
887 1192 974 1227 Pauli
998 1192 1131 1228 benedi-

378 1247 440 1282 ctio
466 1247 657 1282 conferatur.

428 1300 542 1336 Datum
565 1301 710 1336 Laterani
739 1313 793 1348 per
829 1312 956 1335 manum
983 1299 1131 1335 Iohannis

377 1354 411 1390 S.
434 1354 473 1389 R.
496 1355 532 1389 E.
561 1355 684 1390 diaconi
707 1355 874 1390 cardinalis
897 1367 932 1389 ac
959 1354 1131 1389 bibliothe-

377 1409 465 1453 carii,
488 1409 592 1444 idibus
614 1409 757 1450 ianuarii⁷
785 1408 959 1443 indictione
988 1420 1045 1450 vn,
1080 1408 1130 1442 in-

377 1463 567 1498 carnationis
594 1462 773 1498 dominicae
796 1475 878 1498 anno
905 1474 1019 1503 nicxw,
1049 1474 1130 1509 pon-

378 1516 513 1551 tificatus
535 1517 790 1565 quoque'domni
818 1517 978 1552 Pascbalis
999 1516 1130 1552 secundi

376 1569 494 1617 Papae,
516 1583 569 1605 xv.

415 1632 478 1662 Dat.
496 1633 543 1663 die
562 1632 599 1663 13
617 1632 743 1662 ianuarii
765 1642 842 1663 anno
864 1632 980 1663 Domini
1004 1633 1089 1671 1114,

620 1683 723 1722 pontif.
745 1693 821 1714 anno
839 1692 883 1713 xv.

726 1851 778 1887 Ll.

380 1927 580 1971 Confirmatio
626 1929 776 1962 bonorum
830 1937 856 1962 et
907 1930 1130 1974 possessionum

426 1981 608 2014 Marsorum
630 1982 795 2022 Ecclesiae,
818 1985 904 2017 cuius
926 1986 1060 2030 confinia
1074 1986 1129 2018 de-

424 2034 600 2068 scribuntur
626 2037 683 2078 (t).

645 2113 860 2146 SUMMARmM

376 2177 594 2209 Coufirmantur
611 2180 685 2210 bona
709 2192 742 2212 ac
766 2183 838 2212 fines
860 2183 1011 2214 Ecclesiae
1040 2187 1128 2216 huius

416 2224 464 2262 qui
487 2224 533 2253 liic
552 2225 770 2256 describuntur.
792 2244 832 2250 —
849 2227 1003 2259 lubibetur
1022 2241 1127 2260 mona-

416 2267 490 2304 cbis,
502 2269 663 2307 quidquam
676 2271 710 2300 de
724 2272 787 2301 iure
798 2273 959 2312 episcopali
973 2275 1029 2304 sibi
1043 2285 1129 2305 usur-

416 2320 495 2349 pare.
511 2329 549 2332 —
566 2312 697 2344 Ecclesia
718 2314 745 2345 S.
769 2315 891 2346 Savinae
919 2320 1055 2358 martyris
1080 2330 1129 2349 ca-

421 2355 563 2386 thedralis
583 2358 758 2388 declaratur.
773 2377 812 2381 —
823 2360 1040 2392 Enumerantur
1052 2364 1126 2394 bona

417 2400 452 2428 ad
470 2399 630 2431 Marsorum
648 2404 803 2443 episcopos
821 2406 1008 2443 pertinentia.
1022 2408 1128 2439 ——De-

417 2449 527 2474 cretum
547 2445 763 2485 immunitam,
792 2454 820 2479 et
848 2460 1007 2490 poenarum
1028 2458 1126 2483 contra

417 2488 608 2527 refragantes.
630 2509 669 2516 —
690 2492 844 2524 Paschalis
867 2495 922 2525 PP.
944 2501 971 2526 et
991 2498 1128 2527 cardina-

418 2532 490 2562 lium
515 2533 542 2563 S.
562 2534 593 2563 R.
616 2535 646 2565 E.
669 2537 915 2577 subscriptiones.

413 2597 453 2632 (¹)
470 2598 556 2625 Edidit
574 2600 675 2635 Ughett.
693 2602 749 2630 nat.
768 2603 826 2631 Sao.
845 2608 909 2634 tom.
925 2614 944 2634 1.

1219 330 1274 358 filio
1305 332 1420 360 Berardo
1454 334 1620 364 marsicanae
1643 337 1774 367 Ecclesiae
1802 341 1926 376 episcopo

1219 375 1328 411 eiusque
1347 379 1546 407 successoribus
1565 381 1690 410 canonice
1712 383 1922 420 substituendis,

1218 420 1245 448 in
1265 422 1434 456 perpetuum.

1222 480 1311 516 Sicut
1350 482 1465 518 iniusta
1493 486 1682 531 „petentibus
1730 489 1838 524 nullus
1877 499 1924 526 est

1175 529 1362 565 tribuendus
1388 532 1536 570 effectus.
1566 535 1611 570 sic
1637 536 1775 583 legitime
1797 539 1925 575 deside-

1176 579 1308 614 rantium
1336 593 1398 615 non
1422 590 1468 616 est
1495 583 1668 619 differenda
1692 587 1811 632 petitio.
1845 588 1923 624 Tuis

1175 628 1278 674 igitur,
1303 629 1396 664 frater
1419 631 1448 665 iu
1471 631 1597 677 Christo
1624 634 1819 679 charissime,
1853 650 1924 683 pre-

1173 677 1262 712 cibus
1285 688 1471 724 annuentes,
1489 681 1526 715 atl
1551 691 1732 729 perpetuam
1756 684 1789 720 S.
1813 686 1922 722 Matris

1173 726 1335 762 Ecclesiae
1355 741 1460 773 pacem
1481 738 1510 764 et
1525 732 1725 767 stabilitatem
1750 736 1924 780 praesentis

1173 775 1287 810 decreti
1301 778 1470 813 stabilitate
1480 781 1650 820 sancimus,
1663 791 1695 816 ut
1706 784 1922 830 universos(l)

1175 825 1340 870 parochiae
1369 828 1458 868 fines,
1486 830 1568 863 sicut
1602 843 1619 865 a
1648 832 1707 865 tuis
1741 841 1924 868 antecesso-

1175 874 1261 908 ribus
1290 888 1388 922 usquc
1412 877 1506 912 bodie
1527 888 1611 919 sunt,
1639 880 1678 914 ita
1706 883 1836 917 omuino
1860 892 1922 918 tam

1174 923 1225 957 tibi
1255 926 1390 970 possessi
1419 939 1511 973 quam
1535 931 1773 965 successoribus
1796 932 1825 965 in
1851 945 1924 977 per-

1176 980 1303 1015 petuum
1319 986 1554 1011 conserventurz
1578 978 1630 1024 qui
1647 979 1814 1014 videlicet-a
1830 981 1924 1016 Turri

1175 1020 1314 1056 Ferraria
1338 1023 1507 1059 decurrunt
1531 1027 1560 1060 in
1583 1038 1677 1074 vaput
1699 1029 1824 1069 corriti,
1849 1031 1923 1065 inde

1175 1072 1322 1113 perviam
1337 1071 1376 1106 de
1394 1072 1497 1108 Mei-so
1517 1075 1547 1109 in
1570 1075 1738 1111 postellam
1762 1078 1802 1113 (le
1824 1079 1924 1114 Valle-

1175 1119 1313 1159 Putriila,
1343 1134 1397 1167 per
1421 1131 1532 1158 terram
1556 1124 1595 1159 de
1622 1125 1752 1160 Feresca
1777 1140 1833 1174 per
1854 1130 1924 1163 Ar—

1173 1177 1332 1213 gatonem,
1357 1183 1410 1215 per
1433 1180 1544 1207 terram
1568 1173 1607 1208 de
1629 1174 1763 1215 camno,
1786 1190 1842 1223 per
1857 1186 1923 1212 ter-

1175 1230 1238 1251 ram
1262 1219 1299 1252 de
1323 1218 1491 1258 Formella,
1521 1223 1593 1257 inde
1620 1223 1656 1257 ad
1680 1224 1835 1260 Melinum
1858 1226 1925 1261 Ve-

1173 1274 1282 1311 terem,
1305 1267 1378 1302 inde
1393 1271 1429 1303 ail
1446 1270 1580 1306 Furcain
1597 1273 1711 1312 Aurae,
1737 1287 1792 1320 per
1811 1285 1923 1310 terram

1173 1315 1212 1349 de
1235 1316 1324 1357 Vivo,
1354 1330 1408 1363 per
1436 1327 1548 1354 terram
1571 1321 1609 1355 de
1636 1322 1762 1361 Toroia.
1786 1324 1859 1359 inde
1880 1325 1920 1360 ad

1175 1366 1336 1410 pasculum
1359 1366 1506 1409 Canalis,
1534 1370 1607 1405 inde
1637 1372 1673 1405 ad
1698 1371 1837 1407 Pennam
1865 1374 1925 1408 Im-

1174 1416 1336 1460 peratoris,
1374 1429 1428 1462 per
1455 1425 1567 1453 terram
1604 1419 1643 1454 de
1676 1420 1823 1466 Cervara,
1851 1423 1924 1458 inde

1172 1463 1208 1496 ad
1231 1463 1265 1498 S.
1295 1464 1427 1500 Britium
1462 1480 1518 1514 per
1552 1468 1668 1503 furcam
1692 1470 1730 1504 de
1751 1472 1922 1517 Auricula,

1174 1512 1245 1546 inde
1272 1513 1310 1547 ad
1346 1526 1453 1549 arcum
1487 1516 1520 1551 S.
1549 1516 1689 1564 Georgii,
1719 1532 1774 1566 per
1803 1520 1923 1556 flumen

1173 1561 1319 1607 Risanae,
1343 1575 1398 1609 per
1424 1564 1540 1600 Turres
1562 1566 1692 1611 Ofrano,
1724 1581 1778 1614 per
1799 1569 1924 1605 Scalel-

1174 1611 1228 1652 las,
1251 1624 1306 1658 per
1327 1612 1441 1647 Tufum
1465 1614 1548 1649 fluvii
1577 1616 1744 1656 Remandi‚
1773 1631 1828 1664 per
1845 1619 1924 1654 Tre-

1174 1668 1317 1705 pontum,
1341 1661 1414 1696 inde
1444 1663 1481 1697 ad
1511 1664 1644 1712 Vulpem
1667 1666 1835 1708 Mortuam,
1869 1681 1924 1715 per

1172 1708 1308 1744 Buccam
1337 1710 1376 1745 (le
1392 1711 1489 1756 Teba,
1515 1726 1568 1759 per
1589 1727 1736 1762 campum
1757 1717 1795 1750 de
1811 1717 1922 1758 Pezza,

1173 1770 1228 1803 per
1255 1760 1357 1794 rivum
1384 1759 1631 1807 Gambararum,
1667 1777 1723 1811 per
1744 1773 1858 1800 terram
1882 1766 1922 1801 de

1171 1807 1326 1853 Candida,
1353 1821 1406 1853 per
1427 1810 1646 1857 venetrinum,
1674 1823 1704 1848 et
1727 1814 1862 1849 redeunt
1882 1815 1922 1850 ad

1172 1855 1305 1891 Furcam
1342 1858 1478 1893 Ferrati:
1515 1861 1594 1896 intra
1622 1875 1701 1908 quos
1724 1863 1802 1898 fines
1824 1876 1923 1911 quae-

1171 1917 1306 1952 cumque
1320 1907 1447 1954 oppida,
1463 1921 1682 1958 quaecumque
1699 1912 1801 1953 villae,
1823 1925 1922 1959 quae-

1172 1966 1309 2001 cumque
1349 1956 1480 2003 plebes,
1519 1971 1737 2008 quaecumque
1772 1963 1923 1998 ecclcsiae

1171 2003 1247 2038 sitae
1274 2013 1358 2048 sunt,
1386 2014 1439 2040 aut
1471 2007 1501 2041 in
1527 2017 1687 2054 posterum
1712 2010 1839 2052 fuerint,
1862 2011 1922 2046 sub

1172 2061 1222 2086 tua
1245 2061 1275 2087 et
1297 2061 1422 2089 tuorum
1446 2057 1672 2093 catholicorum
1701 2072 1922 2095 successorum

1170 2102 1339 2149 episcopali
1364 2105 1559 2150 providentia
1580 2115 1611 2141 et
1632 2107 1838 2155 dispositione
1855 2122 1921 2156 per-

1171 2160 1313 2189 maneat:
1341 2161 1370 2187 et
1405 2166 1441 2188 ex
1475 2155 1519 2190 eis
1546 2156 1698 2191 omnibus
1731 2159 1924 2205 episcopalia

1172 2200 1258 2234 robis
1287 2202 1352 2236 iura
1391 2203 1525 2249 solvant,
1569 2213 1631 2239 tam
1668 2206 1699 2241 in
1735 2207 1922 2242 clericorum

1170 2248 1422 2286 ordinationibus
1459 2261 1489 2287 et
1515 2254 1669 2290 ecclesiae
1703 2257 1924 2291 consecratio-

1171 2298 1283 2342 nibus,
1319 2312 1412 2346 quam
1447 2301 1478 2336 in
1511 2302 1638 2338 redditu
1674 2304 1865 2340 decimarum
1893 2314 1925 2340 et

1170 2347 1378 2389 oblationum,
1400 2350 1465 2385 sive
1492 2351 1522 2385 in
1540 2353 1789 2388 correctionibus
1816 2354 1925 2389 delin-

1169 2398 1347 2442 quentium.
1375 2398 1459 2434 Saue
1491 2400 1576 2435 illam
1602 2403 1829 2437 monachorum
1854 2416 1926 2450 pra-

1171 2457 1238 2479 vam
1259 2448 1559 2494 praesumptionem,
1583 2462 1643 2496 qua
1669 2451 1780 2497 partim
1804 2453 1927 2498 episco-

1172 2506 1282 2539 porum
1298 2495 1448 2536 absentia,
1472 2499 1584 2544 partim
1606 2511 1717 2533 eorum
1738 2501 1924 2546 pervicacia,

1171 2543 1201 2576 in
1234 2543 1408 2579 Marsorum
1438 2545 1554 2582 linibus
1581 2548 1772 2584 omnimodo
1798 2550 1925 2586 inhibe-

1786 2619 1829 2657 (κ.
1845 2619 1889 2655 Τ.)

1206 2612 1244 2648 (ί)
1261 2614 1326 2648 [θός
1344 2618 1467 2643 ‹ciiii-ersi.

1953 226 2003 254 Au.
2025 226 2052 254 C.
2067 227 2137 255 1¹1⁴

1986 596 2138 618 cuim-manun-

1953 623 2008 643 bana
2031 628 2058 644 ac
2086 626 2138 644 tino·

1953 649 2014 670 [ΞΝ-19
2028 649 2061 670 iae
2075 650 2138 679 huin·

1954 676 1989 696 viri
2003 676 2038 696 hic
2057 675 2139 698 desen-

1952 702 2036 723 buntur.

1968 2421 2130 2444 Inhibeturmo-

1954 2449 2028 2469 nachis
2039 2465 2043 2473 ‚
2065 2449 2125 2476 quid-
2138 2470 2141 2477 ,

1947 2480 2011 2504 quam
2033 2475 2060 2496 de
2082 2475 2128 2496 iura

1947 2501 2066 2527 episcopali
2087 2501 2129 2522 sibi
2178 2532 2180 2534 Ι

1946 2533 2055 2554 usurpare.
