2180 3205
118 231 165 257 λη.
183 229 210 256 C.
236 229 302 257 1066

253 495 301 507 ιιιιιιι

118 543 145 562 al
163 542 215 566 Apo>
227 546 239 561 o
250 547 301 560 imin

118 567 194 597 St‘tleiii

118 594 255 620 praecipitur.

147 1048 176 1069 ne
201 1049 303 1074 recipien-

119 1075 150 1105 djs
159 1075 187 1097 ad
195 1077 304 1102 poeniten-

117 1104 176 1123 tiam.

139 2001 209 2021 Abbas
219 2006 256 2025 per
267 2006 308 2019 mu-

125 2027 204 2047 naclios
221 2033 244 2046 ex
260 2032 271 2046 c
282 2033 308 2046 ui-

125 2053 247 2078 greg-atione
273 2054 309 2073 eii-

126 2080 204 2104 genuus
216 2086 220 2100 2

126 2105 254 2131 quoliliuerit
277 2111 309 2130 ep.

126 2131 262 2152 ordinandus.

250 2081 309 2099 eta

154 2373 269 2392 Auatbema
292 2379 311 2391 in

128 2398 241 2419 violatore<
271 2399 312 2424 fri-

129 2425 198 2450 vilegii
215 2426 284 2445 butu&

383 203 429 237 28

334 277 440 303 nostro
455 267 572 302 iudicio
591 278 606 300 a
621 276 779 313 quoquam
807 262 1085 298 anathematizetur

334 318 469 352 Sanctae
497 316 589 351 Sedis
628 313 829 360 Apostolicae
862 312 959 356 filius,
988 312 1082 347 veluti

333 368 560 412 cuiuscumque
594 363 753 397 subiectae
788 361 952 396 Ecclesiae
987 362 1083 396 disci-

287 442 302 454 ..
335 416 436 462 pulus.
472 415 570 460 Siqua
602 423 675 446 vero
709 417 893 457 competens
921 411 999 445 ratio
1025 410 1085 445 ad-

296 468 302 472 ”
334 477 441 499 versus
478 475 532 497 eos
567 472 759 507 quemquam
787 460 939 501 moverit,
967 467 997 494 et
1024 460 1083 494 boc

283 521 301 535 ¹‘·
331 514 419 548 aliter
456 511 664 546 determinare
699 509 894 556 nequiverit,
929 509 1082 543 iudicium

330 561 540 608 apostolicum
554 587 563 604 ,
606 558 691 606 quod
734 558 811 592 nulli
854 558 1080 604 praeiudicium

331 610 535 658 praetendere
568 609 695 656 patitur,
722 619 814 654 supra
842 606 902 641 hoc
931 607 1083 653 patienter

330 658 548 706 praestoletur,
575 666 606 692 et
628 657 786 692 humiliter
809 657 994 703 requiratur.
1017 656 1083 690 De-

330 709 491 743 cernimus
530 708 623 742 etiam
640 734 650 750 ,
688 713 719 741 et
757 705 862 746 illius,
898 705 988 740 cuius
1016 706 1081 739 vice

329 758 473 805 quamvis
488 756 611 802 indigni
626 755 799 802 fungimur,
814 756 999 789 auctoritate
1013 767 1083 789 san-

330 808 451 850 cimus,
479 814 511 840 ut
540 805 641 840 isdem
667 805 758 839 locus
785 803 955 844 omnibus,
982 803 1020 839 ad
1047 816 1081 838 se

329 856 370 890 ob
407 856 539 890 salutem
575 853 848 900 confugientibus,
883 854 922 887 sit
956 853 1082 887 miseri-

329 905 455 939 cordiae
480 905 580 944 sinus,
602 904 642 938 sit
663 903 759 937 totius
781 902 906 949 pietatis
928 909 957 935 et
972 902 1081 936 salutis

331 961 449 1001 portus,
472 952 622 987 Obtineat
643 953 673 985 in
696 963 733 986 eo
755 951 858 985 locum
887 952 1000 991 iustus,
1023 963 1081 985 nec

329 1002 518 1049 repellatur,
560 1001 720 1047 poenitere
761 1000 871 1034 volens
890 1027 898 1040 ,
941 1000 1078 1046 iniquus.

328 1052 521 1086 Praebeatur
551 1049 772 1084 innocentibus
808 1049 920 1083 caritas
953 1057 1081 1082 mutuae

329 1100 555 1139 fraternitatis,
589 1111 647 1134 nec
676 1105 810 1144 negetur
841 1097 970 1131 offensis
1007 1109 1081 1144 spes

329 1150 439 1184 salutis
459 1156 491 1184 et
512 1147 706 1194 indulgentia
723 1146 857 1193 pietatis.
873 1146 914 1180 Et
928 1146 952 1179 si
967 1146 1082 1192 aliquis

328 1198 476 1233 eumdem
492 1198 598 1232 locum
620 1196 786 1243 expetierit
801 1207 876 1230 suae
894 1194 1082 1229 humilitatis

328 1256 357 1282 et
370 1247 479 1282 salutis
496 1246 605 1292 gratia,
632 1245 762 1279 minime
784 1257 800 1278 a
820 1243 910 1278 venia
928 1252 958 1278 et
977 1252 1080 1290 optata

329 1296 545 1331 misericordia
571 1294 769 1336 excludatur,
796 1293 851 1328 sed
879 1293 949 1327 oleo
978 1294 1081 1327 metli-

328 1346 465 1381 cameuti
487 1344 631 1379 salutaris
653 1342 807 1378 fovendus
824 1342 1004 1388 benigniter
1017 1343 1080 1376 col—

329 1395 460 1441 ligatur,
482 1394 554 1441 quia
578 1402 607 1427 et
626 1393 743 1427 iustum
758 1392 803 1426 sic
819 1399 877 1434 est,
892 1399 926 1424 ut
941 1391 971 1424 in
987 1391 1082 1425 domo

330 1444 456 1491 pietatis
469 1451 500 1478 et
514 1443 596 1477 iusto
611 1441 797 1489 praebeatur
817 1440 943 1474 dilectio
956 1449 1082 1474 sauctae

328 1493 545 1536 fraternitatis,
586 1499 616 1526 et
650 1490 689 1525 ad
729 1490 850 1524 veniam
888 1489 1081 1534 confugienti

329 1542 487 1589 peccatori
531 1552 594 1574 non
637 1546 770 1585 negetur
811 1537 1080 1572 medicamentum

329 1590 544 1636 indulgentiae
559 1597 589 1624 et
601 1589 724 1623 salutis.
740 1588 789 1622 Sit
806 1595 911 1621 autem
934 1587 1083 1621 omnibus

330 1641 372 1675 ibi
399 1639 642 1675 advenientibus
664 1649 757 1672 causa
779 1637 888 1671 salutis
914 1635 977 1676 hic,
1000 1643 1029 1670 et
1053 1637 1081 1669 iu

330 1697 517 1736 perpetuum
545 1688 668 1722 divinae
691 1685 902 1721 miserationis
916 1693 944 1719 et
960 1685 1084 1731 pietatis

329 1739 498 1783 refugium,
525 1745 556 1771 et
577 1736 766 1783 apostolicae
802 1734 1032 1769 benedictionis
1054 1742 1084 1768 et

328 1786 536 1822 absolutionis
548 1785 754 1832 praesidium.
772 1783 981 1818 Decet-nimus
998 1795 1085 1829 prae-

329 1845 425 1876 terea,
439 1844 468 1870 et
481 1836 611 1870 omnino
633 1834 867 1876 constituimus,
884 1840 918 1866 ut
936 1832 1083 1878 praedicti

328 1886 388 1920 loci
411 1885 547 1919 obeunte
575 1883 700 1923 abbate,
729 1894 792 1917 uon
817 1881 961 1928 ibialius
983 1882 1086 1915 euius-

329 1946 466 1981 cumque
508 1944 660 1979 personae
697 1931 841 1966 violeutia
876 1930 1086 1964 constituatur

329 1982 545 2022 ordina'udus3
560 1982 615 2016 sed
631 1981 670 2015 ab
687 1981 752 2027 ipsa
767 1979 1010 2024 congregatione
1024 1979 1085 2013 loci

331 2032 509 2067 seeundum
539 2031 685 2064 timorem
714 2029 771 2063 Dei
799 2037 829 2062 et
856 2028 1085 2062 iustitutionem

330 2080 520 2127 legislatoris
561 2079 742 2122 Benedicti,
787 2085 874 2124 pater
888 2104 895 2117 ,
935 2077 988 2122 qui
1028 2076 1087 2111 sibi

332 2143 466 2177 praeesse
494 2129 620 2169 debeat,
642 2128 793 2173 eligatur;
821 2134 851 2160 et
877 2125 915 2160 ad
943 2137 1016 2159 eum
1035 2137 1089 2160 or-

332 2179 520 2222 dinandum,
535 2178 729 2225 quicumque
752 2176 814 2210 illis
837 2174 1000 2222 placuerit,
1023 2175 1088 2221 epi-

330 2241 447 2275 scopus
462 2227 645 2262 advocetur.
661 2226 889 2271 Quascumque
904 2235 977 2258 vero
992 2232 1090 2258 terras

331 2290 417 2311 nunc
436 2285 538 2320 tenes,
560 2284 590 2309 et
607 2287 686 2322 quas
708 2282 740 2308 tu
765 2284 872 2320 tuique
891 2285 1090 2307 successores

331 2326 492 2372 acquirere
532 2324 709 2372 potueritis,
737 2324 767 2357 in
792 2329 981 2369 perpetuum
1015 2334 1092 2368 pos—

331 2375 479 2408 sidendas
504 2373 712 2408 concedimus
734 2372 834 2407 vobis.
858 2371 969 2417 Siquis
985 2379 1090 2405 autem

334 2424 504 2457 temerario
527 2434 619 2463 ausu,
646 2421 730 2468 quod
754 2421 819 2455 lieri
839 2432 901 2454 non
923 2419 1092 2463 credimus,

333 2480 443 2506 contra
479 2472 575 2505 liuius
602 2480 725 2504 nostrae
752 2469 942 2516 apostolicae
970 2468 1094 2503 coufir-

335 2521 488 2554 mationis
503 2520 615 2553 seriem
631 2519 737 2553 venire
748 2527 800 2553 aut
815 2530 906 2563 agere
918 2517 1094 2557 tentaverit,

333 2571 426 2613 sciat,
463 2580 497 2603 se
528 2568 658 2602 Domini
686 2568 786 2603 nostri
812 2567 884 2602 lesu
906 2566 1038 2607 Christi,
1066 2573 1103 2613 et·

917 207 1104 230 BULLARIUM
1127 206 1291 229 ROMANUM

1125 262 1338 309 apostolorum
1367 261 1518 308 principis
1546 262 1632 297 Petri
1666 263 1875 298 anathematis

1127 312 1249 346 vinculo
1266 310 1495 350 innodandum,
1515 319 1629 346 etcum
1646 311 1772 347 diabolo
1789 313 1876 348 eius—

1125 374 1185 409 que
1212 360 1417 395 atrocissimis
1441 361 1564 406 pompis
1586 368 1679 407 atque
1706 374 1778 396 cum
1801 362 1877 397 Iuda

1126 411 1274 445 traditore
1296 409 1423 443 Domini
1446 417 1475 443 et
1498 409 1669 445 Salvatoris
1684 411 1782 445 nostri
1806 411 1876 445 Iesu

1125 460 1254 503 Christi,
1267 459 1296 492 in
1309 467 1469 493 aeternum
1480 459 1584 504 ignem
1595 460 1876 501 concremandum,

1124 509 1281 555 simulque
1320 508 1350 541 in
1388 508 1570 553 voraginem
1588 535 1596 547 ,
1643 515 1877 556 tartareumque

1124 558 1220 592 chaos
1243 557 1424 592 demersum
1440 569 1511 591 cum
1532 556 1636 603 impiis
1652 557 1875 593 deiiciendum.

1123 606 1184 648 Qui
1210 619 1281 641 vero
1304 614 1411 641 custos
1433 614 1462 640 et
1485 606 1667 640 observator
1688 607 1786 640 nostri
1815 608 1878 653 pri-

1125 656 1228 702 vilegii
1256 655 1403 695 extiterit,
1432 654 1664 689 benedictionis
1689 656 1820 701 gratiam
1848 665 1878 691 et

1124 705 1218 740 vitam
1232 713 1389 739 aeternam
1406 717 1421 738 a
1437 704 1576 738 Domino
1591 713 1804 752 consequatur
1817 714 1876 740 etc.

1123 922 1313 965 Approbatio
1331 921 1499 965 privilegii,
1525 933 1543 953 α
1567 921 1657 953 Petro
1679 920 1879 953 Florentinae

1173 971 1323 1003 Ecclesiae
1344 971 1568 1013 archiepiscopo
1585 970 1772 1002 monasterio
1798 970 1876 1002 San-

1171 1020 1214 1051 cti
1250 1020 1334 1052 Petri
1359 1020 1504 1057 concessa}
1530 1026 1556 1051 ct
1582 1019 1732 1051 bonorum
1758 1019 1800 1051 ad
1821 1019 1876 1050 hoc

1170 1069 1373 1112 spectantium
1399 1068 1591 1112 confirmatio
1620 1070 1681 1109 (t).

1394 1135 1611 1166 SUMMARIUM

1123 1198 1290 1228 Exordium.
1305 1214 1345 1220 --
1361 1197 1516 1227 Decretum
1536 1206 1588 1235 pro
1607 1197 1743 1227 libertate
1769 1206 1875 1226 mona-

1163 1238 1246 1267 sterii
1274 1238 1375 1273 huius,
1394 1238 1520 1276 eiusque
1539 1237 1696 1266 bonorum.
1724 1253 1763 1258 —
1782 1236 1876 1281 Spiri-

1164 1278 1258 1307 tuales
1277 1282 1305 1306 et
1323 1277 1491 1316 corporales
1519 1285 1629 1316 poenae
1662 1280 1761 1306 eontra
1787 1275 1876 1305 inob-

1165 1322 1327 1346 servantes.

1122 1383 1272 1411 Alexander
1290 1383 1431 1418 episcopus
1452 1388 1547 1410 servus
1567 1387 1707 1410 servorum
1736 1380 1781 1408 Dei
1795 1401 1802 1412 ‚
1835 1387 1880 1408 ca-

1167 1428 1276 1456 rissimo
1295 1426 1379 1455 fratri
1399 1427 1476 1455 Petro
1492 1426 1645 1454 Florentino
1659 1426 1792 1461 episcopo.
1807 1425 1880 1452 suis-

1168 1479 1218 1508 que
1237 1472 1448 1500 successoribus.

1172 1535 1247 1569 Piae
1270 1534 1438 1581 postulatio
1462 1533 1631 1568 voluntatis
1657 1533 1769 1567 affectu
1786 1532 1882 1567 debet

1124 1584 1327 1631 prosequenti
1344 1583 1507 1629 compleri,
1524 1590 1682 1629 quatenus
1693 1590 1723 1616 et
1736 1581 1881 1619 devotius

1124 1642 1154 1668 et
1188 1632 1342 1667 sincerius
1376 1631 1576 1666 laudabiliter
1613 1632 1812 1669 innotescat,
1849 1638 1880 1665 et

1124 1682 1243 1717 utilitas
1264 1681 1422 1729 postulata
1445 1682 1526 1715 vires
1551 1680 1765 1714 indubitanter
1789 1692 1882 1714 assu-

1126 1740 1198 1766 mat.
1234 1731 1274 1765 Et
1304 1731 1376 1777 quia
1410 1730 1588 1765 fraternitas
1620 1737 1673 1763 tua
1711 1728 1883 1763 insinuavit

1125 1789 1251 1815 sanctae
1264 1779 1465 1826 Apostolicae
1475 1778 1562 1821 Sedi,
1574 1790 1607 1813 se
1622 1778 1661 1812 ad
1677 1790 1881 1812 communem

1125 1829 1414 1863 sanctimonialium
1437 1840 1530 1862 usum
1559 1828 1591 1862 in
1613 1827 1746 1861 ecclesia
1769 1827 1878 1861 Sancti

1126 1878 1223 1922 Petri,
1251 1879 1307 1912 sita
1336 1878 1365 1911 in
1394 1877 1546 1911 suburbio
1572 1876 1775 1910 Florentinae
1799 1876 1884 1910 civi-

1128 1928 1209 1971 tatis,
1233 1926 1458 1961 monasterium
1485 1925 1700 1963 constituisse,
1730 1934 1760 1959 et
1789 1936 1883 1970 prae-

1128 1977 1252 2010 diorum
1280 1984 1343 2010 tam
1366 1987 1383 2009 a
1406 1983 1434 2009 te
1461 1986 1555 2021 quam
1583 1974 1676 2008 etiam
1703 1985 1720 2007 a
1747 1973 1882 2019 quadam

1129 2025 1273 2070 religiosa
1301 2024 1436 2058 faemina
1464 2023 1590 2058 nomine
1616 2022 1704 2056 Gisla
1734 2022 1884 2056 nonnulla

1129 2073 1282 2108 beneficia
1314 2073 1416 2107 eidem
1450 2072 1614 2107 Ecclesiae
1652 2071 1763 2106 collata
1799 2083 1884 2109 esse.

1130 2135 1193 2158 non
1216 2123 1319 2157 solum
1346 2121 1524 2156 devotionis
1549 2129 1621 2155 tuae
1647 2120 1787 2154 studium
1814 2119 1885 2154 lau-

1131 2172 1266 2211 damus,
1293 2171 1348 2206 sed
1380 2170 1590 2205 ordinationis
1620 2178 1691 2204 tuae
1727 2169 1886 2203 constitu-

1131 2222 1262 2261 tionem,
1285 2232 1379 2267 quam
1399 2220 1523 2254 interim
1547 2231 1603 2266 per
1625 2218 1804 2252 donationis
1831 2229 1889 2264 pa·-

1131 2271 1236 2316 ginam
1261 2269 1363 2303 eidem
1378 2268 1540 2303 Ecclesiae
1561 2267 1672 2307 fecisti,
1695 2266 1889 2301 auctoritatis

1133 2318 1323 2366 apostolicae
1347 2317 1511 2365 privilegio
1532 2317 1773 2354 confirmamus;
1796 2322 1888 2362 atque

1133 2369 1164 2402 iu
1189 2375 1376 2415 perpetuum
1399 2375 1500 2401 ratum
1525 2366 1715 2411 firmumque
1737 2364 1802 2398 sore
1818 2375 1889 2398 cor-

1134 2417 1320 2451 roboramus
1341 2416 1433 2450 etiam
1459 2415 1614 2462 praefatae
1640 2412 1801 2448 Ecclesiae
1823 2420 1889 2447 tum

1135 2478 1182 2504 ea,
1213 2477 1294 2512 quae
1320 2477 1406 2499 nunc
1434 2465 1528 2507 iuste,
1551 2475 1693 2510 quaeque
1716 2474 1731 2496 a
1756 2474 1891 2507 praeno-

1171 2536 1210 2569 (Ι)
1227 2536 1265 2561 Ex
1283 2535 1430 2561 Canonicae
1441 2535 1520 2561 huius
1530 2533 1648 2560 archivio
1658 2531 1742 2560 edidit.
1753 2530 1891 2566 Ugliellius

1137 2575 1195 2602 Ital.
1214 2576 1274 2602 Suc.
1293 2579 1358 2602 tom.
1376 2582 1416 2601 ιιι.

1894 215 1942 241 An.
1958 213 1985 239 C.
2011 214 2076 241 ¹067

1930 1552 2049 1573 Exordium.
