2180 3205
29 251 76 279 An,
95 250 122 278 C.
145 253 210 280 1169

35 556 108 578 Addita
133 563 202 585 poen·

19 591 192 611 “communien-

18 620 83 640 clunis
92 623 202 642 conti-ain-

18 649 150 677 obedienter,
162 653 201 674 do-

17 684 58 702 nee
65 682 199 709 resipiscant.

823 259 1019 285 MAExANDER
1047 261 1084 285 111
1112 263 1159 286 ΙΨ.

223 308 373 344 ecclesias
403 310 497 357 ipsas,
521 312 716 360 praebendas
739 314 783 350 vel
805 315 967 360 beneficia,

220 370 291 393 cuin
315 358 467 396 fructibus
496 362 568 397 inde
596 364 771 411 perceptis,
798 366 828 400 iu
857 378 967 401 manus

219 416 352 453 vestras,
386 411 472 445 omni
499 411 745 448 contradictione
770 423 800 449 et
827 415 966 462 appella-

219 457 303 493 tione
329 468 482 503 cessante,
509 461 680 507 resignent,
699 471 729 497 et
748 464 806 505 eis,
828 465 865 498 ad
885 477 965 512 quo-

217 518 286 542 rum
308 508 536 544 ordinationem
561 511 628 546 iure
649 512 861 549 ecclesiastico
888 527 963 561 spe—

216 564 320 598 ctant,
355 557 569 605 disponendas
599 559 786 608 relinquant.
815 564 907 605 Quod
935 565 960 598 si

215 605 253 640 ad
291 609 569 643 commonitionem
598 619 735 645 nostram
771 613 847 647 ini'ra
883 626 960 660 qua-

215 654 356 702 draginta
384 656 452 692 dies
485 666 554 704 post
583 659 692 693 harum
727 662 959 709 susceptionem

214 717 276 740 non
304 705 445 748 fecerint,
472 719 527 741 vos
552 720 607 742 eos
628 709 815 745 authoritate
843 720 958 752 nostra,

213 754 338 790 sublato
364 756 584 804 appellationis
608 759 767 803 remedio,
793 761 959 796 cuiuslibet

212 804 337 849 timore,
358 806 455 853 gratia
476 814 506 840 et
529 806 741 853 prohibitione
764 811 956 857 postpositis,

211 855 548 891 excommunicationis
574 858 726 892 sententia
760 858 892 904 seriatis,
927 870 956 896 et

209 902 250 938 ab
275 905 423 940 omnibus
445 905 562 941 faciatis
577 918 632 953 per
650 908 813 954 parochias
839 918 956 945 vestras

209 953 292 988 sicut
316 954 604 990 excommunicatos
633 957 738 992 vitari:
766 958 867 994 donec
902 972 955 995 ec-

208 1001 319 1038 clesias
346 1005 553 1052 praescriptas
584 1013 615 1039 et
641 1006 698 1041 alia
722 1007 873 1043 beneficia
899 1022 955 1045 ec-

207 1051 378 1089 clesiastica
414 1054 510 1089 libere
549 1054 775 1101 resignaverint
803 1058 879 1104 illis,
914 1059 952 1094 ad

206 1113 340 1148 quorum
363 1105 565 1139 donationem
588 1113 619 1139 et
637 1105 864 1142 ordinationem
885 1121 954 1156 spe-

206 1159 302 1194 ctant,
323 1162 354 1188 ct
376 1155 406 1189 in
432 1166 507 1202 pace
526 1153 715 1200 dimiserint,
738 1165 768 1190 et
790 1156 827 1191 de
845 1158 954 1193 fructi—

205 1199 265 1236 bus
291 1203 364 1239 inde
391 1205 548 1252 perceptis
574 1203 700 1250 dignam
723 1205 883 1242 Ecclesiae
897 1221 952 1243 ex-

204 1249 364 1288 hibuerint
384 1254 640 1289 satisfactionem.
670 1254 701 1288 Si
724 1265 829 1291 autem
852 1258 950 1293 iuliis

203 1302 397 1348 exequendis
437 1304 631 1350 negligentes
667 1304 788 1340 fueritis
814 1315 867 1341 aut
900 1320 951 1342 re-

202 1349 302 1395 missi,
329 1365 387 1387 nos
408 1365 518 1388 omnes
545 1351 626 1392 illos,
653 1355 887 1401 qui.ecclesias
903 1358 947 1393 rel

202 1408 322 1435 caetera
350 1402 499 1438 beneficia
515 1401 737 1444 ecclesiastica,
765 1414 888 1452 praeter
903 1420 950 1442 as-

201 1460 330 1485 sensum
351 1452 586 1500 episcoporum,
608 1452 645 1486 ad
665 1466 746 1499 quos
767 1467 877 1490 eorum
895 1457 949 1492 do-

200 1499 285 1533 natio
309 1509 440 1548 spectat,
467 1502 506 1537 de
534 1514 628 1537 manu
655 1502 745 1548 laica,
772 1517 835 1552 quo
857 1518 948 1554 supe-

201 1547 266 1582 rius
286 1549 405 1586 dictum
421 1559 479 1592 est,
501 1551 660 1600 accepisse
682 1564 868 1599 noscuntur,
886 1557 945 1592 uisi

201 1601 376 1647 praeceptis
401 1602 517 1636 nostris
544 1603 621 1637 infra
653 1604 823 1639 terminum
849 1618 967 1652 prae-¹

198 1649 348 1694 scriptum
389 1652 571 1697 paruerint,
609 1655 945 1691 excommunicationis

197 1746 399 1784 decernimus
413 1750 590 1787 subiacere:
613 1759 642 1786 et
655 1764 709 1786 eos
726 1754 808 1789 sicut
823 1767 839 1788 a
854 1754 944 1791 nobis

196 1799 484 1835 excommunicatos
505 1801 720 1850 praecipimus
740 1803 779 1838 ab
794 1805 943 1840 omuibus

195 1854 314 1881 evitari.

242 1895 321 1931 Data
342 1897 514 1935 Beneventi
542 1913 597 1935 xiv
615 1901 676 1937 kal.
704 1902 793 1938 iunii.

233 1952 294 1984 Dat.
312 1955 359 1986 die
381 1957 418 1987 19
439 1958 509 1988 maii
528 1969 604 1990 anno
621 1959 738 1992 Domini
758 1962 832 1992 1169
846 1965 901 2002 (1),

439 2003 541 2042 pontis.
563 2014 640 2035 anno
662 2015 688 2036 x.

498 2105 631 2142 XXXII.

290 2167 490 2213 Privt'leyinm
520 2171 672 2206 Ecclesiae
691 2173 839 2208 Hallensi

423 2219 458 2252 S.
482 2220 616 2254 Zenonis
642 2224 704 2265 (2).

461 2288 675 2322 SL‘MMARIUM

191 2346 357 2378 Exordium.
380 2366 420 2372 --
434 2350 527 2381 Hocce
550 2354 758 2384 monasterium
778 2355 832 2385 sub
852 2356 936 2387 Sedis

229 2392 414 2431 Apostolicae
433 2397 612 2433 protectione
627 2399 803 2438 suscipienS,
821 2417 860 2422 -—
878 2401 934 2431 Bo-

225 2444 250 2479 (¹
281 2444 318 2472 Eo
335 2446 405 2472 enim
436 2452 556 2482 tempore
575 2450 717 2477 Beneventi
741 2451 851 2486 degebat
875 2455 935 2481 Aie-

190 2487 241 2506 xan
261 2488 290 2507 er
305 2485 365 2515 post
380 2481 466 2517 sugam
485 2489 617 2519 arreptam
633 2486 665 2512 ab
682 2486 747 2513 urbe
764 2488 855 2520 Roma,
867 2498 935 2524 quae

188 2522 203 2541 a
216 2515 350 2543 Friderico
360 2517 458 2544 AEnoba
464 2518 510 2545 rdo
520 2521 594 2554 gravi
604 2521 740 2548 obsidione
754 2524 932 2558 premebatur:

1640 260 1701 292 711
1775 270 1821 296 An.
1842 269 1868 296 c.
1891 271 1956 298 rico

1049 326 1083 345 na
1107 317 1203 347 onmia
1224 319 1386 349 confirmat:
1407 337 1448 343 —
1468 319 1597 356 Quorum
1616 323 1754 353 nonnulla

1047 357 1178 386 nominat
1200 359 1381 395 singillatim.
1403 378 1442 383 —
1463 360 1651 402 Disciplinam
1672 373 1756 401 regu-

1046 395 1135 425 larein
1154 398 1181 426 in
1198 399 1333 428 ecclesiis
1353 406 1475 431 monast.
1492 403 1601 431 servari
1628 404 1754 434 mandat.

1044 452 1083 458 —
1102 436 1267 467 llalleusetn
1287 439 1399 477 plebem
1423 441 1495 470 alias
1520 447 1642 472 monast.
1665 443 1754 473 dona-

1045 480 1100 504 tam
1131 477 1298 507 coufirmat:
1320 496 1359 501 —
1377 479 1409 509 131
1431 481 1571 511 ecclesias
1591 482 1663 512 inibi
1689 483 1753 513 sun-

1044 515 1126 544 datas
1143 517 1255 547 matrici
1276 517 1420 549 Ecclesiae
1438 520 1594 551 subiacere
1611 523 1751 553 deceruit:

1041 571 1081 578 --
1098 555 1249 595 Novasque
1273 558 1300 586 iu
1324 568 1355 587 ca
1381 561 1511 599 capellas
1534 562 1598 591 sine
1620 564 1750 602 episcopi

1042 599 1069 624 et
1102 598 1236 626 inouaclt.
1269 597 1384 628 lit-entia
1422 601 1513 630 extrui
1538 602 1682 640 prohibet,
1712 620 1751 626 —

1041 634 1256 673 Exernptionetn
1285 647 1298 666 a
1319 637 1520 678 Salisburgen.
1549 642 1748 673 archidiaconi

1041 674 1244 706 iurisdictione
1263 678 1429 708 confirmat:
1451 697 1490 702 —
1515 681 1656 711 Abbateni
1682 692 1748 713 vero

1039 724 1053 743 a
1078 715 1150 744 solis
1175 717 1326 746 monacbis
1349 718 1516 756 eligendum
1542 721 1680 752 declarat.
1710 741 1747 746 —

1039 753 1190 785 Decretum
1214 757 1408 788 immunitatis
1431 769 1445 788 a
1474 769 1660 801 quacumque
1684 773 1747 793 mo-

1039 794 1120 824 lestia
1153 800 1207 826 etc.
1228 813 1267 819 —
1288 795 1359 828 Cum
1383 799 1479 830 solitis
1502 801 1645 832 clausulis
1672 813 1745 843 poe-

1036 834 1165 864 nalibus.

995 891 1145 921 Alexander
1163 893 1302 930 episeopus
1329 902 1423 924 servus
1442 903 1581 926 servorum
1598 899 1658 934 Dei.
1679 901 1745 930 dile-

1039 937 1092 965 ctis
1101 937 1166 965 filiis
1177 939 1291 968 Alahrdo
1303 941 1458 976 praeposito
1464 942 1595 972 Ecclesiae
1601 945 1744 981 Bullensis,

1039 982 1148 1018 eiusque
1166 982 1298 1012 tratribus
1322 986 1380 1013 tam
1398 988 1587 1022 praesentibus
1611 998 1689 1026 quam
1702 992 1743 1021 fu-

1037 1027 1119 1060 turis.
1139 1029 1293 1064 regularem
1311 1030 1396 1059 vitam
1426 1032 1568 1068 professis.
1599 1035 1628 1063 in
1649 1043 1742 1073 perpe·

1037 1073 1124 1100 tuum.

1041 1121 1198 1163 Quoniam
1233 1124 1302 1159 sine
1335 1138 1425 1162 verae
1457 1127 1541 1162 cultu
1577 1129 1740 1177 religionis

993 1182 1051 1205 nec
1088 1171 1248 1208 charitatis
1275 1174 1378 1210 unitas
1411 1185 1515 1224 potest
1546 1179 1739 1227 subsistere,

992 1232 1050 1255 nec
1071 1220 1138 1256 Deo
1159 1231 1281 1268 gratum
1309 1225 1449 1260 exhiberi
1476 1228 1657 1274 servitium,
1684 1243 1739 1266 ex—

992 1269 1077 1316 pedit
1120 1273 1310 1317 apostolicae
1349 1275 1527 1311 authoritati
1573 1278 1738 1326 religiosas

991 1332 1141 1366 personas
1178 1321 1324 1368 diligere,
1358 1333 1389 1359 et
1434 1337 1543 1362 eorum
1575 1329 1674 1376 quieti
1707 1340 1738 1365 et

990 1370 1202 1417 tranquillitati
1222 1373 1392 1409 auxiliante
1412 1374 1548 1411 Domino
1569 1378 1738 1414 salubriter

989 1419 1164 1465 providere.
1193 1421 1379 1469 Eapropter,
1404 1424 1511 1461 dilecti
1539 1427 1571 1461 in
1598 1428 1735 1464 Domino

989 1468 1062 1510 filii,
1097 1470 1208 1505 vestris
1241 1473 1331 1507 iustis
1368 1475 1634 1521 postulationibus
1669 1479 1736 1514 cle-

990 1526 1111 1553 menter
1138 1520 1320 1561 annuimus.
1348 1531 1378 1558 et
1399 1524 1435 1558 ad
1458 1527 1618 1574 exemplar
1644 1541 1735 1575 prae--

987 1567 1188 1604 decessorum
1219 1580 1396 1607 nostrorum
1431 1584 1557 1611 sanctae
1584 1578 1734 1613 recorda-

986 1618 1078 1652 tionis
1110 1618 1246 1665 Eugenii
1285 1629 1315 1656 et
1348 1622 1478 1658 Adriani
1511 1626 1730 1663 Romanorum

1787 1147 1890 1170 Exordiun

843 1705 848 1710 ,
963 1693 965 1711 2
985 1666 1187 1712 Pontificum,
1216 1671 1382 1716 praefatam
1409 1673 1598 1720 Ecclesiam,
1622 1678 1652 1711 in
1669 1691 1729 1725 qua

197 1700 388 1741 sententiae,
423 1701 628 1747 authoritate,
668 1714 729 1749 qua
764 1704 965 1750 funginiur,⁴

984 1716 1090 1752 divino
1117 1719 1284 1766 mancipati
1309 1722 1384 1756 estis
1411 1722 1576 1772 obsequio,
1604 1726 1664 1761 sub
1692 1728 1728 1762 Β.
1759 1736 1828 1773 flacce
1853 1745 1929 1775 morga-

984 1766 1066 1800 Petri
1094 1776 1124 1801 et
1151 1777 1256 1804 nostra
1284 1772 1477 1817 protectione
1515 1776 1727 1823 suscipimus,
1745 1770 1928 1826 ῗῑζᾛζξζᾏιῖῑῖξζ

983 1824 1013 1850 et
1041 1818 1214 1863 praesentis
1249 1820 1358 1868 scripti
1391 1822 1554 1871 privilegio
1581 1838 1729 1861 commu-
1742 1832 1926 1881 {cffssgffi‘fffleffl-

983 1866 1107 1907 uimus3
1131 1867 1161 1900 in
1185 1867 1294 1914 primis
1315 1871 1469 1918 siquidem
1492 1883 1677 1920 statuentes,
1696 1877 1746 1911 ut>
1775 1867 1786 1887 Ρ
1827 1871 1843 1887 ”

982 1915 1059 1950 ordo
1089 1918 1271 1957 canonicus.
1310 1921 1364 1967 qui
1398 1924 1575 1959 secuudum
1603 1925 1727 1971 Deum,

981 1973 1010 1999 et
1041 1966 1077 2000 B.
1107 1967 1271 2012 Augustini
1299 1969 1437 2016 regulam
1465 1972 1497 2007 in
1521 1975 1631 2009 eodem
1659 1975 1728 2010 loco

980 2016 1120 2049 noscitur
1142 2016 1312 2057 institutus,
1336 2023 1495 2068 perpetuis
1521 2024 1636 2059 ibidem
1652 2033 1728 2059 tem-

980 2064 1109 2111 poribus
1144 2065 1363 2103 inviolabiliter
1395 2071 1588 2108 observetur.
1623 2073 1728 2109 Prae-

980 2122 1060 2149 terea
1083 2127 1299 2164 quascumque
1312 2121 1538 2166 possessiones,
1559 2135 1727 2170 quaecum-

978 2176 1038 2210 que
1061 2164 1159 2208 boua,
1187 2174 1248 2200 tam
1270 2179 1308 2201 ex
1329 2168 1413 2204 dono
1439 2169 1594 2217 Com-adi,
1621 2185 1725 2220 quou-

977 2214 1049 2247 dam
1081 2214 1306 2263 archiepiscopi
1341 2218 1515 2267 Salisburg.
1552 2221 1725 2257 fundatoris

978 2262 1035 2297 loci
1059 2263 1166 2305 vestri,
1197 2278 1290 2312 quam
1325 2267 1458 2304 aliorum
1484 2271 1541 2306 Dei
1571 2271 1723 2313 fidelium,

977 2311 1266 2359 impraesentiarum
1295 2316 1376 2352 iuste
1396 2326 1427 2353 et
1447 2321 1597 2355 canonice
1619 2322 1723 2367 possi—

977 2360 1040 2405 det,
1071 2371 1124 2396 aut
1155 2364 1184 2398 in
1209 2364 1348 2400 futurum
1384 2369 1589 2405 concessione
1611 2370 1723 2406 Ponti-

977 2411 1083 2451 ficum,
1106 2411 1269 2459 largitione
1291 2417 1482 2464 principum,
1509 2419 1666 2455 oblatione
1691 2422 1723 2455 ii-

975 2459 1107 2505 delium,
1130 2474 1184 2497 seu
1206 2463 1274 2498 aliis
1297 2465 1386 2501 iustis
1407 2467 1521 2509 modis,
1545 2478 1721 2516 praestante

975 2508 1123 2550 Domino,
1145 2513 1260 2558 poterit
1285 2515 1426 2562 adipisci,
1448 2516 1537 2553 firma
1564 2519 1652 2554 vobis
1672 2533 1722 2556 ve-

1752 2135 1808 2156 Boua
1852 2139 1922 2157 omnia

1739 2168 1858 2188 confirmat:

188 2556 215 2576 et
236 2553 359 2586 quamvis
379 2557 439 2579 ante
458 2554 526 2581 duos
550 2563 633 2583 annos
655 2557 688 2583 ibi
713 2565 932 2595 commoraretur,
953 2590 955 2601 ⁴
974 2559 1108 2607 Strlsque
1133 2563 1371 2599 suecessoribus
1396 2573 1427 2601 et
1447 2566 1562 2603 illibata
1590 2581 1721 2617 perma-

188 2585 1083 2665 23:†⁰⁶5243’i÷3⁹²;;1.¹1533.{3¹0'3?3p¹f¹32¹³1?5b¹3²:gf’⁰{taetatneflmz
1112 2622 1141 2643 ¹¹¹
1165 2611 1281 2658 ‘imbus
1312 2613 1387 2650 '¹³³0
1415 2628 1549 2664 1³¹⁰P¹¹¹⁵
1569 2618 1917 2677 ‹tux-musngffgrmgoggg

188 2664 246 2692 pag.
263 2658 322 2685 553.
951 2661 955 2688 i
973 2658 1175 2695 exorimenda
1198 2662 1374 2699 vocabulis:
1398 2674 1518 2702 curtem
1537 2668 1628 2704 sitam
1647 2679 1718 2706 aute
1732 2686 1864 2713 singillatim.
