2180 3205
912 261 1011 283 n'nax
1034 261 1146 284 naam
1676 252 1746 285 845

359 324 511 351 statuitur
548 323 579 350 ut
613 315 806 351 obeuntibus
832 315 991 350 canonicis
1022 315 1234 350 saecularibus
1262 316 1422 362 regulares
1444 316 1689 357 substituantur;
1714 318 1794 353 bona

358 366 464 400 omnia
481 365 507 400 ei
528 366 772 409 confirmantur,
796 368 860 399 43¹
894 367 911 398 b
932 373 962 399 ct
987 377 1046 410 seq.

259 414 396 450 Castitas
424 414 597 449 necessaria
625 414 845 449 ecciesiasticis
871 413 1033 460 gradibus,
1058 416 1102 449 70
1126 416 1153 448 b.

258 463 435 498 Castrensis
473 475 527 498 seu
568 462 814 498 Lichel'eldensis
841 462 978 497 Ecclesia
1017 463 1204 497 transfertur
1231 462 1475 500 Conventriam.
1510 463 1600 498 cuius
1630 465 1793 500 monachis

357 512 474 546 ibidem
500 511 683 558 regulariter
706 512 806 546 vivere
829 512 993 549 statuitur,
1022 515 1092 546 ⁶219
1120 525 1138 546 α
1165 520 1193 546 et
1217 525 1275 557 seq.

257 560 439 596 Catholicae
461 560 621 596 Ecclesiae
644 561 773 595 firmitas
795 561 823 595 in
844 561 962 595 unitate
978 561 1047 596 fidei
1072 561 1182 607 posita.
1213 562 1246 594 V.
1263 561 1409 596 Firmitas
1422 562 1592 597 catholicae
1614 562 1788 598 Ecclesiae.

256 609 458 645 Caturcensis
485 609 645 645 Ecclesiae
666 610 809 645 canonici
837 622 910 644 cum
935 610 1024 645 bonis
1051 622 1066 644 a
1089 609 1218 644 Giraldo
1241 611 1391 658 episcopo
1407 611 1538 646 conlatis
1560 611 1789 648 confirmantur

354 659 383 693 in
407 658 602 706 professione
630 659 709 693 vitae
738 659 909 705 regularis,
938 662 1003 694 160
1030 672 1049 693 a
1076 669 1102 693 et
1127 672 1185 704 seq.

239 709 397 743 >Cavense
423 708 647 742 monasterium
675 721 692 742 a
727 707 882 753 Gregorio
913 707 968 742 Vll
998 708 1169 762 privilegiis
1203 709 1377 752 munitum,
1416 711 1487 742 143
1510 722 1540 743 a.
1570 710 1653 745 Haec
1682 711 1787 745 omnia

351 769 425 792 cum
456 757 554 792 altero
580 768 596 791 a
623 756 760 812 Rogerio
795 757 992 791 Salernitano
1019 757 1132 791 comite
1156 758 1401 800 confirmantur,
1427 759 1494 792 144
1523 761 1539 793 b
1570 769 1600 794 et
1624 772 1686 805 seq.
1714 759 1786 794 Sta-

352 814 417 840 tuta
433 805 581 840 nonnulla
610 817 666 852 pro
688 806 839 852 regimine
862 806 1100 840 monachorum.
1125 809 1190 840 115
1213 820 1230 840 α
1254 816 1282 840 et
1305 809 1332 840 b.
1357 806 1424 841 Sub
1448 808 1642 853 protectione
1673 809 1783 856 Apost.

350 854 443 890 Sedis
464 854 648 900 suscipitur,
661 855 753 901 eique
768 855 847 889 bona
861 855 964 889 omnia
982 842 1219 895 confirmantur,
1239 858 1306 890 705
1321 858 1338 890 b
1353 864 1453 901 etseq.

250 903 516 952 Cephalaeditana
537 903 676 938 Ecclesia
705 905 734 938 in
758 903 973 950 episcopatum
997 904 1140 951 erigitur,
1164 884 1307 952 boiiaquc
1329 905 1432 939 omnia
1455 913 1485 940 et
1505 907 1608 952 regiae
1631 906 1782 942 immuni-

349 961 428 988 tates
454 953 481 988 ei
505 952 743 991 confirmantur.
769 955 837 987 718
865 955 882 987 b
909 962 937 987 et
960 967 1020 999 seq.

249 1001 335 1037 Cella
359 1001 433 1049 quid
461 1002 511 1042 sit,
536 1004 599 1036 171
627 1015 655 1036 α.
686 1003 721 1036 V.
753 1011 815 1036 not.
839 1002 875 1035 ad
899 1003 974 1036 csilc.
1001 1003 1117 1037 colum.
1141 1002 1294 1037 eiusdem.

247 1050 418 1099 Ccrteseya
437 1050 498 1095 (de)
519 1050 744 1086 Wintoniense
765 1052 1000 1085 monasterinm.
1029 1053 1060 1085 Γ,
1083 1051 1166 1086 Petri
1195 1050 1252 1093 (S.)
1273 1051 1311 1086 de
1333 1051 1500 1099 Certeseya
1526 1060 1579 1087 etc.

247 1099 517 1135 Chalcedonensis
538 1099 675 1147 synodus
701 1100 931 1135 ordinationum
957 1112 1010 1147 per
1033 1101 1197 1147 pecuniam
1225 1100 1375 1135 factarum
1400 1101 1627 1137 interventores
1649 1103 1781 1138 anathe-

345 1149 483 1188 matizat.
505 1152 575 1184 204
603 1162 623 1183 α
644 1157 674 1184 et
696 1151 723 1182 b.

246 1197 362 1233 Charta
387 1198 545 1233 charitatis
566 1210 621 1233 seu
656 1197 838 1232 constitutio
865 1198 903 1232 ab
929 1198 1039 1233 ordine
1066 1198 1267 1233 Cisterciensi
1297 1198 1525 1234 monachorum
1553 1199 1587 1234 S.
1617 1200 1780 1236 Benedicti

346 1259 402 1294 pro
423 1259 481 1282 suo
507 1247 661 1294 regimine
683 1246 766 1282 edita
792 1247 1007 1285 confirmatur,
1037 1250 1106 1282 582
1134 1261 1151 1281 α
1175 1256 1203 1281 et
1230 1261 1304 1293 seq..
1331 1250 1400 1282 584
1423 1261 1442 1282 a
1464 1256 1567 1293 etseq.

244 1294 426 1331 Cbeminon
448 1296 508 1341 (de)
530 1296 757 1331 monasterium
782 1296 820 1331 ab
846 1296 956 1331 ordine
983 1296 1016 1330 S.
1041 1296 1160 1331 Nicolai
1190 1296 1229 1331 de
1253 1298 1382 1332 Aroasia
1407 1297 1590 1332 translatum
1618 1298 1656 1331 ad
1684 1299 1780 1333 ordi-

342 1357 415 1380 nem
444 1344 703 1385 cisterciensem,
726 1345 879 1380 coenobio
902 1346 940 1379 (le
961 1345 1077 1380 Tribus
1104 1346 1260 1380 Fontibus
1281 1345 1438 1390 subditur,
1461 1348 1530 1380 424
1557 1348 1574 1380 b
1600 1355 1630 1381 et
1650 1359 1710 1392 seq.

242 1393 390 1442 Chorney
416 1394 476 1438 (de)
505 1395 741 1434 monasterium
765 1396 837 1428 675
858 1407 888 1428 α.
914 1395 992 1428 Eius
1021 1396 1112 1432 bona
1136 1396 1210 1428 i'ssbid
1235 1395 1471 1442 Emmpfiones,
1494 1397 1565 1429 674
1588 1397 1616 1429 b.

242 1408 471 1479 christifideles
493 1443 697 1479 exhortantur
718 1443 755 1478 ad
778 1443 1030 1478 succurrendum
1051 1443 1267 1479 Orientalibus
1286 1444 1324 1478 ab
1345 1443 1555 1479 infidelibus
1549 1445 1676 1486 invasis,
1697 1447 1737 1480 61
1759 1448 1777 1480 b

339 1500 371 1527 et
390 1505 420 1527 se

242 1505 526 1588 Cinglensisqcella
552 1542 743 1576 monasterio
764 1542 880 1577 Montis
898 1540 1005 1576 Casini
1028 1541 1188 1580 asseritur
1218 1542 1356 1577 iniuncta
1383 1542 1469 1588 lege,
1503 1550 1536 1576 ut
1558 1553 1683 1589 semper
1713 1543 1776 1578 illic

340 1590 526 1625 ancillarum
558 1589 615 1625 Dei
638 1592 839 1637 congregatio
866 1591 1046 1633 renunciet
1087 1593 1151 1625 192
1173 1605 1192 1626 (ι
1214 1599 1244 1626 et
1277 1605 1337 1636 seq.
1360 1590 1606 1626 Cassinensibus
1631 1592 1774 1627 restituta

337 1639 376 1674 ab
400 1639 530 1674 Urbano
553 1639 580 1673 ll
601 1639 676 1680 ΡΡ.
704 1642 774 1674 21·
762 1652 770 1673 ι
798 1642 825 1674 b.
849 1639 976 1674 Eisdem
999 1618 1202 1675 coiilirmatnr
1227 1653 1243 1675 a
1267 1640 1411 1675 paschali
1437 1640 1465 1675 11
1486 1640 1662 1677 PP.ib1'.d

238 1687 416 1724 Cismarina
437 1696 518 1724 terra
541 1688 622 1735 regis
644 1689 775 1734 Angliae
798 1696 924 1736 propter
953 1689 1012 1722 iim
1030 1689 1188 1723 illatamS
1166 1713 1181 1724 e
1194 1688 1368 1724 .Thomae
1391 1688 1613 1724 Cantuariensi
1635 1690 1772 1737 archiep.

337 1749 354 1772 a
381 1737 533 1784 delegatis
554 1738 665 1784 Apost.
695 1738 909 1778 interdititur3
942 1738 1096 1772 sententia
1125 1750 1233 1773 eorum
1256 1739 1472 1782 confirmatur,
1500 1741 1569 1773 750
1590 1750 1608 1771 α
1631 1746 1661 1772 et
1686 1752 1746 1784 seq.

237 1783 382 1820 Cistercii
410 1787 635 1822 monasterium
663 1787 889 1822 monachorum
912 1786 945 1821 S.
976 1787 1137 1821 Benedicti
1167 1789 1196 1822 in
1224 1788 1359 1822 dioecesi
1387 1787 1572 1822 Cabilonen.
1597 1787 1770 1822 institutum

334 1835 394 1870 sub
421 1835 621 1882 Apostolicae
647 1835 741 1871 Sedis
779 1836 971 1883 protectione
1006 1836 1195 1883 suscipitur
1232 1838 1302 1871 209
1330 1839 1357 1871 b.
1392 1836 1469 1870 Eius
1501 1836 1671 1871 concordia
1698 1849 1769 1872 cnm

334 1883 539 1920 molismense
562 1885 754 1920 monasterio
777 1885 993 1920 confirmatur.
1016 1887 1090 1918 ibid.

235 1930 496 1968 Cisterciensium
525 1933 752 1968 monachorum
776 1934 910 1981 capitula
942 1933 978 1967 ad
1002 1934 1231 1969 observantiam
1256 1934 1379 1981 regulae
1400 1934 1434 1969 S.
1458 1934 1622 1969 Benedicti
1648 1935 1770 1969 constr-

334 1990 472 2027 mantur,
495 1984 566 2018 500
592 1996 612 2017 a
634 1991 663 2017 et
685 1985 714 2027 b·‚
742 1985 812 2017 859.
835 1985 852 2017 b
874 1991 903 2017 et
924 1995 982 2026 seq
1006 1982 1082 2017 Sine
1109 1984 1157 2018 sni
1179 1984 1302 2018 abbatis
1323 1995 1481 2018 consensu
1500 1983 1631 2018 caeteris
1649 1995 1679 2017 in
1699 1996 1770 2018 mo-

331 2032 479 2067 nasteriis
501 2032 600 2078 recipi
629 2044 692 2066 uon
709 2041 859 2086 possunt
881 2034 955 2066 ibid.

233 2078 476 2115 Claromontana
502 2081 645 2128 synodus
667 2082 731 2127 agit
753 2081 791 2115 de
814 2082 948 2128 primatu
971 2081 1195 2127 Lugdunensis
1217 2081 1394 2125 Ecclesiae,
1428 2083 1494 2115 163
1515 2093 1546 2115 a.
1575 2080 1621 2116 De
1648 2094 1684 2115 eo
1712 2081 1768 2116 de-

331 2139 453 2165 cretum
475 2129 594 2164 Urbani
617 2130 656 2174 ll
682 2132 749 2164 164
772 2143 802 2164 α.

233 2177 466 2214 Clau-evallense
487 2179 721 2214 Columbanum
746 2179 984 2214 monasterium.
1022 2181 1052 2213 V.
1081 2178 1279 2214 Columbano
1314 2178 1535 2214 Clarevallensi
1564 2179 1766 2215 monasterio.

232 2225 513 2263 Clarevallensium
540 2228 670 2262 fratrum
693 2228 848 2272 encomia,
876 2230 946 2262 4⁶25
968 2242 998 2262 α.

231 2274 340 2311 Clausi
364 2277 555 2312 monasterio
581 2277 721 2312 Placent.
743 2277 898 2312 dioecesis
917 2277 1070 2311 decimam
1093 2277 1235 2312 collatam
1257 2276 1296 2311 ab
1318 2276 1463 2311 Ardnino
1484 2284 1515 2312 et
1533 2276 1602 2312 aliis
1623 2277 1763 2311 Placent.

329 2326 487 2373 episcopis
509 2326 665 2361 violenter
678 2326 835 2361 subtrahit
856 2326 948 2373 Hugo
966 2326 1146 2374 episcopus,
1170 2326 1423 2373 praecipiturque
1445 2326 1472 2360 ei
1489 2326 1572 2361 illam
1591 2326 1768 2364 restituere.

333 2384 396 2417 761
430 2385 447 2417 b
473 2391 503 2418 et
528 2396 588 2429 seq.

230 2439 421 2482 Clementia,
442 2441 699 2477 Flandriensium
721 2442 892 2483 comitissa,
917 2446 986 2477 515
1010 2444 1038 2476 b.

229 2497 344 2533 Clerici
380 2499 555 2534 castitatem
582 2508 758 2540 servantes,
787 2499 873 2534 iuxta
903 2499 1061 2535 Ecclesias
1088 2499 1205 2546 quibus
1239 2499 1374 2535 ordinati
1400 2507 1475 2535 sunt
1508 2500 1604 2536 simul
1629 2500 1767 2537 mandu-

328 2564 411 2595 cent.
428 2564 458 2591 et
473 2556 605 2604 quiquid
629 2557 674 2592 eis
695 2557 734 2592 ab
752 2557 891 2592 Ecclesia
914 2559 1076 2604 competit.
1104 2558 1318 2592 communiter
1345 2558 1490 2602 habeant.
1513 2561 1558 2592 9-1
1580 2572 1610 2594 α.
1633 2558 1767 2594 Concu-

332 2613 448 2650 binarii
473 2625 563 2650 sacro
591 2615 767 2651 ministerio
794 2615 967 2663 priventur,
1002 2617 1047 2649 68
1082 2628 1111 2650 α.
1147 2615 1327 2651 simoniace
1353 2616 1488 2652 ordinati
1510 2618 1640 2656 omnino
1666 2617 1767 2664 depu-
