2180 3205
19 303 68 332 Αη.
89 303 120 331 C.
135 304 202 331 ttcti

44 356 202 378 nonasterium

19 383 61 405 tub
67 383 134 404 tuteta
142 383 203 403 Sedis

18 410 154 459 apostoticae
164 414 203 430 su·

52 439 119 463 pium

33 620 157 643 Fundanum
174 620 202 642 ab

19 648 113 674 nasone
120 647 202 669 comite

22 674 163 696 wtmaeensi:

43 754 120 776 Eidem
143 753 201 775 bona

20 781 94 803 amnt·
120 780 201 802 confir-

19 811 122 832 matur:

19 1286 104 1315 antique
112 1289 200 1314 Aposto-

19 1314 74 1336 tte-e
82 1315 131 1336 Seni
145 1316 201 1335 sut>-

19 1341 99 1390 ffitnm
105 1342 164 1363 decta
167 1347 200 1362 n—

34 1875 150 1908 uceretum
161 1878 200 1899 irn-

17 1907 116 1924 mmm.
125 1910 136 1924 a
145 1910 200 1930 qua-

17 1933 110 1978 ffique
127 1931 200 1952 mote-

19 2244 154 2268 Soermema
164 2254 200 2269 ve-

20 2277 46 2294 m
58 2273 86 2294 ab
97 2275 200 2301 episcopo

78 2302 200 2326 recipienda

19 2329 66 2347 u
85 2328 199 2353 statuitur.

29 2352 48 2373 εἱ
66 2353 201 2379 apostoncae

18 2377 128 2411 &dimon
135 2379 202 2402 ruerit

129 2413 162 2429 us.

845 305 1019 330 msanLts
1041 307 1063 330 Π
1087 308 1135 330 ΙΨ.

229 359 363 395 rantium
392 371 454 395 nou
482 368 527 396 est
555 360 728 396 differenda
752 361 870 408 petitio.
901 362 978 397 Tuis

229 409 334 454 igitur.
369 410 410 443 lili
447 410 476 444 in
513 409 639 445 Cbristo
673 410 857 446 charissime
883 411 978 445 Lam-

228 458 327 499 berte,
351 459 441 494 iustis
457 459 664 506 petitionibus
686 468 874 500 annuentes,
890 459 976 494 Beati

227 506 385 543 Gualerici
409 509 655 553 monasterium,
682 509 732 544 cui
759 509 827 543 Deo
848 517 976 544 auctore

229 558 399 604 praesides,
427 566 456 592 et
483 558 587 592 omnia
607 558 644 592 ad
666 559 767 603 ipsum
790 558 976 605 pertinentia

226 606 286 641 sub
308 607 435 642 tutelam
455 607 654 654 Apostolicae
675 607 768 642 Sedis
790 607 974 651 excipimus:

226 655 310 702 quod
346 656 490 691 videlicet
523 656 747 691 monasterium
775 656 814 690 ab
841 655 975 702 llugone

226 705 385 752 quondam
412 706 527 741 comite
555 705 585 739 in
614 705 684 740 loco
706 705 758 751 qni
786 705 976 751 Leugonans

226 754 407 795 dicebatur,
448 754 647 789 aedificatum
683 755 874 800 agnoscitur.
915 754 976 789 Per

226 805 399 851 praesentis
422 804 515 849 igitur
538 803 693 851 privilegii
724 803 871 850 paginam
898 816 975 850 apo-

225 853 334 888 stolica
367 852 550 888 auctoritate
585 853 771 896 statuimus,
811 860 842 886 ut
876 864 976 898 quae-

225 914 361 950 cumque
389 902 528 949 praedia,
553 914 771 949 quaecumque
793 901 874 936 bona
892 901 973 936 idem

225 963 332 987 comcs
358 951 470 998 llugo,
493 951 540 986 vel
563 951 613 986 alii
644 951 752 986 fideles
774 950 875 986 eidem
907 964 975 986 mo-

225 1001 362 1036 nasterio
389 1000 561 1035 contulisse
595 1001 633 1036 de
658 1001 725 1035 iure
760 1000 886 1047 proprio
921 1013 975 1035 co-

223 1058 439 1096 gnoscuntur:
468 1062 689 1097 quaecumque
715 1049 808 1084 etiam
832 1050 861 1083 in
891 1049 975 1084 futu-

224 1111 293 1134 rum
317 1100 521 1135 concessione
556 1099 759 1141 Pontificum,
786 1098 974 1134 liberalitate

224 1149 418 1196 principum,
457 1148 502 1184 vel
537 1148 694 1183 oblatione
726 1147 865 1182 fidelium
894 1148 974 1183 iuste

223 1197 289 1232 dari
317 1198 461 1233 offerrive
487 1198 667 1244 contigerit,
696 1198 784 1232 firma
813 1197 900 1232 vobis
928 1210 976 1232 ve-

223 1248 359 1295 strisque
380 1247 617 1282 successoribus
643 1255 674 1282 et
706 1246 822 1281 illibata
852 1259 975 1294 perma-

224 1304 330 1332 neaut.
365 1296 470 1344 lpsum
503 1297 596 1332 etiam
631 1296 854 1331 monasterium
889 1297 972 1330 iuxta

224 1346 502 1393 praedecessorum
523 1354 701 1380 nostrorum
721 1352 835 1380 statuta
850 1357 975 1390 semper

223 1395 284 1430 sub
306 1395 522 1430 iurisdictione
556 1403 682 1430 sanctae
715 1394 878 1429 Romanae
913 1394 974 1429 Ec-

223 1444 338 1480 clesiae
360 1453 573 1479 conservetur.
602 1443 687 1478 Nulli
709 1444 802 1478 etiam
826 1443 973 1478 sacerdo-

223 1501 290 1528 tum
334 1493 365 1528 in
404 1493 515 1529 eodem
558 1493 746 1528 monasterio
788 1501 972 1540 potestatem

223 1555 370 1579 exercere
391 1543 494 1584 liceat,
515 1551 568 1578 aut
587 1543 655 1577 eius
677 1542 757 1577 hona
778 1541 973 1589 quibuslibet

223 1593 445 1628 occasionibus
489 1592 651 1626 infestare:
699 1592 812 1626 missas
848 1603 973 1638 quoque

223 1641 366 1688 publicas
393 1642 422 1676 in
451 1641 562 1676 eodem
592 1642 782 1675 monasterio
809 1640 972 1679 celebrari,

224 1690 271 1724 rel
294 1691 444 1726 stationes
467 1691 532 1725 fieri
558 1698 679 1737 praeter
705 1690 826 1724 abbatis
860 1702 894 1724 ac
918 1689 974 1724 sra-

223 1747 306 1774 trum
329 1740 519 1775 voluntatem
548 1739 730 1774 omnimodo
754 1738 973 1786 probibemus⁷

222 1801 264 1823 ne
291 1789 322 1823 in
345 1801 506 1824 servorum
529 1789 588 1823 Dei
614 1788 792 1823 recessibus
815 1787 975 1834 populari-

222 1838 283 1873 bus
303 1838 427 1873 occasio
456 1838 641 1885 praebeatur
668 1837 729 1872 ulla
752 1837 971 1872 conventibus.

221 1886 433 1922 Decernimus
455 1899 541 1934 crgo,
566 1896 599 1921 nt
617 1887 694 1921 nulli
718 1887 848 1921 omnino
875 1887 974 1921 bomi-

223 1948 299 1971 num
327 1937 418 1971 liceat
440 1936 522 1971 idem
550 1936 739 1971 coenobium
765 1944 881 1971 temere
902 1948 973 1982 per-

223 1985 367 2029 turbare,
393 1994 446 2020 aut
472 1986 539 2020 eins
576 1986 793 2032 possessiones
832 1985 971 2023 auferre,

224 2035 385 2076 minuere,
413 2035 460 2070 vel
489 2036 661 2069 temerariis
683 2034 900 2069 vexationibus
929 2034 972 2067 fa-

223 2084 336 2130 tigare;
371 2083 427 2119 sed
455 2084 560 2119 omnia
600 2085 718 2129 integra
746 2092 973 2118 conserventur

223 2145 346 2176 eorum,
369 2145 424 2180 pro
446 2145 581 2180 quornm
603 2133 853 2168 substentatione
868 2141 896 2167 et
912 2145 967 2178 gu-

222 2180 408 2217 bernatione
435 2194 584 2217 concessa
607 2191 698 2223 sunt,
734 2182 844 2216 usibus
867 2182 974 2216 omni-

223 2232 328 2266 modis
342 2230 512 2278 prol'utnra.
526 2230 684 2271 Chrisma,
702 2231 806 2266 oleum
816 2239 973 2274 sanctum,

224 2281 477 2315 consecrationes
498 2280 641 2314 altarium
671 2281 736 2315 sive
759 2279 973 2318 basilicarum,

223 2330 438 2364 ordinationes
465 2329 702 2368 monachorum,
731 2329 783 2376 qui
806 2329 844 2363 ad
867 2340 974 2362 sacros

224 2378 353 2413 ordines
379 2377 495 2412 fuerint
515 2379 730 2423 promovendi,
750 2378 788 2412 ab
811 2377 973 2424 episcopo,

224 2427 256 2461 in
278 2428 369 2462 cuius
396 2427 532 2461 dioecesi
552 2428 638 2470 estis,
660 2427 833 2473 accipietis,
861 2427 884 2460 si
903 2427 974 2472 qui-

224 2476 296 2511 dem
325 2476 455 2522 gratiam
483 2484 576 2522 atque
603 2477 860 2510 communionem
884 2477 975 2522 Apo-

225 2525 354 2560 stolicae
375 2525 470 2559 Sedis
497 2525 650 2565 babuerit,
673 2533 704 2559 et
730 2525 805 2559 sica
829 2526 924 2570 gratis
940 2537 974 2559 ae

225 2574 293 2609 sine
309 2574 458 2621 pravitate
477 2574 607 2608 toluci-it
629 2574 793 2613 exhibere,
822 2574 975 2620 alioquin,

225 2622 317 2657 liceat
344 2622 432 2657 vobis
454 2623 656 2663 catholicum,
684 2635 775 2669 quem
802 2622 975 2662 volueritis,

225 2671 312 2707 adire
334 2672 518 2712 antistitem,
541 2680 570 2706 et
590 2672 627 2706 ab
646 2684 683 2707 eo
702 2673 974 2706 consecrationum

306 2728 380 2760 Bau.
399 2727 477 2758 Itum.
505 2728 558 2758 Vol.
580 2728 617 2758 ΙΙ,
783 2728 816 2758 31

1649 303 1715 336 241

1018 371 1211 398 sacramenta
1251 365 1429 412 suscipere,
1471 366 1524 414 qni
1568 367 1769 415 Apostolicae

1018 411 1110 447 Sedis
1130 413 1226 448 fultus
1245 416 1439 460 auctoritate,
1462 429 1542 463 quae
1557 418 1766 464 postulantur,

1019 461 1189 507 indulgeat.
1226 462 1310 498 Sane
1340 464 1488 500 adiacens
1522 466 1668 513 parochia
1694 480 1767 503 cum

1020 510 1104 545 Beati
1128 510 1252 546 Martini
1275 512 1404 548 ecclesia
1427 523 1457 549 et
1480 515 1673 563 presbyterio
1700 519 1769 552 eius

1019 561 1048 593 in
1076 572 1123 603 ea,
1150 573 1244 606 quam
1267 561 1420 597 hactenus
1448 564 1599 610 possedit,
1627 565 1768 601 libertate

1019 618 1232 655 permaneant.
1270 610 1304 645 Si
1336 624 1396 658 qua
1423 612 1518 657 igitur
1551 614 1765 651 ecclesiastica

1017 658 1224 693 saecularisve
1259 672 1402 706 persona,
1431 661 1511 696 banc
1537 671 1660 699 nostrae
1688 677 1767 699 con-

1017 707 1189 742 stitutionis
1229 709 1372 755 paginam
1405 711 1521 755 sciens,
1555 721 1663 748 contra
1697 726 1766 749 eam

1019 764 1134 791 temere
1149 758 1252 792 venire
1276 759 1450 799 tentaverit,
1479 761 1618 796 secundo
1634 764 1766 798 tertiove

1017 806 1220 850 commonita,
1247 807 1272 841 si
1300 820 1361 842 non
1389 808 1600 845 satisfactione
1627 823 1765 858 congrua

1017 855 1241 895 emendaverit,
1266 858 1429 904 potestatis
1451 858 1643 907 honorisque
1658 862 1705 895 sui
1723 861 1768 895 di-

1016 904 1133 950 gnitate
1152 914 1266 946 careat,
1295 918 1444 953 reamque
1465 920 1499 942 se
1521 907 1627 944 divino
1651 910 1767 945 iudicio

1016 954 1151 989 existere
1179 954 1217 989 de
1246 964 1421 1002 perpetrata
1457 957 1620 1004 iniquitate
1646 971 1768 1003 cogno-

1016 1012 1099 1047 scat,
1129 1011 1159 1038 et
1181 1016 1196 1038 a
1223 1006 1435 1039 sacratissimo
1462 1005 1603 1053 Corpore
1624 1019 1660 1042 ae
1682 1008 1768 1043 San-

1015 1053 1110 1097 guine
1138 1052 1196 1087 Dei
1219 1062 1249 1087 et
1272 1054 1399 1088 Domini
1423 1053 1646 1103 Redemptoris
1668 1059 1767 1093 nostri

1018 1101 1086 1135 lesu
1109 1101 1226 1137 Clu-isti
1244 1103 1344 1138 aliena
1367 1104 1429 1144 liat,
1457 1113 1551 1152 atque
1573 1106 1604 1140 in
1627 1116 1767 1142 extremo

1016 1151 1159 1186 examine
1181 1152 1339 1187 districtae
1359 1153 1468 1187 ultioni
1485 1154 1657 1190 subiaceat.
1681 1155 1766 1191 Cun-

1015 1200 1072 1234 ctis
1099 1209 1202 1235 autem
1231 1202 1332 1236 eidem
1366 1202 1434 1237 loco
1462 1203 1542 1239 iusta
1568 1205 1767 1240 servantibus

1015 1249 1054 1283 sit
1078 1263 1136 1296 pax
1159 1250 1285 1284 Domini
1316 1252 1411 1286 nostri
1441 1251 1512 1286 Iesu
1531 1252 1663 1297 Christi,
1685 1267 1772 1301 qua-

1017 1299 1099 1333 tinus
1121 1308 1151 1334 et
1174 1300 1224 1334 bic
1247 1300 1381 1335 fructum
1409 1300 1509 1336 bonae
1532 1303 1665 1338 actionis
1693 1316 1767 1350 per-

1016 1348 1144 1394 cipiant,
1166 1357 1196 1382 et
1218 1350 1301 1395 apud
1325 1350 1501 1385 districtum
1526 1351 1665 1387 Iudicem
1683 1365 1768 1399 prae-

1017 1397 1076 1431 mia
1115 1406 1259 1432 aeternae
1299 1400 1384 1446 pacis
1425 1400 1596 1435 inveniant.
1642 1402 1765 1443 Amen,

1015 1458 1118 1486 amen,
1146 1459 1250 1481 amen.

1064 1495 1136 1530 Eoo
1151 1496 1334 1533 szcnaus
1353 1498 1525 1534 catholicae
1546 1499 1705 1535 Ecclesiae
1721 1503 1765 1545 (1)

1015 1557 1055 1579 ss.
1084 1544 1170 1580 Bene
1194 1546 1302 1581 valete.

1063 1594 1178 1629 Datum
1195 1595 1367 1630 Beneventi
1392 1609 1447 1643 per
1466 1610 1593 1632 manum
1616 1598 1766 1633 lobannis

1014 1643 1047 1677 S.
1078 1643 1114 1677 R.
1139 1644 1175 1678 E.
1200 1644 1323 1680 diaconi
1351 1646 1518 1681 cardinalis
1540 1659 1576 1681 ac
1596 1647 1767 1683 bibliothe-

1014 1693 1102 1737 carii,
1134 1706 1166 1728 tv
1186 1694 1258 1728 idus
1285 1695 1400 1739 martii,
1424 1695 1596 1730 indictione
1619 1709 1689 1738 xiv,
1714 1698 1766 1731 in-

1015 1743 1204 1777 carnationis
1230 1743 1408 1779 dominicae
1434 1757 1517 1779 anno
1539 1758 1632 1784 ,ιιι-γι,
1657 1748 1764 1794 ponti-

1016 1791 1125 1826 ficatus
1156 1802 1259 1827 autem
1294 1793 1400 1828 domni
1436 1794 1598 1829 Pascbalis
1631 1796 1764 1831 secundi

1015 1840 1137 1887 Papae,
1167 1854 1222 1876 vu.

1074 1897 1136 1927 Dat.
1159 1899 1205 1929 die
1226 1899 1261 1928 1⁶2
1281 1900 1376 1930 martii
1396 1910 1472 1930 anno
1489 1900 1603 1930 Domini
1620 1902 1706 1938 1106,

1255 1944 1357 1983 pontif.
1380 1954 1456 1974 anno
1478 1953 1527 1974 vu.

1339 2086 1442 2121 XXV.

1016 2162 1216 2206 Confirmatio
1258 2163 1408 2195 bonorum
1449 2163 1491 2195 ad
1541 2163 1764 2195 Ferrariensem

1067 2216 1101 2247 E«
1111 2217 1230 2248 elesiarii
1259 2217 1476 2260 spectantium,
1501 2217 1552 2248 citi
1563 2217 1764 2258 asst'ynantur

1063 2270 1189 2306 limites,
1214 2276 1239 2301 el
1263 2270 1400 2301 undecim
1423 2270 1553 2301 minores
1587 2280 1704 2302 massae
1727 2270 1762 2301 de

1061 2323 1249 2366 patrimonio
1273 2323 1431 2356 Romanae
1463 2323 1618 2356 Ecclesiae
1644 2323 1767 2356 donan-

1065 2384 1115 2409 ltu·
1138 2379 1199 2418 (2).

1281 2439 1495 2470 SUMMAttlt'M

1016 2497 1182 2527 Exordium.
1193 2515 1232 2519 —
1244 2498 1396 2527 Paschalis
1408 2497 1462 2526 1²1³.
1478 2497 1686 2536 patrimonium
1698 2497 1770 2527 Fer-

1057 2542 1181 2571 rariensi
1200 2541 1347 2570 Ecclesiae
1370 2541 1559 2577 confirmans,
1572 2541 1627 2570 alia
1640 2541 1715 2571 bona
1733 2542 1769 2571 de

1058 2595 1130 2616 noro
1148 2587 1244 2615 donat.
1274 2602 1313 2608 ——
1334 2586 1497 2625 Episcopus
1528 2585 1728 2615 Ferrariensis
1753 2596 1767 2615 a

1053 2649 1091 2681 (l)
1113 2647 1187 2674 Adde
1197 2650 1339 2679 episcopus.
1378 2648 1417 2681 (2)
1434 2647 1473 2673 Ex
1484 2647 1624 2674 Tabulario
1635 2646 1767 2673 Ecclesiae

1018 2688 1192 2715 Fen-ariensis
1208 2691 1234 2714 et
1250 2695 1313 2714 mss.
1332 2688 1466 2722 Peregrini
1482 2686 1618 2714 Prisciani.

1796 306 1844 332 An.
1865 305 1892 332 C.
1912 307 1978 333 two

1797 614 1880 635 5otitae
1895 616 1981 636 c'ansu-

1796 642 1828 662 lae
1843 642 1952 667 poenales.

1808 1506 1917 1527 Paschatis
1941 1506 1979 1527 ΡΡ,

1795 1533 1934 1559 subscriptio.
