2180 3205
189 227 235 255 An.
254 227 281 253 C.
303 228 368 254 Ηῖιὸ

221 515 339 536 Exordium.

206 1057 262 1078 Paeti
273 1058 340 1078 series
355 1060 376 1078 et

195 1090 309 1110 secretum.

198 1455 278 1477 Boules<
292 1457 311 1476 in
329 1456 380 1476 (Ire-

202 1494 247 1507 ======
251 1488 295 1507 ensi
320 1488 381 1507 dioe-

199 1525 242 1537 .‹·>i
252 1519 331 1545 positus
339 1519 383 1544 epi-

200 1555 263 1575 scoio
277 1550 382 1569 subiectas

199 1580 243 1601 lore
261 1581 364 1601 deceruit.

209 2100 250 2120 Alia
267 2104 348 2127 quoque
368 2100 387 2119 ei

207 2131 277 2150 tribuit
301 2130 388 2156 privile-

207 2168 246 2187 gia.

435 217 505 250 550

383 287 513 323 Eugenius
536 285 673 321 opiscopus
693 290 786 312 servus
805 288 943 311 servorum
975 280 1030 313 nei.
1051 287 1128 309 vene-

428 336 507 365 rabili
526 334 609 362 fratri
624 334 717 361 oberto
734 331 903 360 Cremonensi
915 331 1047 366 episcopo,
1059 330 1128 358 eius-

428 393 477 422 que
500 383 697 414 successoribus
728 382 851 411 canonice
876 380 1081 413 substituendis,
1102 379 1130 407 in

427 436 595 472 perpetuum.

436 503 483 537 Ad
507 502 566 536 hoc
588 501 686 536 sancti
707 501 815 535 Patres
841 499 982 533 diversos
1009 498 1040 532 in
1067 497 1129 532 Ec-

386 553 479 589 clesia
501 552 559 587 Dei
588 563 656 586 csse
682 549 798 596 gradus
819 556 850 584 et
870 548 997 583 ordines
1019 547 1129 582 volue-

385 610 469 642 runt,
493 610 525 636 ut
546 601 621 636 dum
642 600 805 634 inferiores
826 599 891 633 suis
912 597 1129 644 superioribus

385 651 594 688 obedientiam
634 658 664 684 et
695 648 897 684 reverentiam
924 647 1128 685 exhiberent,

386 715 446 737 una
469 701 554 736 lieret
568 712 604 735 ex
621 699 798 734 diversitate
816 697 983 737 connexio,
1001 705 1031 731 et
1047 704 1129 730 recte

385 752 557 786 officiorum
579 757 740 797 gereretur
766 747 992 783 administratio
1013 746 1131 792 singu-

385 802 498 836 lorum.
523 800 589 834 Hoc
612 799 759 833 nimirum
786 797 916 840 intuitu,
943 795 1130 831 venerabilis

387 852 480 886 frater
503 849 619 884 Oberte
643 849 802 896 episcope,
830 847 891 881 tuis
914 845 1004 880 iustis
1027 852 1131 892 postu-

387 900 556 935 lationibus
594 899 764 933 clementer
802 897 989 935 annuimus3
1028 903 1060 929 et
1092 906 1131 928 ne

387 949 611 985 Cremonensis
628 948 769 982 Ecclesia
786 959 841 981 sua
861 944 1062 979 defraudetur
1084 944 1132 978 iu-

389 1000 489 1039 stitia,
520 998 702 1034 auctoritaie
731 997 828 1031 nostri
859 994 953 1030 officii
987 994 1132 1028 volumus

391 1049 565 1097 providere.
588 1047 671 1082 Dum
694 1045 870 1081 Cremonae
888 1056 960 1079 cum
987 1042 1133 1078 fratribus

393 1099 506 1134 nostris
527 1109 680 1137 essemus,
694 1095 853 1143 querelam
870 1095 902 1128 in
922 1102 1024 1128 nostra
1045 1105 1135 1140 prae-

390 1148 488 1183 sentia
502 1147 639 1191 edidisti,
648 1145 730 1193 quod
742 1144 893 1193 quaedam
904 1142 1135 1178 Cremonenses

391 1198 563 1238 Ecclesiae,
585 1208 664 1244 quae
687 1196 730 1230 tui
752 1195 950 1242 episcopatus
968 1192 1044 1227 iuris
1066 1192 1133 1226 exi-

392 1255 494 1288 stunt,
522 1258 718 1293 nequaquam
747 1245 883 1279 debitam
907 1242 962 1277 tibi
989 1254 1136 1277 reveren-

392 1299 466 1331 tiam
486 1296 677 1331 exhiberent.
692 1295 773 1336 Quia
792 1305 864 1329 vero
879 1291 1011 1339 singulis
1025 1291 1136 1326 Eccle-

393 1347 450 1381 siis
479 1358 566 1381 suam
589 1345 734 1379 volumus
769 1343 914 1378 iustitiam
951 1342 1136 1385 observare,

394 1397 612 1435 decernimus,
637 1402 669 1428 ut
691 1393 922 1429 Cremonenses
952 1391 1113 1426 Ecclesiae
1128 1417 1137 1434 ,

396 1458 474 1493 quae
503 1445 670 1492 parochiali
699 1444 766 1478 iure
792 1443 829 1477 ad
854 1451 882 1477 te
902 1442 1058 1488 pertinere
1081 1453 1138 1475 no-

397 1503 537 1536 scuntur,
553 1503 581 1529 et
602 1506 670 1541 pars
688 1493 871 1528 clericorum
888 1491 1048 1527 Ecclesiae
1058 1490 1139 1525 San-

398 1553 464 1579 ctae
486 1544 612 1588 Mariae,
634 1556 713 1591 quae
737 1543 792 1577 tibi
820 1541 930 1576 eodem
954 1541 1020 1575 iure
1047 1539 1139 1574 debet

397 1607 466 1629 esse
489 1594 641 1634 subiecta,
669 1592 722 1626 tibi
754 1592 877 1638 tuisque
904 1589 1140 1625 successoribus

397 1644 556 1678 subiectae
588 1643 626 1677 (le
656 1650 777 1676 caetero
800 1649 830 1675 et
858 1640 1041 1675 obedientes
1068 1639 1140 1673 exi-

397 1701 492 1736 stant,
514 1701 543 1727 et
566 1702 721 1739 tamquam
743 1690 877 1738 propriis
905 1689 1093 1737 pastoribus,
1112 1696 1142 1722 et

398 1743 571 1777 animarum
594 1754 721 1776 suarum
748 1740 904 1788 episcopis
925 1739 1061 1774 debitam
1091 1749 1142 1772 re-

398 1793 567 1827 verentiam
594 1799 624 1826 et
648 1791 799 1825 honorem
821 1789 1004 1829 exliibeant;
1034 1787 1143 1835 prohi-

400 1842 521 1885 bentes,
548 1849 581 1876 ut
613 1841 717 1875 nullus
748 1839 880 1874 clericus
915 1851 969 1886 per
991 1838 1085 1872 laicos
1112 1837 1142 1871 in

400 1892 517 1926 eisdem
541 1890 708 1937 recipiatur
734 1889 900 1924 Ecclesiis:
924 1888 1030 1923 nullus
1053 1898 1144 1932 prae-

402 1941 521 1988 positus
548 1940 666 1987 absque
688 1939 821 1974 consilio
849 1946 878 1973 et
905 1950 1035 1973 assensu
1065 1936 1142 1971 Cre-

401 1991 560 2025 monensis
582 1989 732 2036 episcopi,
756 1988 801 2022 vel
828 1987 998 2028 Ecclesiae,
1020 1986 1045 2022 si
1073 1987 1144 2033 epi-

401 2052 517 2087 scopus
538 2039 682 2083 defuerit,
697 2045 858 2072 statuatur.
873 2037 1050 2072 Adiicimus
1064 2047 1145 2083 quo-

402 2102 474 2136 qne,
497 2097 530 2123 ut
556 2088 780 2123 Cremonensis
798 2087 964 2134 episcopus
986 2095 1143 2133 tamquam

406 2140 550 2186 proprius
572 2146 676 2184 pastor
702 2138 732 2172 in
761 2136 905 2184 praefatis
923 2136 1073 2171 Ecclesiis
1097 2147 1145 2169 re-

404 2188 548 2234 cipiatur,
570 2197 600 2222 et
623 2187 808 2228 honoretur3
828 2186 919 2233 eique
941 2199 956 2220 a
980 2184 1101 2220 clericis
1117 2191 1146 2218 et

404 2238 490 2272 laicis
523 2237 662 2272 eiusdem
691 2237 748 2271 loci
775 2236 878 2270 debita
912 2234 1083 2270 reverentia
1118 2242 1146 2267 et

405 2287 590 2334 obsequium
619 2294 679 2320 tam
709 2286 738 2321 in
767 2285 982 2333 spiritualibus
1008 2296 1100 2331 quam
1117 2283 1146 2316 in

406 2336 629 2382 temporalibus
649 2335 815 2370 deseratur.
838 2335 871 2369 Si
893 2342 996 2369 autem
1016 2334 1149 2368 Cremo—

407 2391 513 2425 nensis
534 2391 712 2437 episcopns,
741 2389 785 2424 vel
808 2389 950 2424 Ecclesia
973 2398 1151 2422 excommu-

408 2445 538 2480 cationis
555 2453 607 2480 aut
623 2444 778 2479 interdicti
801 2443 987 2478 sententiam
1001 2440 1150 2476 canonice

409 2500 439 2533 in
463 2499 596 2546 aliquem
629 2511 756 2534 suorum
787 2497 1046 2545 parochianorum
1076 2506 1151 2542 pro-

411 2554 524 2593 tulerit,
546 2562 607 2588 tam
635 2553 673 2587 al)
695 2553 755 2594 his,
782 2552 835 2598 qui
863 2550 899 2584 ad
922 2548 1153 2590 Placentinum,

410 2620 503 2656 quain
525 2607 564 2642 al)
591 2607 649 2646 liis,
671 2606 722 2654 qui
745 2605 781 2640 ad
805 2604 1051 2639 Cremonensem
1085 2601 1154 2648 epi—

959 220 1145 244 BULLAMUM
1173 219 1335 243 noatANUM

1926 214 1974 242 An.
1994 214 2020 240 C.
2042 214 2107 241 tttiss

1170 282 1331 321 scopatum
1355 273 1521 321 pertinent,
1556 273 1746 309 observetur.
1774 272 1808 308 Si
1839 272 1911 320 quis

1169 334 1298 365 autem,
1338 323 1433 358 huius
1474 324 1570 358 nostri
1609 323 1725 359 decreti
1765 322 1910 370 pagiuam
1938 337 2095 359 cinusuiaeeon

1170 375 1284 415 sciens,
1306 381 1412 408 contra
1438 384 1507 406 eam
1529 380 1647 407 temere
1675 372 1777 406 venire
1804 380 1911 406 tenta·
1926 370 2055 422 ξζζζζᾞιῖζ
2071 370 2102 390 ‘¹⁰‘

1171 425 1258 463 verit,
1280 422 1412 458 clericus
1433 421 1595 468 dignitatis
1616 430 1646 456 et
1671 421 1763 456 officii
1786 421 1833 455 sui
1856 433 1912 468 pe·
2058 415 2063 420 ’

1171 473 1301 508 ricnlum
1326 472 1470 519 patiatur,
1492 470 1590 506 laicus
1609 483 1680 506 vero
1702 470 1912 506 ecclesiastica

1170 523 1394 558 communione
1421 521 1569 568 privetur.

1219 572 1290 607 Eoo
1312 571 1476 606 Eur-smus
1489 569 1659 605 catholicae
1675 568 1833 605 Ecclesiae
1846 569 1914 616 epi·
1948 585 2034 612 sagena
2050 585 2088 606 rr.

1170 634 1294 669 SCOpUS.
1950 617 2085 644 subscriptio.

1220 672 1333 706 Datum
1364 669 1509 714 Cremae,
1542 681 1597 716 per
1624 680 1735 703 manus
1757 667 1915 703 Guidonis

1171 720 1204 756 S.
1229 720 1266 755 R.
1291 720 1326 755 E.
1350 719 1430 754 diac.
1458 718 1542 754 card.
1571 726 1602 753 ct
1628 717 1818 762 cancellarii,
1842 729 1915 752 non.

1173 771 1252 816 iulii,
1279 769 1448 805 indictione
1469 780 1518 809 111,
1546 768 1696 803 incarnat.
1726 767 1810 802 dcrn.
1834 779 1918 801 anno

1171 832 1339 863 mcxcvm,
1372 818 1568 866 pontificatus
1602 830 1674 853 vero
1708 816 1816 852 domni
1851 816 1918 851 Eu-

1173 870 1255 917 genii
1279 869 1320 904 Ill
1339 869 1442 915 Papae
1463 879 1546 903 auno
1568 879 1611 902 iv.

1249 926 1309 957 Dat.
1333 926 1380 956 die
1403 926 1418 956 7
1441 925 1507 955 iulii
1525 933 1602 954 anno
1623 923 1738 954 Domini
1761 923 1847 960 1148,

1421 968 1523 1009 pontif.
1542 978 1617 998 anno
1640 977 1676 998 tv.

1474 1086 1621 1121 XXVIII.

1179 1160 1376 1206 Confirmatio
1412 1160 1560 1193 bonorum
1593 1159 1735 1193 abbatiae
1766 1159 1802 1193 de
1832 1158 1923 1193 Tolla

1227 1211 1423 1243 Placentinae
1440 1210 1549 1252 dioec,
1570 1210 1621 1243 cui
1640 1209 1792 1243 nonnulla
1818 1220 1924 1242 conce-

1225 1261 1343 1293 duntur
1361 1259 1525 1305 privilegia
1548 1259 1611 1302 (d).

1444 1328 1657 1359 SUMMARIUM

1178 1401 1343 1431 Exordium.
1366 1418 1405 1424 --
1432 1400 1640 1430 Monasterium
1659 1399 1714 1430 sub
1742 1399 1827 1430 Sedis
1849 1399 1927 1439 Apo-

1219 1447 1340 1476 stolicae
1372 1446 1550 1485 protectione
1582 1445 1749 1484 suscipiens
1782 1445 1927 1484 Pontifex,

1219 1491 1313 1521 eidem
1343 1490 1417 1520 bona
1441 1490 1537 1520 omnia
1561 1490 1722 1519 confirmat.
1750 1507 1788 1512 —
1806 1490 1927 1521 Abbatis

1221 1535 1392 1564 electionem
1421 1534 1573 1564 monachis
1600 1534 1747 1564 concedit:
1778 1551 1818 1557 ——
1847 1535 1926 1570 Quos

1220 1579 1432 1609 Mediolanensi
1469 1579 1690 1618 archiepiscopo
1721 1580 1751 1609 in
1788 1580 1927 1620 spirituu-

1220 1623 1297 1653 libus
1320 1623 1450 1653 subiicit.
1468 1639 1507 1645 -
1527 1622 1693 1653 Clausulae.

1181 1695 1311 1730 Eugenius
1331 1694 1470 1730 episcopus
1483 1701 1576 1723 servus
1596 1701 1733 1723 servorum
1749 1695 1804 1729 Dei,
1821 1695 1929 1725 ditet-,ns

1225 1744 1290 1772 filiis
1314 1745 1421 1773 alberto
1439 1744 1531 1773 abbati
1550 1745 1580 1772 de
1599 1744 1683 1777 Tolta,
1703 1744 1811 1781 eiusque
1832 1744 1930 1774 fratri·

1227 1795 1275 1823 bus
1294 1796 1352 1824 tam
1370 1794 1559 1830 praesentibus
1583 1801 1662 1830 quam
1680 1792 1792 1827 futuris,
1822 1794 1930 1830 regula-

1226 1851 1283 1873 rem
1298 1845 1385 1874 vitam
1403 1844 1544 1880 professis,
1560 1844 1590 1871 in
1607 1844 1776 1880 perpetuum.

1232 1909 1390 1952 Quoniam
1406 1908 1474 1943 sine
1490 1919 1578 1942 verae
1590 1906 1678 1942 cultu
1697 1906 1857 1953 religionis
1871 1918 1930 1942 nec

1185 1959 1344 1994 charitatis
1379 1958 1482 1993 unitas
1518 1965 1618 2004 potest
1647 1956 1839 2001 subsistere,
1871 1968 1931 1992 nec

1184 2010 1251 2045 Deo
1264 2017 1385 2056 gratum
1399 2007 1546 2042 exhibere
1557 2008 1602 2051 (2)
1617 2006 1790 2048 servitium,
1805 2006 1931 2053 expedit

1185 2059 1373 2106 apostolicae
1395 2057 1568 2092 auctoritati
1600 2056 1759 2102 religiosas
1782 2067 1931 2102 personas

1186 2109 1328 2155 diligere,
1349 2115 1380 2143 et
1406 2107 1549 2153 religiosa
1571 2106 1651 2150 loca,
1673 2106 1704 2140 in
1726 2104 1842 2152 quibus
1862 2106 1932 2141 exi-

1186 2167 1283 2203 stunt,
1298 2157 1391 2193 Sedis
1410 2155 1611 2204 Apostolicae
1632 2154 1806 2190 munimine
1821 2155 1933 2191 confo-

1189 2221 1268 2243 vere.
1298 2207 1450 2254 Ideoque,
1485 2206 1591 2240 dilecti
1622 2205 1652 2239 in
1688 2204 1824 2239 Domino
1858 2204 1932 2247 filii,

1189 2258 1299 2293 vestris
1342 2257 1430 2302 iustis
1471 2254 1736 2303 postulationibus
1763 2254 1933 2290 clementer

1188 2308 1368 2350 annuimus,
1399 2313 1430 2340 et
1464 2305 1688 2340 monasterium
1715 2303 1754 2338 de
1774 2303 1874 2346 Tolla,
1900 2304 1932 2338 in
1963 2313 2111 2335 nonasterium
2179 2334 2180 2338 ,

1190 2370 1252 2405 quo
1274 2357 1380 2391 divino
1405 2356 1480 2390 estis
1504 2355 1655 2401 obsequio
1676 2353 1854 2400 mancipati,
1872 2353 1932 2388 sub
1946 2344 2129 2403 ζῗέᾓῗξξίςμζξζῗ
2179 2370 2180 2386 ;

1192 2407 1270 2442 beati
1293 2406 1376 2441 Petri
1402 2413 1432 2440 et
1453 2413 1559 2439 nostra
1586 2403 1777 2451 protectione
1795 2403 2018 2450 suscipi-einum
2053 2406 2122 2442 ⁸⁰5⁰?-

1193 2469 1273 2497 inus,
1300 2464 1330 2491 et
1348 2455 1522 2502 praesentis
1542 2453 1647 2500 scripti
1669 2452 1830 2501 privilegio
1851 2464 1936 2487 com-
1947 2443 2016 2490 ἓξὲξ,
2025 2437 2127 2489 fflffissl

1195 2507 1365 2545 munimus3
1378 2511 1562 2544 statuentes,
1572 2511 1603 2538 ut
1615 2513 1831 2551 quaecumque
1841 2501 1935 2543 bona,
1948 2500 1984 2520 ¹¹¹³
1995 2499 2110 2520 mmmm-

1976 1925 2094 1947 Exordium.

1229 2574 1267 2607 (l)
1284 2572 1322 2598 Ex
1339 2570 1440 2597 archiv.
1458 2570 1608 2597 monasterii
1620 2570 1647 2596 S.
1660 2568 1726 2595 Sixti
1742 2566 1935 2602 ediditCampi‚

1196 2613 1260 2639 llist.
1275 2612 1413 2639 Piaccntin.
1441 2610 1480 2645 (2)
1488 2610 1566 2656 Forte
1577 2609 1713 2644 legendum
1721 2610 1845 2635 exhiberi.
1855 2608 1936 2643 (ns.)
