2180 3205
215 272 265 295 An.
285 267 313 294 C.
329 268 396 294 1169

221 1116 395 1143 Dies-iplinamre-

212 1149 303 1172 enlin-em
319 1149 338 1167 in
357 1153 395 1167 cr—

212 1180 284 1198 ilesiis
303 1182 392 1199 monast.

212 1216 227 1229 ει
237 1211 291 1230 rxnri
303 1211 393 1231 mandat.

223 1510 342 1531 llallcnsem
351 1512 394 1538 ple-

209 1543 255 1563 bem
272 1543 323 1562 alias
347 1548 393 1562 mo-

210 1578 263 1593 nast.
296 1574 392 1594 donatam

209 1606 333 1630 confirm-113

224 1758 246 1778 131
291 1758 395 1779 ecclesias

211 1790 260 1809 inibi
299 1789 394 1810 Inundatus

210 1821 291 1840 matrici
317 1820 393 1841 Eccle—

211 1854 253 1871 siae
283 1852 392 1873 subiacere

211 1884 319 1907 decer-niu

223 1950 358 1978 Novasqucin
368 1955 393 1971 ea

210 1982 302 2008 capellas
313 1983 358 2002 sine
368 1988 393 2003 e—

211 2014 291 2039 γι5ι-ημῐ
307 2017 327 2033 et
347 2020 378 2033 mn

211 2044 270 2063 ιι.ιι“1ιΔ
307 2044 393 2065 licentia

210 2077 277 2096 extrui
288 2076 392 2102 prohibe13

224 2145 381 2172 Exempiionom

211 2184 221 2195 a
250 2176 391 2202 Saltsburgen.

211 2208 352 2228 archidiaconi
360 2209 393 2228 iu—

212 2239 332 2259 risdictione
344 2245 394 2259 eon-

211 2270 290 2289 firmat:

226 2455 325 2475 ,abbatem
343 2461 393 2475 vero

213 2494 224 2506 a
249 2486 298 2506 solis
320 2493 366 2506 mon

213 2518 257 2537 wlsi«
276 2518 393 2542 eligendum

213 2549 314 2568 destant.

462 257 531 290 712

411 330 530 368 portam
549 321 708 355 Ecclesiae
729 319 982 368 praenominatae
1005 332 1077 354 cum
1095 331 1160 354 om-

410 371 502 405 nibus
525 370 722 418 pertinentiis
739 370 820 409 suis
843 377 874 403 et
896 369 1056 424 praedium
1072 369 1156 416 quod

409 420 523 454 dicitur
554 420 692 454 Snvante
725 432 761 454 ex
802 419 885 453 dono
921 419 1020 465 ipsius
1053 419 1157 453 archi—

408 470 563 516 episcopi.
586 469 756 517 quicquid
752 469 827 504 iuris
845 468 990 503 habetis
985 481 1015 503 in
1035 468 1154 503 decima

408 519 498 561 salis
527 519 579 565 qni
603 520 749 566 coquitur
782 519 820 553 de
854 518 938 553 fonte
967 518 1090 552 Hallae:
1119 530 1156 552 ex

407 569 491 603 dono
527 568 663 603 Heinrici
695 569 748 603 lilii
782 568 967 612 Euclionis,
1002 575 1032 602 et
1055 567 1156 602 fratris

407 618 475 653 eius
502 618 680 665 praedium7
715 618 798 666 quod
832 617 945 652 dicitur
968 616 1155 664 Nutzpoum

408 680 478 702 cum
507 667 655 702 omnibus
677 668 887 715 pertinentiis:
916 680 952 702 ex
971 667 1055 701 dono
1077 666 1157 701 Ebo-

408 719 472 761 nis,
498 717 668 758 Facconis,
691 717 841 758 Rationis,
877 729 990 764 aquas,
1025 728 1103 764 quas
1125 716 1154 750 in

407 767 518 802 eodem
550 767 633 802 fonte
659 767 696 801 ad
725 767 769 802 sal
791 767 993 814 coquendum
1017 766 1154 800 habetis:

407 829 515 863 aquas⁷
549 829 627 864 quas
649 817 771 852 habetis
797 817 828 851 in
861 817 929 864 ipso
962 816 1046 850 fonte
1073 816 1154 861 apud

407 866 615 914 Yberchpret,
641 875 760 901 curtem
788 879 858 901 cum
896 866 995 901 vineis
1029 866 1057 900 in
1089 866 1157 899 Au-

407 917 492 956 stria,
511 916 670 963 praedium
694 916 778 964 quod
801 916 915 950 dicitur
935 915 1065 961 Ibingen
1084 927 1154 949 cum

407 966 601 1013 appendiciis
622 966 699 1009 suis,
723 965 884 1012 praedium
904 965 1000 1000 situm
1022 966 1051 999 in
1075 965 1154 1004 loco,

407 1017 460 1062 qui
483 1016 595 1050 dicitur
628 1015 779 1050 Occheim
812 1027 884 1050 cum
919 1014 1067 1049 omnibus
1098 1026 1156 1061 ap-

409 1065 557 1112 penditiis
578 1066 661 1100 suis:
690 1077 726 1100 ex
749 1065 832 1099 dono
854 1064 1040 1111 Sigboronis
1064 1076 1156 1111 prae-

408 1115 508 1159 dium,
542 1115 625 1162 quod
650 1115 765 1151 dicitur
792 1114 936 1149 Unchen.
970 1114 1154 1153 Statuimus

408 1174 443 1199 ut
471 1166 503 1199 iu
531 1165 674 1200 ecclesiis
696 1165 825 1207 vestris7
854 1165 885 1198 in
908 1163 1024 1210 quibus
1047 1163 1156 1198 fratres

408 1216 501 1249 vitam
531 1215 712 1250 canonicam
747 1215 878 1261 professi
912 1214 1044 1253 fuerint,
1078 1212 1154 1247 nulli

407 1265 537 1299 omnino
574 1273 643 1311 post
678 1264 788 1299 factam
824 1264 1007 1298 canonicam
1037 1262 1155 1310 profes-

406 1315 527 1349 sionem
550 1314 662 1349 exinde
685 1314 774 1349 liceat
795 1314 862 1348 sine
883 1314 1062 1348 communis
1078 1325 1155 1347 con-

406 1365 597 1410 gregationis
637 1364 843 1411 permissione
881 1363 1060 1403 discedere;
1104 1363 1154 1396 di-

407 1415 586 1448 scedentem
622 1426 695 1449 vero
719 1413 824 1448 nullus
857 1413 970 1448 audeat
1003 1413 1154 1457 retinere,

407 1464 466 1498 nisi
489 1464 527 1498 ad
551 1464 699 1498 maiorem
730 1463 911 1509 religionem
936 1476 1009 1497 eum
1036 1462 1156 1496 consti-

407 1513 477 1547 terit
499 1513 687 1548 ascendisse.
723 1512 806 1547 Sane
828 1513 894 1559 ipsa
917 1512 1004 1561 plebs
1027 1512 1155 1546 Hallen-

407 1563 468 1607 sis,
500 1564 582 1598 sicut
602 1576 618 1598 a
642 1564 701 1597 iam
724 1562 809 1599 dicto
831 1562 977 1598 Conrado
999 1561 1154 1608 archiepi-

407 1625 503 1660 scopo
538 1613 689 1648 canonice
729 1620 878 1646 statutum
914 1621 979 1653 est,
1014 1624 1030 1646 a
1068 1611 1154 1645 nullo

407 1675 626 1698 successorum
650 1662 738 1698 vobis
760 1661 938 1697 auferatur:
963 1661 1017 1696 sed
1041 1661 1070 1695 in
1094 1661 1156 1695 ‹lis-

409 1713 563 1756 positione
586 1712 752 1760 praepositi
777 1712 867 1746 vestri
892 1719 1080 1758 permaneat.
1105 1710 1153 1744 Ad

409 1762 485 1796 haec
515 1762 698 1797 adiicientes
729 1763 908 1805 statuimus,
941 1770 976 1796 ut
1006 1760 1154 1806 capellae,

408 1823 489 1857 quae
522 1812 598 1847 insra
634 1812 797 1847 terminos
818 1811 1004 1859 parochialis
1030 1809 1152 1845 Eccles.

408 1860 531 1896 Hallen.
554 1862 701 1897 fundatae
727 1870 816 1905 sunt,
850 1862 931 1896 sicut
953 1860 991 1895 ab
1013 1861 1082 1908 ipso
1104 1872 1154 1894 ra-

408 1911 597 1946 tionabiliter
620 1912 778 1959 provisum
812 1919 877 1951 est,
906 1910 1008 1945 eidem
1032 1910 1152 1944 matrici

407 1959 565 1996 Ecclesiae
586 1962 784 2002 subiaceant3
808 1974 903 1996 novas
917 1969 1022 1994 autem
1037 1959 1153 2006 absque

381 2025 392 2027 -
407 2022 536 2045 assensu
551 2011 688 2046 dioeces.
704 2011 844 2058 episcopi
868 2020 898 2046 et
921 2018 1022 2045 vestro
1044 2010 1073 2043 in
1088 2009 1153 2056 ipsa

410 2060 555 2105 parochia
585 2061 721 2108 capellas
752 2060 907 2095 aedificari
936 2059 1151 2106 prohibemus.

406 2108 570 2145 Praeterea
605 2111 819 2158 exemptiones
852 2121 1002 2158 personae
1029 2117 1102 2144 tuae
1124 2118 1153 2144 et

406 2158 566 2195 Ecclesiae
580 2161 634 2195 tibi
649 2161 847 2201 commissae,
870 2172 886 2194 a
903 2159 1153 2205 Salisburgensis

407 2209 617 2245 archidiaconi
643 2210 850 2255 subiectione,
875 2210 957 2245 sicut
978 2222 994 2244 a
1016 2209 1153 2256 praefato

407 2258 644 2307 archiepiscopo
665 2268 814 2295 statutum
840 2267 898 2301 est,
930 2269 960 2295 et
983 2259 1153 2307 privilegiis

407 2316 641 2344 autecessorum
656 2318 835 2345 nostrorum
847 2310 1063 2345 Romanorum
1075 2309 1152 2344 Pon-

409 2358 527 2393 tificum
551 2359 742 2401 roboratum,
764 2361 832 2405 tibi,
855 2369 885 2395 et
911 2373 967 2408 per
988 2368 1017 2395 te
1039 2359 1153 2394 Eccle-

407 2407 472 2443 siae
504 2418 576 2444 tuae
610 2411 794 2445 auctoritate
829 2410 919 2445 Sedis
952 2410 1153 2456 Apostolicae

408 2458 642 2494 confirmamus.
684 2460 831 2495 Obeunte
875 2472 947 2495 vero
982 2468 1028 2502 te‚
1069 2474 1151 2496 nnnc

408 2507 547 2542 eiusdem
567 2509 625 2543 loci
649 2511 840 2557 praeposito,
862 2511 909 2546 vel
931 2518 1057 2545 tuorum
1076 2524 1153 2558 quo-

409 2556 483 2590 libet
517 2570 756 2601 successorum,
796 2561 901 2595 nullus
937 2561 979 2595 ibi
1013 2561 1152 2608 qualibet

408 2607 613 2662 surreptionis
634 2610 744 2643 astutia
772 2622 828 2644 seu
853 2611 996 2645 violentia
1025 2623 1151 2659 praepo-

409 2663 512 2696 natur,
539 2658 598 2691 nisi
621 2670 714 2704 quem
749 2659 858 2695 iratres
884 2662 1044 2696 communi
1072 2674 1151 2698 con-

991 265 1180 288 BL'LLAtttczu
1203 263 1366 287 ttOMANUM

1201 331 1315 358 sensu,
1336 318 1384 352 vel
1407 317 1536 352 fratrum
1561 330 1630 364 pars
1651 317 1772 353 consilii
1799 318 1945 358 sanioris,

1200 367 1375 403 secundum
1400 367 1456 402 Dei
1485 368 1642 408 timorem,
1669 375 1699 402 et
1720 367 1757 402 Β.
1777 368 1945 413 Augustini

1199 417 1338 463 regulam
1363 417 1554 464 providerint
1574 417 1765 463 eligendum.
1794 416 1945 452 Decerni—

1200 480 1269 502 mus
1295 479 1381 513 ergo,
1405 475 1438 501 ut
1461 466 1537 501 nulli
1564 467 1694 501 omnino
1717 466 1880 500 hominum
1908 466 1943 500 li-

1199 525 1278 561 ceat‚
1307 516 1472 563 praefatam
1497 516 1668 550 Ecclesiam
1691 523 1807 550 temere
1829 524 1946 563 pertur-

1198 566 1282 611 bare,
1309 574 1362 601 aut
1388 567 1457 601 eius
1491 566 1706 613 possessiones
1739 565 1871 605 auferre
1899 566 1945 601 vel

1197 616 1314 651 ablatas
1337 616 1480 655 retinete,
1504 616 1658 655 minuere,
1676 627 1732 650 seu
1755 615 1947 662 quibuslibet

1199 665 1419 700 vexationibus
1441 666 1584 712 fatigar3e
1618 664 1673 699 sed
1700 665 1805 699 omnia
1826 665 1946 711 integra

1198 723 1435 756 conserventur,
1458 727 1578 759 eorum,
1602 727 1658 762 pro
1680 726 1847 761 quorumD
1830 714 1947 749 unber-

1199 766 1325 800 natione
1347 773 1377 800 et
1398 765 1647 800 substentatione
1679 776 1827 799 concessa
1860 772 1946 809 sunt,

1200 815 1308 850 usibus
1329 814 1519 850 omnimodis
1546 814 1724 862 profutura:
1752 814 1834 848 salva
1853 813 1946 848 Sedis

1198 865 1397 911 Apostolicae
1416 864 1614 909 auctoritate,
1636 872 1667 899 et
1689 863 1866 898 dioecesani
1885 864 1947 919 epi-

1197 914 1283 961 scopi
1312 914 1462 949 canonica
1489 914 1616 949 iustitia.
1643 913 1676 948 Si
1703 926 1763 960 qua
1791 914 1884 960 igitur
1914 914 1944 948 in

1199 964 1337 999 futurum
1353 964 1563 999 ecclesiastica
1578 963 1785 998 saecularisve
1802 975 1945 1019 persona,

1198 1013 1278 1048 hanc
1293 1022 1416 1049 nostrae
1425 1022 1660 1048 constitutionis
1674 1014 1817 1060 paginam
1830 1013 1944 1054 sciens,

1197 1072 1305 1098 contra
1336 1075 1403 1098 eam
1439 1071 1556 1110 temere
1590 1063 1696 1097 venire
1731 1063 1945 1118 temptaverit,

1197 1113 1337 1148 secundo
1377 1108 1508 1148 tertiove
1545 1112 1747 1152 commonita,
1770 1113 1829 1147 nisi
1853 1125 1945 1160 piae-

1197 1163 1410 1210 sumptionem
1429 1175 1517 1198 snam
1540 1163 1634 1209 digna
1650 1162 1862 1197 satisfactione
1878 1175 1945 1198 cor-

1199 1213 1328 1252 rexerit„
1353 1213 1512 1259 potestatis
1542 1212 1735 1258 honorisque
1763 1213 1809 1247 sni
1838 1212 1944 1258 ‹ligni-

1197 1271 1257 1297 tate
1295 1271 1417 1303 car‚eat
1452 1275 1600 1310 reamque
1627 1274 1660 1297 se
1688 1262 1793 1297 divino
1828 1262 1944 1297 iudicio

1196 1313 1329 1346 existere
1360 1313 1398 1347 de
1427 1319 1600 1359 perpetrata
1627 1312 1789 1359 iniquitate
1819 1324 1945 1358 cogno-

1196 1371 1271 1402 scat
1285 1370 1315 1397 et
1329 1374 1344 1396 a
1358 1362 1567 1396 sacratissimo
1580 1361 1720 1409 Corpore
1734 1374 1768 1396 ac
1781 1341 1943 1408 Sangouine

1197 1411 1254 1445 Dei
1277 1420 1308 1446 et
1341 1411 1468 1446 Domini
1495 1411 1716 1459 Redemptoris
1744 1412 1838 1446 nostri
1875 1411 1943 1446 Iesu

1196 1460 1312 1495 Christi
1340 1461 1440 1496 aliena
1463 1461 1525 1503 fiat,
1549 1470 1642 1508 atque
1664 1461 1694 1496 in
1713 1470 1852 1496 extremo
1870 1473 1944 1496 exa-

1198 1511 1280 1546 mine
1306 1510 1465 1546 districtae
1492 1511 1601 1546 ultioni
1624 1511 1796 1552 subiaceat;
1821 1511 1944 1546 cunctis

1196 1569 1299 1595 autem
1334 1560 1436 1595 eidem
1469 1560 1538 1595 loco
1567 1573 1624 1595 sua
1655 1561 1720 1595 iura
1747 1561 1944 1595 servantibus

1196 1610 1235 1644 sit
1259 1622 1315 1657 pax
1341 1610 1468 1644 Domini
1491 1610 1588 1645 nostri
1611 1610 1681 1645 lesu
1704 1609 1838 1651 Christi,
1865 1622 1944 1658 qua-

1196 1667 1287 1694 tenus
1301 1667 1332 1694 et
1348 1660 1399 1694 hic
1423 1659 1558 1695 fructum
1576 1660 1676 1695 bonae
1698 1661 1828 1694 actionis
1847 1660 1945 1707 perci-

1197 1709 1295 1756 piant,
1318 1718 1348 1744 et
1361 1709 1442 1757 apud
1458 1710 1634 1744 districtum
1653 1709 1793 1744 Iudicem
1808 1710 1943 1757 praemia

1196 1768 1341 1794 aeternae
1367 1759 1452 1806 pacis
1468 1759 1639 1794 inveniant.
1662 1760 1776 1794 Amen.

1244 1809 1358 1843 Datum
1384 1809 1552 1844 Beneventi
1578 1821 1634 1856 per
1659 1821 1788 1844 manum
1811 1807 1943 1843 Gerardi

1196 1867 1321 1893 sanctae
1347 1858 1508 1893 Romanae
1535 1859 1696 1893 Ecclesiae
1731 1859 1862 1896 notarii,
1889 1858 1944 1893 ka—

1196 1908 1297 1943 lendis
1322 1908 1402 1952 iulii,
1428 1908 1599 1943 indictione
1621 1921 1657 1949 11,
1685 1909 1803 1943 incarn.
1838 1908 1943 1942 domi-

1197 1958 1285 1993 nicae
1326 1970 1409 1992 anno
1445 1970 1591 1999 ncrxlx,
1631 1957 1830 2005 pontificatus
1869 1970 1942 1993 vero

1196 2007 1302 2042 domni
1328 2008 1497 2042 Alexandri
1520 2007 1623 2054 Papae
1643 2007 1685 2042 111
1710 2020 1793 2042 anno
1815 2021 1844 2041 x.

1268 2064 1330 2095 Dat.
1353 2065 1400 2095 die
1423 2066 1433 2094 ‘l
1461 2065 1527 2095 iulii
1546 2075 1622 2095 anno
1644 2064 1759 2095 Domini
1783 2065 1868 2102 1169,

1446 2109 1548 2148 pontif.
1567 2119 1643 2139 anno
1665 2119 1691 2139 x.

1495 2214 1647 2250 XXXIII.

1275 2278 1473 2323 Confirmatio
1499 2286 1679 2319 castrorum,
1706 2282 1854 2316 bonorum

1210 2328 1375 2362 aciurium
1396 2329 1532 2362 onmium
1557 2331 1694 2364 Astensis
1719 2333 1849 2376 capituli
1862 2335 1919 2376 (l).

1459 2390 1672 2422 SUMMARIUM

1193 2441 1408 2472 Exordium.—
1422 2443 1584 2475 Canonicos
1600 2446 1699 2476 Asten.
1718 2446 1866 2477 Ecclesiae
1882 2447 1937 2477 sub

1234 2487 1412 2526 protectione
1432 2488 1516 2518 Sedis
1536 2490 1721 2528 Apostolicae
1738 2492 1841 2531 recipit
1859 2491 1937 2521 Pon-

1234 2532 1311 2569 tifex3
1331 2549 1371 2554 —
1401 2532 1517 2563 Eisdem
1549 2534 1624 2564 bona
1647 2536 1743 2565 omnia
1766 2537 1936 2566 confirmat:

1231 2593 1270 2598 —
1299 2576 1330 2606 ln
1363 2577 1471 2616 quibus
1493 2580 1633 2609 nonnulla
1661 2581 1786 2620 propriis
1814 2580 1935 2610 vocibus

1228 2639 1266 2673 (l)
1286 2639 1323 2665 Ex
1344 2639 1455 2674 Ughett„
1484 2641 1538 2668 ltal.
1556 2642 1625 2674 Sac.‚
1643 2646 1707 2670 tom.
1728 2651 1767 2675 ιν,
1787 2643 1831 2670 ubi
1847 2644 1879 2672 de
1896 2647 1935 2671 A·

1193 2683 1260 2705 stcn.
1281 2680 1417 2715 episcopis.

1962 261 2014 289 An.
2031 260 2061 287 C.
2075 259 2142 287 ¹¹5⁹

1973 458 2082 479 Decretum
2101 459 2142 479 im-

1959 490 2066 510 munitatis
2076 494 2142 515 aqua-

1959 526 2047 548 cumque
2074 520 2142 541 mole-

1960 552 1999 572 stia
2013 554 2056 572 etc.

1976 925 2026 947 Cum
2072 927 2142 949 sotini·

1959 957 2058 978 clausulis
2091 962 2142 984 poo-

1959 988 2047 1009 nautius.
