<?xml version="1.0" encoding="UTF-8"?>
<!DOCTYPE html PUBLIC "-//W3C//DTD XHTML 1.0 Transitional//EN"
    "http://www.w3.org/TR/xhtml1/DTD/xhtml1-transitional.dtd">
<html xmlns="http://www.w3.org/1999/xhtml" xml:lang="en" lang="en">
 <head>
  <title>
</title>
<meta http-equiv="Content-Type" content="text/html;charset=utf-8" />
  <meta name='ocr-system' content='tesseract 3.04.00' />
  <meta name='ocr-capabilities' content='ocr_page ocr_carea ocr_par ocr_line ocrx_word'/>
</head>
<body>
  <div class='ocr_page' id='page_1' title='image "./bullarumdiplomat02cath_0861.png"; bbox 0 0 2180 3205; ppageno 0'>
   <div class='ocr_carea' id='block_1_1' title="bbox 868 246 1720 284">
    <p class='ocr_par' dir='ltr' id='par_1_1' title="bbox 868 246 1720 284">
     <span class='ocr_line' id='line_1_1' title="bbox 868 246 1720 284; baseline -0.006 0"><span class='ocrx_word' id='word_1_1' title='bbox 868 258 970 284; x_wconf 68' lang='lat' dir='ltr'>mnu</span> <span class='ocrx_word' id='word_1_2' title='bbox 991 259 1106 283; x_wconf 68' lang='lat' dir='ltr'>nanum</span> <span class='ocrx_word' id='word_1_3' title='bbox 1650 246 1720 280; x_wconf 62' lang='lat'>843</span> 
     </span>
    </p>
   </div>
   <div class='ocr_carea' id='block_1_2' title="bbox 231 307 1767 361">
    <p class='ocr_par' dir='ltr' id='par_1_2' title="bbox 231 307 1767 361">
     <span class='ocr_line' id='line_1_2' title="bbox 231 307 1767 361; baseline -0.003 -13"><span class='ocrx_word' id='word_1_4' title='bbox 231 312 473 349; x_wconf 82' lang='lat' dir='ltr'>Bononiensem</span> <span class='ocrx_word' id='word_1_5' title='bbox 496 307 615 349; x_wconf 71' lang='lat' dir='ltr'>clerum</span> <span class='ocrx_word' id='word_1_6' title='bbox 643 322 674 349; x_wconf 89' lang='lat' dir='ltr'>et</span> <span class='ocrx_word' id='word_1_7' title='bbox 701 313 867 361; x_wconf 83' lang='lat' dir='ltr'>populum,</span> <span class='ocrx_word' id='word_1_8' title='bbox 893 327 974 361; x_wconf 79' lang='lat' dir='ltr'>quos</span> <span class='ocrx_word' id='word_1_9' title='bbox 995 314 1035 349; x_wconf 87' lang='lat' dir='ltr'>de</span> <span class='ocrx_word' id='word_1_10' title='bbox 1059 313 1203 360; x_wconf 80' lang='lat' dir='ltr'>legitima</span> <span class='ocrx_word' id='word_1_11' title='bbox 1234 314 1283 348; x_wconf 91' lang='lat' dir='ltr'>sui</span> <span class='ocrx_word' id='word_1_12' title='bbox 1324 313 1354 346; x_wconf 90' lang='lat' dir='ltr'>in</span> <span class='ocrx_word' id='word_1_13' title='bbox 1386 311 1574 347; x_wconf 75' lang='lat' dir='ltr'>Pontificem</span> <span class='ocrx_word' id='word_1_14' title='bbox 1609 311 1767 345; x_wconf 69' lang='lat' dir='ltr'>electione</span> 
     </span>
    </p>
   </div>
   <div class='ocr_carea' id='block_1_3' title="bbox 330 360 1770 457">
    <p class='ocr_par' dir='ltr' id='par_1_3' title="bbox 330 360 1770 457">
     <span class='ocr_line' id='line_1_3' title="bbox 330 360 1770 409; baseline -0.003 -11"><span class='ocrx_word' id='word_1_15' title='bbox 330 363 483 398; x_wconf 82' lang='lat' dir='ltr'>certiores</span> <span class='ocrx_word' id='word_1_16' title='bbox 511 362 626 403; x_wconf 82' lang='lat' dir='ltr'><strong>reddit,</strong></span> <span class='ocrx_word' id='word_1_17' title='bbox 647 363 684 398; x_wconf 90' lang='lat' dir='ltr'>ad</span> <span class='ocrx_word' id='word_1_18' title='bbox 713 363 950 409; x_wconf 85' lang='lat' dir='ltr'>persistendum</span> <span class='ocrx_word' id='word_1_19' title='bbox 987 364 1017 398; x_wconf 85' lang='lat' dir='ltr'>in</span> <span class='ocrx_word' id='word_1_20' title='bbox 1052 364 1100 398; x_wconf 92' lang='lat' dir='ltr'>sui</span> <span class='ocrx_word' id='word_1_21' title='bbox 1129 362 1312 397; x_wconf 87' lang='lat' dir='ltr'>obedientia</span> <span class='ocrx_word' id='word_1_22' title='bbox 1340 374 1377 396; x_wconf 85' lang='lat' dir='ltr'>ac</span> <span class='ocrx_word' id='word_1_23' title='bbox 1404 360 1555 396; x_wconf 77' lang='lat' dir='ltr'>fidelitate</span> <span class='ocrx_word' id='word_1_24' title='bbox 1589 361 1770 395; x_wconf 72' lang='lat' dir='ltr'>exhortatur</span> 
     </span>
     <span class='ocr_line' id='line_1_4' title="bbox 331 411 954 457; baseline 0 -11"><span class='ocrx_word' id='word_1_25' title='bbox 331 411 514 447; x_wconf 80' lang='lat' dir='ltr'>Alexander</span> <span class='ocrx_word' id='word_1_26' title='bbox 536 411 577 446; x_wconf 85' lang='lat' dir='ltr'>llI</span> <span class='ocrx_word' id='word_1_27' title='bbox 599 411 676 452; x_wconf 65' lang='lat' dir='ltr'>PP„</span> <span class='ocrx_word' id='word_1_28' title='bbox 704 414 772 446; x_wconf 81' lang='lat'>657</span> <span class='ocrx_word' id='word_1_29' title='bbox 799 414 816 446; x_wconf 91' lang='lat' dir='ltr'><em>b</em></span> <span class='ocrx_word' id='word_1_30' title='bbox 838 420 869 447; x_wconf 88' lang='lat' dir='ltr'>et</span> <span class='ocrx_word' id='word_1_31' title='bbox 895 424 954 457; x_wconf 85' lang='lat' dir='ltr'>seq.</span> 
     </span>
    </p>
   </div>
   <div class='ocr_carea' id='block_1_4' title="bbox 235 458 1781 1244">
    <p class='ocr_par' dir='ltr' id='par_1_4' title="bbox 235 458 1771 556">
     <span class='ocr_line' id='line_1_5' title="bbox 235 458 1771 507; baseline -0.003 -11"><span class='ocrx_word' id='word_1_32' title='bbox 235 460 487 496; x_wconf 73' lang='lat' dir='ltr'>Boscodunense</span> <span class='ocrx_word' id='word_1_33' title='bbox 521 461 750 496; x_wconf 87' lang='lat' dir='ltr'>monasterium</span> <span class='ocrx_word' id='word_1_34' title='bbox 773 461 832 495; x_wconf 85' lang='lat' dir='ltr'>sub</span> <span class='ocrx_word' id='word_1_35' title='bbox 860 461 1058 507; x_wconf 86' lang='lat' dir='ltr'>protectione</span> <span class='ocrx_word' id='word_1_36' title='bbox 1083 460 1192 507; x_wconf 73' lang='lat' dir='ltr'>Apost.</span> <span class='ocrx_word' id='word_1_37' title='bbox 1221 459 1316 494; x_wconf 84' lang='lat' dir='ltr'>Sedis</span> <span class='ocrx_word' id='word_1_38' title='bbox 1338 460 1533 506; x_wconf 80' lang='lat' dir='ltr'>suscipitur,</span> <span class='ocrx_word' id='word_1_39' title='bbox 1567 459 1662 505; x_wconf 77' lang='lat' dir='ltr'>eique</span> <span class='ocrx_word' id='word_1_40' title='bbox 1690 458 1771 492; x_wconf 85' lang='lat' dir='ltr'>bona</span> 
     </span>
     <span class='ocr_line' id='line_1_6' title="bbox 332 510 1516 556; baseline -0.002 -12"><span class='ocrx_word' id='word_1_41' title='bbox 332 510 439 545; x_wconf 87' lang='lat' dir='ltr'>omnia</span> <span class='ocrx_word' id='word_1_42' title='bbox 460 510 687 546; x_wconf 81' lang='lat' dir='ltr'>confirmantur</span> <span class='ocrx_word' id='word_1_43' title='bbox 711 521 782 545; x_wconf 89' lang='lat' dir='ltr'>cum</span> <span class='ocrx_word' id='word_1_44' title='bbox 806 510 1011 556; x_wconf 78' lang='lat' dir='ltr'>exemptione</span> <span class='ocrx_word' id='word_1_45' title='bbox 1034 510 1247 553; x_wconf 73' lang='lat' dir='ltr'>deeimarum,</span> <span class='ocrx_word' id='word_1_46' title='bbox 1271 510 1340 543; x_wconf 82' lang='lat'>795</span> <span class='ocrx_word' id='word_1_47' title='bbox 1368 510 1384 542; x_wconf 84' lang='lat' dir='ltr'><strong><em>b</em></strong></span> <span class='ocrx_word' id='word_1_48' title='bbox 1406 516 1436 543; x_wconf 91' lang='lat' dir='ltr'>et</span> <span class='ocrx_word' id='word_1_49' title='bbox 1459 521 1516 553; x_wconf 80' lang='lat' dir='ltr'>seq.</span> 
     </span>
    </p>

    <p class='ocr_par' dir='ltr' id='par_1_5' title="bbox 236 556 1771 656">
     <span class='ocr_line' id='line_1_7' title="bbox 236 556 1771 606; baseline -0.003 -12"><span class='ocrx_word' id='word_1_50' title='bbox 236 559 410 605; x_wconf 76' lang='lat' dir='ltr'>Bragensis</span> <span class='ocrx_word' id='word_1_51' title='bbox 435 568 467 594; x_wconf 93' lang='lat' dir='ltr'>et</span> <span class='ocrx_word' id='word_1_52' title='bbox 488 559 699 594; x_wconf 86' lang='lat' dir='ltr'>Moraviensis</span> <span class='ocrx_word' id='word_1_53' title='bbox 725 559 869 606; x_wconf 82' lang='lat' dir='ltr'>episcopi</span> <span class='ocrx_word' id='word_1_54' title='bbox 897 560 1110 594; x_wconf 78' lang='lat' dir='ltr'>controversia</span> <span class='ocrx_word' id='word_1_55' title='bbox 1142 572 1156 592; x_wconf 81' lang='lat' dir='ltr'>a</span> <span class='ocrx_word' id='word_1_56' title='bbox 1181 557 1337 604; x_wconf 78' lang='lat' dir='ltr'>Gregorio</span> <span class='ocrx_word' id='word_1_57' title='bbox 1365 557 1420 592; x_wconf 88' lang='lat' dir='ltr'>Vll</span> <span class='ocrx_word' id='word_1_58' title='bbox 1450 557 1511 592; x_wconf 78' lang='grc' dir='ltr'><strong>ΡΙ).</strong></span> <span class='ocrx_word' id='word_1_59' title='bbox 1549 558 1579 590; x_wconf 86' lang='lat' dir='ltr'>in</span> <span class='ocrx_word' id='word_1_60' title='bbox 1613 556 1771 596; x_wconf 75' lang='lat' dir='ltr'>concilio.</span> 
     </span>
     <span class='ocr_line' id='line_1_8' title="bbox 335 608 1345 656; baseline -0.002 -14"><span class='ocrx_word' id='word_1_61' title='bbox 335 608 499 644; x_wconf 87' lang='lat' dir='ltr'>ambarum</span> <span class='ocrx_word' id='word_1_62' title='bbox 523 608 658 655; x_wconf 89' lang='lat' dir='ltr'>partium</span> <span class='ocrx_word' id='word_1_63' title='bbox 682 620 854 648; x_wconf 78' lang='lat' dir='ltr'>consensu,</span> <span class='ocrx_word' id='word_1_64' title='bbox 877 609 1092 656; x_wconf 85' lang='lat' dir='ltr'>componitur,</span> <span class='ocrx_word' id='word_1_65' title='bbox 1116 609 1161 642; x_wconf 82' lang='lat'>68</span> <span class='ocrx_word' id='word_1_66' title='bbox 1183 620 1202 640; x_wconf 83' lang='grc' dir='ltr'>(ι</span> <span class='ocrx_word' id='word_1_67' title='bbox 1229 615 1260 642; x_wconf 89' lang='lat' dir='ltr'>et</span> <span class='ocrx_word' id='word_1_68' title='bbox 1287 620 1345 652; x_wconf 85' lang='lat' dir='ltr'>seq.</span> 
     </span>
    </p>

    <p class='ocr_par' dir='ltr' id='par_1_6' title="bbox 240 657 1373 704">
     <span class='ocr_line' id='line_1_9' title="bbox 240 657 1373 704; baseline -0.001 -13"><span class='ocrx_word' id='word_1_69' title='bbox 240 657 353 692; x_wconf 86' lang='lat' dir='ltr'>Braida</span> <span class='ocrx_word' id='word_1_70' title='bbox 373 658 451 704; x_wconf 91' lang='lat' dir='ltr'>quid</span> <span class='ocrx_word' id='word_1_71' title='bbox 479 659 532 698; x_wconf 74' lang='lat' dir='ltr'>sit,</span> <span class='ocrx_word' id='word_1_72' title='bbox 561 659 631 692; x_wconf 85' lang='grc'>589</span> <span class='ocrx_word' id='word_1_73' title='bbox 655 660 682 692; x_wconf 87' lang='lat' dir='ltr'>b.</span> <span class='ocrx_word' id='word_1_74' title='bbox 708 659 741 691; x_wconf 91' lang='lat' dir='ltr'>V.</span> <span class='ocrx_word' id='word_1_75' title='bbox 770 665 834 692; x_wconf 88' lang='lat' dir='ltr'>not.</span> <span class='ocrx_word' id='word_1_76' title='bbox 856 657 894 691; x_wconf 88' lang='lat' dir='ltr'>ad</span> <span class='ocrx_word' id='word_1_77' title='bbox 928 659 1047 692; x_wconf 77' lang='lat' dir='ltr'><strong>calcem</strong></span> <span class='ocrx_word' id='word_1_78' title='bbox 1076 657 1192 691; x_wconf 89' lang='lat' dir='ltr'>colum.</span> <span class='ocrx_word' id='word_1_79' title='bbox 1216 657 1373 691; x_wconf 88' lang='lat' dir='ltr'>eiusdem.</span> 
     </span>
    </p>

    <p class='ocr_par' dir='ltr' id='par_1_7' title="bbox 236 705 1776 850">
     <span class='ocr_line' id='line_1_10' title="bbox 236 705 1773 753; baseline -0.003 -12"><span class='ocrx_word' id='word_1_80' title='bbox 236 705 488 753; x_wconf 74' lang='lat' dir='ltr'>Brufeningensi</span> <span class='ocrx_word' id='word_1_81' title='bbox 509 707 759 742; x_wconf 84' lang='lat' dir='ltr'>Ratisbonensis</span> <span class='ocrx_word' id='word_1_82' title='bbox 771 706 933 741; x_wconf 79' lang='lat' dir='ltr'>dioecesis</span> <span class='ocrx_word' id='word_1_83' title='bbox 962 706 1153 741; x_wconf 83' lang='lat' dir='ltr'>monasterio</span> <span class='ocrx_word' id='word_1_84' title='bbox 1177 706 1257 740; x_wconf 86' lang='lat' dir='ltr'>bona</span> <span class='ocrx_word' id='word_1_85' title='bbox 1279 705 1384 740; x_wconf 84' lang='lat' dir='ltr'>omnia</span> <span class='ocrx_word' id='word_1_86' title='bbox 1419 705 1657 747; x_wconf 76' lang='lat' dir='ltr'>confirmantur,</span> <span class='ocrx_word' id='word_1_87' title='bbox 1688 710 1719 737; x_wconf 81' lang='lat' dir='ltr'>et</span> <span class='ocrx_word' id='word_1_88' title='bbox 1743 706 1773 737; x_wconf 89' lang='lat' dir='ltr'>in</span> 
     </span>
     <span class='ocr_line' id='line_1_11' title="bbox 336 752 1776 800; baseline -0.003 -9"><span class='ocrx_word' id='word_1_89' title='bbox 336 767 375 790; x_wconf 88' lang='lat' dir='ltr'>eo</span> <span class='ocrx_word' id='word_1_90' title='bbox 394 757 514 791; x_wconf 87' lang='lat' dir='ltr'>servari</span> <span class='ocrx_word' id='word_1_91' title='bbox 536 757 685 790; x_wconf 77' lang='lat' dir='ltr'>statuitur</span> <span class='ocrx_word' id='word_1_92' title='bbox 706 757 918 791; x_wconf 88' lang='lat' dir='ltr'>monasticum</span> <span class='ocrx_word' id='word_1_93' title='bbox 947 756 1093 791; x_wconf 82' lang='lat' dir='ltr'>ordinem</span> <span class='ocrx_word' id='word_1_94' title='bbox 1126 755 1306 789; x_wconf 86' lang='lat' dir='ltr'>secundum</span> <span class='ocrx_word' id='word_1_95' title='bbox 1342 755 1482 800; x_wconf 83' lang='lat' dir='ltr'>regulam</span> <span class='ocrx_word' id='word_1_96' title='bbox 1512 754 1544 789; x_wconf 83' lang='lat' dir='ltr'>S.</span> <span class='ocrx_word' id='word_1_97' title='bbox 1584 752 1776 796; x_wconf 75' lang='lat' dir='ltr'>Benedicti,</span> 
     </span>
     <span class='ocr_line' id='line_1_12' title="bbox 336 807 581 850; baseline 0.004 -11"><span class='ocrx_word' id='word_1_98' title='bbox 336 807 408 840; x_wconf 76' lang='lat'>452</span> <span class='ocrx_word' id='word_1_99' title='bbox 429 808 447 840; x_wconf 88' lang='lat' dir='ltr'><strong><em>b</em></strong></span> <span class='ocrx_word' id='word_1_100' title='bbox 468 812 501 841; x_wconf 89' lang='lat' dir='ltr'>et</span> <span class='ocrx_word' id='word_1_101' title='bbox 520 817 581 850; x_wconf 81' lang='lat' dir='ltr'>seq.</span> 
     </span>
    </p>

    <p class='ocr_par' dir='ltr' id='par_1_8' title="bbox 238 850 1777 950">
     <span class='ocr_line' id='line_1_13' title="bbox 238 850 1777 901; baseline -0.003 -11"><span class='ocrx_word' id='word_1_102' title='bbox 238 850 461 901; x_wconf 56' lang='lat' dir='ltr'>Brugnate‘nse</span> <span class='ocrx_word' id='word_1_103' title='bbox 487 853 715 889; x_wconf 86' lang='lat' dir='ltr'>monasterium</span> <span class='ocrx_word' id='word_1_104' title='bbox 740 853 771 887; x_wconf 85' lang='lat' dir='ltr'>in</span> <span class='ocrx_word' id='word_1_105' title='bbox 793 853 1009 900; x_wconf 90' lang='lat' dir='ltr'>episcopalem</span> <span class='ocrx_word' id='word_1_106' title='bbox 1040 853 1149 888; x_wconf 86' lang='lat' dir='ltr'>sedem</span> <span class='ocrx_word' id='word_1_107' title='bbox 1179 852 1333 899; x_wconf 80' lang='lat' dir='ltr'>redigitur</span> <span class='ocrx_word' id='word_1_108' title='bbox 1360 852 1507 887; x_wconf 86' lang='lat' dir='ltr'>lanuensi</span> <span class='ocrx_word' id='word_1_109' title='bbox 1531 851 1777 898; x_wconf 79' lang='lat' dir='ltr'>archiepiscopo</span> 
     </span>
     <span class='ocr_line' id='line_1_14' title="bbox 339 904 845 950; baseline -0.008 -11"><span class='ocrx_word' id='word_1_110' title='bbox 339 904 582 950; x_wconf 79' lang='lat' dir='ltr'>suffraganeam,</span> <span class='ocrx_word' id='word_1_111' title='bbox 605 904 674 937; x_wconf 80' lang='lat'>578</span> <span class='ocrx_word' id='word_1_112' title='bbox 696 904 713 935; x_wconf 91' lang='lat' dir='ltr'><strong><em>b</em></strong></span> <span class='ocrx_word' id='word_1_113' title='bbox 735 910 765 936; x_wconf 89' lang='lat' dir='ltr'>et</span> <span class='ocrx_word' id='word_1_114' title='bbox 785 915 845 947; x_wconf 86' lang='lat' dir='ltr'>seq.</span> 
     </span>
    </p>

    <p class='ocr_par' dir='ltr' id='par_1_9' title="bbox 241 949 1778 1049">
     <span class='ocr_line' id='line_1_15' title="bbox 241 949 1778 999; baseline -0.003 -11"><span class='ocrx_word' id='word_1_115' title='bbox 241 952 464 999; x_wconf 81' lang='lat' dir='ltr'>Burdigalensi</span> <span class='ocrx_word' id='word_1_116' title='bbox 496 952 661 987; x_wconf 76' lang='lat' dir='ltr'>Ecclesiae</span> <span class='ocrx_word' id='word_1_117' title='bbox 688 951 915 985; x_wconf 73' lang='lat' dir='ltr'>confirmantur</span> <span class='ocrx_word' id='word_1_118' title='bbox 943 951 1107 998; x_wconf 84' lang='lat' dir='ltr'>privilegia</span> <span class='ocrx_word' id='word_1_119' title='bbox 1140 951 1245 986; x_wconf 88' lang='lat' dir='ltr'>omnia</span> <span class='ocrx_word' id='word_1_120' title='bbox 1274 951 1302 985; x_wconf 91' lang='lat' dir='ltr'>ei</span> <span class='ocrx_word' id='word_1_121' title='bbox 1345 962 1499 986; x_wconf 85' lang='lat' dir='ltr'>concessa</span> <span class='ocrx_word' id='word_1_122' title='bbox 1533 963 1548 985; x_wconf 86' lang='lat' dir='ltr'>a</span> <span class='ocrx_word' id='word_1_123' title='bbox 1582 949 1778 984; x_wconf 85' lang='lat' dir='ltr'>Francorum</span> 
     </span>
     <span class='ocr_line' id='line_1_16' title="bbox 341 1002 770 1049; baseline -0.007 -13"><span class='ocrx_word' id='word_1_124' title='bbox 341 1002 486 1049; x_wconf 77' lang='lat' dir='ltr'>regibus,</span> <span class='ocrx_word' id='word_1_125' title='bbox 512 1004 576 1036; x_wconf 77' lang='lat'>551</span> <span class='ocrx_word' id='word_1_126' title='bbox 604 1014 624 1035; x_wconf 89' lang='grc' dir='ltr'><em>α</em></span> <span class='ocrx_word' id='word_1_127' title='bbox 651 1008 683 1035; x_wconf 88' lang='lat' dir='ltr'>et</span> <span class='ocrx_word' id='word_1_128' title='bbox 708 1012 770 1045; x_wconf 74' lang='lat' dir='ltr'>seq.</span> 
     </span>
    </p>

    <p class='ocr_par' dir='ltr' id='par_1_10' title="bbox 241 1047 1780 1144">
     <span class='ocr_line' id='line_1_17' title="bbox 241 1047 1780 1097; baseline -0.003 -11"><span class='ocrx_word' id='word_1_129' title='bbox 241 1051 371 1086; x_wconf 88' lang='lat' dir='ltr'>Burneti</span> <span class='ocrx_word' id='word_1_130' title='bbox 395 1059 475 1086; x_wconf 88' lang='lat' dir='ltr'>terra</span> <span class='ocrx_word' id='word_1_131' title='bbox 502 1050 542 1085; x_wconf 91' lang='lat' dir='ltr'>ab</span> <span class='ocrx_word' id='word_1_132' title='bbox 567 1050 723 1097; x_wconf 89' lang='lat' dir='ltr'>episcopo</span> <span class='ocrx_word' id='word_1_133' title='bbox 747 1048 930 1083; x_wconf 70' lang='lat' dir='ltr'>Placentino</span> <span class='ocrx_word' id='word_1_134' title='bbox 952 1049 1116 1084; x_wconf 84' lang='lat' dir='ltr'>canonicis</span> <span class='ocrx_word' id='word_1_135' title='bbox 1139 1049 1171 1083; x_wconf 85' lang='lat' dir='ltr'>S.</span> <span class='ocrx_word' id='word_1_136' title='bbox 1197 1049 1351 1083; x_wconf 79' lang='lat' dir='ltr'>Antonini</span> <span class='ocrx_word' id='word_1_137' title='bbox 1374 1048 1477 1085; x_wconf 86' lang='lat' dir='ltr'>eiusd.</span> <span class='ocrx_word' id='word_1_138' title='bbox 1497 1049 1638 1084; x_wconf 84' lang='lat' dir='ltr'>civitatis</span> <span class='ocrx_word' id='word_1_139' title='bbox 1660 1047 1780 1091; x_wconf 83' lang='lat' dir='ltr'>ablata,</span> 
     </span>
     <span class='ocr_line' id='line_1_18' title="bbox 339 1099 971 1144; baseline -0.006 -9"><span class='ocrx_word' id='word_1_140' title='bbox 339 1100 464 1135; x_wconf 85' lang='lat' dir='ltr'>eisdem</span> <span class='ocrx_word' id='word_1_141' title='bbox 493 1100 684 1137; x_wconf 79' lang='lat' dir='ltr'>restituitur,</span> <span class='ocrx_word' id='word_1_142' title='bbox 713 1099 782 1132; x_wconf 84' lang='lat'>697</span> <span class='ocrx_word' id='word_1_143' title='bbox 811 1100 828 1131; x_wconf 83' lang='lat' dir='ltr'><strong><em>b</em></strong></span> <span class='ocrx_word' id='word_1_144' title='bbox 855 1105 883 1131; x_wconf 83' lang='lat' dir='ltr'>et</span> <span class='ocrx_word' id='word_1_145' title='bbox 911 1111 971 1144; x_wconf 82' lang='lat' dir='ltr'>seq.</span> 
     </span>
    </p>

    <p class='ocr_par' dir='ltr' id='par_1_11' title="bbox 243 1144 1781 1244">
     <span class='ocr_line' id='line_1_19' title="bbox 243 1144 1781 1185; baseline -0.005 0"><span class='ocrx_word' id='word_1_146' title='bbox 243 1149 462 1185; x_wconf 86' lang='lat' dir='ltr'>Burrhonensi</span> <span class='ocrx_word' id='word_1_147' title='bbox 485 1149 680 1184; x_wconf 87' lang='lat' dir='ltr'>monasterio</span> <span class='ocrx_word' id='word_1_148' title='bbox 712 1147 741 1180; x_wconf 86' lang='lat' dir='ltr'>in</span> <span class='ocrx_word' id='word_1_149' title='bbox 765 1147 906 1182; x_wconf 78' lang='lat' dir='ltr'>dioecesi</span> <span class='ocrx_word' id='word_1_150' title='bbox 935 1147 1173 1182; x_wconf 73' lang='lat' dir='ltr'>(lonstantiensi</span> <span class='ocrx_word' id='word_1_151' title='bbox 1203 1146 1431 1182; x_wconf 81' lang='lat' dir='ltr'>confirmantur</span> <span class='ocrx_word' id='word_1_152' title='bbox 1457 1146 1649 1182; x_wconf 82' lang='lat' dir='ltr'>donationes</span> <span class='ocrx_word' id='word_1_153' title='bbox 1679 1144 1781 1179; x_wconf 82' lang='lat' dir='ltr'>factae</span> 
     </span>
     <span class='ocr_line' id='line_1_20' title="bbox 341 1196 1346 1244; baseline -0.004 -10"><span class='ocrx_word' id='word_1_154' title='bbox 341 1198 381 1234; x_wconf 85' lang='lat' dir='ltr'>ab</span> <span class='ocrx_word' id='word_1_155' title='bbox 406 1198 560 1233; x_wconf 84' lang='lat' dir='ltr'>Adelaide</span> <span class='ocrx_word' id='word_1_156' title='bbox 587 1197 752 1234; x_wconf 83' lang='lat' dir='ltr'>comitissa</span> <span class='ocrx_word' id='word_1_157' title='bbox 776 1196 961 1244; x_wconf 88' lang='lat' dir='ltr'>patruisque</span> <span class='ocrx_word' id='word_1_158' title='bbox 984 1197 1065 1240; x_wconf 61' lang='lat' dir='ltr'>eius„</span> <span class='ocrx_word' id='word_1_159' title='bbox 1092 1199 1160 1231; x_wconf 83' lang='grc'>195</span> <span class='ocrx_word' id='word_1_160' title='bbox 1183 1209 1202 1230; x_wconf 89' lang='grc' dir='ltr'><em>α</em></span> <span class='ocrx_word' id='word_1_161' title='bbox 1229 1203 1260 1230; x_wconf 87' lang='lat' dir='ltr'>et</span> <span class='ocrx_word' id='word_1_162' title='bbox 1286 1208 1346 1242; x_wconf 80' lang='lat' dir='ltr'>seq.</span> 
     </span>
    </p>
   </div>
   <div class='ocr_carea' id='block_1_5' title="bbox 1001 1378 1035 1419">
    <p class='ocr_par' dir='ltr' id='par_1_12' title="bbox 1001 1378 1035 1419">
     <span class='ocr_line' id='line_1_21' title="bbox 1001 1378 1035 1419; baseline 0 0"><span class='ocrx_word' id='word_1_163' title='bbox 1001 1378 1035 1419; x_wconf 75' lang='lat' dir='ltr'>C</span> 
     </span>
    </p>
   </div>
   <div class='ocr_carea' id='block_1_6' title="bbox 245 1519 1788 1812">
    <p class='ocr_par' dir='ltr' id='par_1_13' title="bbox 245 1519 1784 1619">
     <span class='ocr_line' id='line_1_22' title="bbox 245 1519 1784 1569; baseline -0.003 -11"><span class='ocrx_word' id='word_1_164' title='bbox 245 1522 593 1569; x_wconf 84' lang='lat' dir='ltr'>Caesar—Augustanae</span> <span class='ocrx_word' id='word_1_165' title='bbox 614 1523 859 1569; x_wconf 80' lang='lat' dir='ltr'>Ecclesiae-pro</span> <span class='ocrx_word' id='word_1_166' title='bbox 888 1521 1125 1567; x_wconf 71' lang='lat' dir='ltr'>recuperatione</span> <span class='ocrx_word' id='word_1_167' title='bbox 1148 1520 1376 1561; x_wconf 71' lang='lat' dir='ltr'>militantibus,</span> <span class='ocrx_word' id='word_1_168' title='bbox 1406 1520 1451 1555; x_wconf 82' lang='lat' dir='ltr'>vel</span> <span class='ocrx_word' id='word_1_169' title='bbox 1480 1520 1596 1568; x_wconf 83' lang='lat' dir='ltr'>aliquid</span> <span class='ocrx_word' id='word_1_170' title='bbox 1633 1531 1688 1567; x_wconf 90' lang='lat' dir='ltr'>pro</span> <span class='ocrx_word' id='word_1_171' title='bbox 1716 1519 1784 1554; x_wconf 85' lang='lat' dir='ltr'>eius</span> 
     </span>
     <span class='ocr_line' id='line_1_23' title="bbox 343 1570 1499 1619; baseline -0.004 -13"><span class='ocrx_word' id='word_1_172' title='bbox 343 1572 540 1619; x_wconf 82' lang='lat' dir='ltr'>reparatione</span> <span class='ocrx_word' id='word_1_173' title='bbox 567 1572 760 1606; x_wconf 78' lang='lat' dir='ltr'>donantibus</span> <span class='ocrx_word' id='word_1_174' title='bbox 784 1571 999 1618; x_wconf 74' lang='lat' dir='ltr'>indulgentiae</span> <span class='ocrx_word' id='word_1_175' title='bbox 1022 1570 1251 1609; x_wconf 77' lang='lat' dir='ltr'>conceduntur,</span> <span class='ocrx_word' id='word_1_176' title='bbox 1275 1572 1338 1604; x_wconf 72' lang='lat'>29¹</span> <span class='ocrx_word' id='word_1_177' title='bbox 1368 1583 1387 1604; x_wconf 88' lang='lat' dir='ltr'>a</span> <span class='ocrx_word' id='word_1_178' title='bbox 1415 1578 1445 1604; x_wconf 89' lang='lat' dir='ltr'>et</span> <span class='ocrx_word' id='word_1_179' title='bbox 1472 1571 1499 1602; x_wconf 83' lang='lat' dir='ltr'>b.</span> 
     </span>
    </p>

    <p class='ocr_par' dir='ltr' id='par_1_14' title="bbox 247 1617 1787 1705">
     <span class='ocr_line' id='line_1_24' title="bbox 247 1617 1787 1656; baseline -0.003 0"><span class='ocrx_word' id='word_1_180' title='bbox 247 1620 391 1656; x_wconf 82' lang='lat' dir='ltr'>calderia</span> <span class='ocrx_word' id='word_1_181' title='bbox 413 1620 453 1655; x_wconf 87' lang='lat' dir='ltr'>de</span> <span class='ocrx_word' id='word_1_182' title='bbox 470 1620 611 1656; x_wconf 89' lang='lat' dir='ltr'>Ledone.</span> <span class='ocrx_word' id='word_1_183' title='bbox 639 1622 674 1654; x_wconf 89' lang='lat' dir='ltr'>V.</span> <span class='ocrx_word' id='word_1_184' title='bbox 690 1620 845 1655; x_wconf 89' lang='lat' dir='ltr'>Willelmi</span> <span class='ocrx_word' id='word_1_185' title='bbox 867 1620 991 1655; x_wconf 86' lang='lat' dir='ltr'>comitis</span> <span class='ocrx_word' id='word_1_186' title='bbox 1013 1619 1251 1654; x_wconf 79' lang='lat' dir='ltr'>Matisconensis</span> <span class='ocrx_word' id='word_1_187' title='bbox 1273 1627 1301 1653; x_wconf 83' lang='lat' dir='ltr'>et</span> <span class='ocrx_word' id='word_1_188' title='bbox 1325 1618 1408 1652; x_wconf 82' lang='lat' dir='ltr'>Petri</span> <span class='ocrx_word' id='word_1_189' title='bbox 1432 1618 1552 1652; x_wconf 82' lang='lat' dir='ltr'>abbatis</span> <span class='ocrx_word' id='word_1_190' title='bbox 1569 1617 1787 1652; x_wconf 76' lang='lat' dir='ltr'>Cluniacensis</span> 
     </span>
     <span class='ocr_line' id='line_1_25' title="bbox 345 1671 594 1705; baseline -0.004 -1"><span class='ocrx_word' id='word_1_191' title='bbox 345 1671 515 1705; x_wconf 86' lang='lat' dir='ltr'>transactio</span> <span class='ocrx_word' id='word_1_192' title='bbox 541 1677 594 1704; x_wconf 76' lang='lat' dir='ltr'>etc.</span> 
     </span>
    </p>

    <p class='ocr_par' dir='ltr' id='par_1_15' title="bbox 248 1714 1788 1812">
     <span class='ocr_line' id='line_1_26' title="bbox 248 1714 1787 1763; baseline -0.004 -9"><span class='ocrx_word' id='word_1_193' title='bbox 248 1718 392 1754; x_wconf 86' lang='lat' dir='ltr'>Calixtus</span> <span class='ocrx_word' id='word_1_194' title='bbox 416 1718 445 1753; x_wconf 87' lang='lat' dir='ltr'>Il</span> <span class='ocrx_word' id='word_1_195' title='bbox 470 1718 547 1759; x_wconf 66' lang='lat' dir='ltr'>PP„</span> <span class='ocrx_word' id='word_1_196' title='bbox 569 1721 641 1753; x_wconf 73' lang='lat'>⁶295</span> <span class='ocrx_word' id='word_1_197' title='bbox 662 1731 693 1752; x_wconf 87' lang='lat' dir='ltr'>a.</span> <span class='ocrx_word' id='word_1_198' title='bbox 721 1718 820 1752; x_wconf 85' lang='lat' dir='ltr'>Antea</span> <span class='ocrx_word' id='word_1_199' title='bbox 854 1717 1041 1752; x_wconf 81' lang='lat' dir='ltr'>Viennensis</span> <span class='ocrx_word' id='word_1_200' title='bbox 1067 1718 1336 1763; x_wconf 78' lang='lat' dir='ltr'>archiepiscopus,</span> <span class='ocrx_word' id='word_1_201' title='bbox 1364 1718 1437 1751; x_wconf 83' lang='lat' dir='ltr'>ibid.</span> <span class='ocrx_word' id='word_1_202' title='bbox 1466 1723 1495 1750; x_wconf 89' lang='lat' dir='ltr'>et</span> <span class='ocrx_word' id='word_1_203' title='bbox 1519 1717 1589 1749; x_wconf 78' lang='lat'>305</span> <span class='ocrx_word' id='word_1_204' title='bbox 1616 1727 1646 1748; x_wconf 84' lang='lat' dir='ltr'>a.</span> <span class='ocrx_word' id='word_1_205' title='bbox 1675 1714 1787 1749; x_wconf 86' lang='lat' dir='ltr'>Eccle-</span> 
     </span>
     <span class='ocr_line' id='line_1_27' title="bbox 346 1764 1788 1812; baseline -0.003 -10"><span class='ocrx_word' id='word_1_206' title='bbox 346 1768 426 1803; x_wconf 88' lang='lat' dir='ltr'>siam</span> <span class='ocrx_word' id='word_1_207' title='bbox 446 1767 707 1803; x_wconf 87' lang='lat' dir='ltr'>Trenorciensem</span> <span class='ocrx_word' id='word_1_208' title='bbox 732 1776 906 1806; x_wconf 82' lang='lat' dir='ltr'>consecrat,</span> <span class='ocrx_word' id='word_1_209' title='bbox 930 1770 999 1801; x_wconf 82' lang='grc'>519</span> <span class='ocrx_word' id='word_1_210' title='bbox 1021 1779 1052 1800; x_wconf 87' lang='grc' dir='ltr'>α.</span> <span class='ocrx_word' id='word_1_211' title='bbox 1076 1767 1246 1800; x_wconf 85' lang='lat' dir='ltr'>Henricum</span> <span class='ocrx_word' id='word_1_212' title='bbox 1265 1765 1288 1798; x_wconf 93' lang='lat' dir='ltr'>V</span> <span class='ocrx_word' id='word_1_213' title='bbox 1316 1765 1536 1812; x_wconf 89' lang='lat' dir='ltr'>imperatorem</span> <span class='ocrx_word' id='word_1_214' title='bbox 1562 1764 1719 1798; x_wconf 79' lang='lat' dir='ltr'>Ecclesiae</span> <span class='ocrx_word' id='word_1_215' title='bbox 1743 1776 1788 1798; x_wconf 89' lang='lat' dir='ltr'>re-</span> 
     </span>
    </p>
   </div>
   <div class='ocr_carea' id='block_1_7' title="bbox 346 1812 1787 1900">
    <p class='ocr_par' dir='ltr' id='par_1_16' title="bbox 346 1812 1787 1900">
     <span class='ocr_line' id='line_1_28' title="bbox 346 1812 1787 1899; baseline -0.003 -48"><span class='ocrx_word' id='word_1_216' title='bbox 346 1816 503 1899; x_wconf 55' lang='lat' dir='ltr'>conpiliat,</span> <span class='ocrx_word' id='word_1_217' title='bbox 520 1819 590 1851; x_wconf 77' lang='lat'>525</span> <span class='ocrx_word' id='word_1_218' title='bbox 605 1829 635 1850; x_wconf 89' lang='grc' dir='ltr'>α.</span> <span class='ocrx_word' id='word_1_219' title='bbox 651 1816 762 1850; x_wconf 88' lang='lat' dir='ltr'>Eidem</span> <span class='ocrx_word' id='word_1_220' title='bbox 778 1816 911 1850; x_wconf 81' lang='lat' dir='ltr'>restituit</span> <span class='ocrx_word' id='word_1_221' title='bbox 935 1815 1059 1861; x_wconf 75' lang='lat' dir='ltr'>regalia,</span> <span class='ocrx_word' id='word_1_222' title='bbox 1080 1817 1157 1849; x_wconf 82' lang='lat' dir='ltr'>ibid.</span> <span class='ocrx_word' id='word_1_223' title='bbox 1183 1817 1211 1849; x_wconf 85' lang='lat' dir='ltr'>b.</span> <span class='ocrx_word' id='word_1_224' title='bbox 1240 1815 1354 1849; x_wconf 88' lang='lat' dir='ltr'>Pacem</span> <span class='ocrx_word' id='word_1_225' title='bbox 1382 1815 1441 1849; x_wconf 91' lang='lat' dir='ltr'>init</span> <span class='ocrx_word' id='word_1_226' title='bbox 1467 1825 1540 1848; x_wconf 89' lang='lat' dir='ltr'>cuin</span> <span class='ocrx_word' id='word_1_227' title='bbox 1568 1813 1706 1847; x_wconf 87' lang='lat' dir='ltr'>Henrico</span> <span class='ocrx_word' id='word_1_228' title='bbox 1734 1812 1787 1855; x_wconf 81' lang='lat' dir='ltr'>lv,</span> 
     </span>
     <span class='ocr_line' id='line_1_29' title="bbox 351 1868 480 1900; baseline -0.008 0"><span class='ocrx_word' id='word_1_229' title='bbox 351 1868 397 1900; x_wconf 80' lang='grc'>54</span> <span class='ocrx_word' id='word_1_230' title='bbox 449 1877 480 1900; x_wconf 87' lang='lat' dir='ltr'>a.</span> 
     </span>
    </p>
   </div>
   <div class='ocr_carea' id='block_1_8' title="bbox 252 1913 1792 2446">
    <p class='ocr_par' dir='ltr' id='par_1_17' title="bbox 252 1913 1163 1959">
     <span class='ocr_line' id='line_1_30' title="bbox 252 1913 1163 1959; baseline -0.004 -9"><span class='ocrx_word' id='word_1_231' title='bbox 252 1913 515 1950; x_wconf 88' lang='lat' dir='ltr'>Camaldulenses</span> <span class='ocrx_word' id='word_1_232' title='bbox 535 1914 693 1949; x_wconf 87' lang='lat' dir='ltr'>eremitae.</span> <span class='ocrx_word' id='word_1_233' title='bbox 730 1915 763 1947; x_wconf 91' lang='lat' dir='ltr'>V.</span> <span class='ocrx_word' id='word_1_234' title='bbox 790 1913 902 1959; x_wconf 87' lang='lat' dir='ltr'>Campi</span> <span class='ocrx_word' id='word_1_235' title='bbox 925 1913 1088 1953; x_wconf 78' lang='lat' dir='ltr'>Amabilis,</span> <span class='ocrx_word' id='word_1_236' title='bbox 1110 1921 1163 1947; x_wconf 79' lang='lat' dir='ltr'>etc.</span> 
     </span>
    </p>

    <p class='ocr_par' dir='ltr' id='par_1_18' title="bbox 252 1961 1350 2010">
     <span class='ocr_line' id='line_1_31' title="bbox 252 1961 1350 2010; baseline -0.004 -11"><span class='ocrx_word' id='word_1_237' title='bbox 252 1963 392 2008; x_wconf 82' lang='lat' dir='ltr'>Camba,</span> <span class='ocrx_word' id='word_1_238' title='bbox 418 1963 495 2010; x_wconf 92' lang='lat' dir='ltr'>quid</span> <span class='ocrx_word' id='word_1_239' title='bbox 521 1963 572 2003; x_wconf 83' lang='lat' dir='ltr'>sit,</span> <span class='ocrx_word' id='word_1_240' title='bbox 595 1965 664 1997; x_wconf 84' lang='lat'>769</span> <span class='ocrx_word' id='word_1_241' title='bbox 692 1976 722 1996; x_wconf 87' lang='lat' dir='ltr'>a.</span> <span class='ocrx_word' id='word_1_242' title='bbox 757 1964 788 1996; x_wconf 93' lang='lat' dir='ltr'>V.</span> <span class='ocrx_word' id='word_1_243' title='bbox 812 1971 877 1997; x_wconf 91' lang='lat' dir='ltr'>not.</span> <span class='ocrx_word' id='word_1_244' title='bbox 905 1962 942 1996; x_wconf 88' lang='lat' dir='ltr'>ad</span> <span class='ocrx_word' id='word_1_245' title='bbox 965 1961 1083 1996; x_wconf 83' lang='lat' dir='ltr'>calcem</span> <span class='ocrx_word' id='word_1_246' title='bbox 1110 1963 1226 1997; x_wconf 87' lang='lat' dir='ltr'>colum.</span> <span class='ocrx_word' id='word_1_247' title='bbox 1249 1961 1350 1996; x_wconf 89' lang='lat' dir='ltr'>eiusd.</span> 
     </span>
    </p>

    <p class='ocr_par' dir='ltr' id='par_1_19' title="bbox 253 2010 1381 2059">
     <span class='ocr_line' id='line_1_32' title="bbox 253 2010 1381 2059; baseline -0.004 -11"><span class='ocrx_word' id='word_1_248' title='bbox 253 2012 398 2058; x_wconf 82' lang='lat' dir='ltr'>camera,</span> <span class='ocrx_word' id='word_1_249' title='bbox 419 2013 495 2059; x_wconf 91' lang='lat' dir='ltr'>quid</span> <span class='ocrx_word' id='word_1_250' title='bbox 516 2012 567 2052; x_wconf 84' lang='lat' dir='ltr'>sit,</span> <span class='ocrx_word' id='word_1_251' title='bbox 590 2014 659 2046; x_wconf 78' lang='grc'>585</span> <span class='ocrx_word' id='word_1_252' title='bbox 682 2025 712 2046; x_wconf 88' lang='grc' dir='ltr'>α.</span> <span class='ocrx_word' id='word_1_253' title='bbox 741 2012 775 2044; x_wconf 89' lang='lat' dir='ltr'>V.</span> <span class='ocrx_word' id='word_1_254' title='bbox 800 2019 862 2045; x_wconf 92' lang='lat' dir='ltr'>not.</span> <span class='ocrx_word' id='word_1_255' title='bbox 885 2010 922 2045; x_wconf 84' lang='lat' dir='ltr'>ad</span> <span class='ocrx_word' id='word_1_256' title='bbox 947 2010 1065 2045; x_wconf 83' lang='lat' dir='ltr'>calcem</span> <span class='ocrx_word' id='word_1_257' title='bbox 1092 2011 1207 2045; x_wconf 85' lang='lat' dir='ltr'>colum.</span> <span class='ocrx_word' id='word_1_258' title='bbox 1231 2011 1381 2045; x_wconf 87' lang='lat' dir='ltr'>eiusdem.</span> 
     </span>
    </p>

    <p class='ocr_par' dir='ltr' id='par_1_20' title="bbox 253 2057 1788 2153">
     <span class='ocr_line' id='line_1_33' title="bbox 253 2057 1788 2106; baseline -0.003 -10"><span class='ocrx_word' id='word_1_259' title='bbox 253 2061 473 2097; x_wconf 88' lang='lat' dir='ltr'>Cameracensi</span> <span class='ocrx_word' id='word_1_260' title='bbox 500 2061 662 2096; x_wconf 87' lang='lat' dir='ltr'>Ecclesiae</span> <span class='ocrx_word' id='word_1_261' title='bbox 684 2060 798 2095; x_wconf 86' lang='lat' dir='ltr'>limites</span> <span class='ocrx_word' id='word_1_262' title='bbox 827 2060 1038 2105; x_wconf 75' lang='lat' dir='ltr'>assignantur⁷</span> <span class='ocrx_word' id='word_1_263' title='bbox 1069 2061 1137 2095; x_wconf 82' lang='lat'>150</span> <span class='ocrx_word' id='word_1_264' title='bbox 1163 2062 1190 2094; x_wconf 83' lang='lat' dir='ltr'>b.</span> <span class='ocrx_word' id='word_1_265' title='bbox 1217 2060 1360 2094; x_wconf 84' lang='lat' dir='ltr'>Distincti</span> <span class='ocrx_word' id='word_1_266' title='bbox 1383 2059 1421 2094; x_wconf 89' lang='lat' dir='ltr'>ab</span> <span class='ocrx_word' id='word_1_267' title='bbox 1442 2059 1624 2106; x_wconf 88' lang='lat' dir='ltr'>episcopatu</span> <span class='ocrx_word' id='word_1_268' title='bbox 1648 2057 1788 2093; x_wconf 83' lang='lat' dir='ltr'>Atreba-</span> 
     </span>
     <span class='ocr_line' id='line_1_34' title="bbox 353 2110 973 2153; baseline -0.006 -8"><span class='ocrx_word' id='word_1_269' title='bbox 353 2111 434 2146; x_wconf 91' lang='lat' dir='ltr'>tensi</span> <span class='ocrx_word' id='word_1_270' title='bbox 455 2110 702 2153; x_wconf 83' lang='lat' dir='ltr'>constituuntur,</span> <span class='ocrx_word' id='word_1_271' title='bbox 724 2111 795 2143; x_wconf 63' lang='lat'>216</span> <span class='ocrx_word' id='word_1_272' title='bbox 823 2121 843 2143; x_wconf 87' lang='grc' dir='ltr'><strong><em>α</em></strong></span> <span class='ocrx_word' id='word_1_273' title='bbox 864 2118 894 2143; x_wconf 84' lang='lat' dir='ltr'>et</span> <span class='ocrx_word' id='word_1_274' title='bbox 914 2121 973 2153; x_wconf 83' lang='lat' dir='ltr'>seq.</span> 
     </span>
    </p>

    <p class='ocr_par' dir='ltr' id='par_1_21' title="bbox 254 2155 1791 2252">
     <span class='ocr_line' id='line_1_35' title="bbox 254 2155 1791 2207; baseline -0.004 -12"><span class='ocrx_word' id='word_1_275' title='bbox 254 2159 501 2195; x_wconf 83' lang='lat' dir='ltr'>Cameracenses</span> <span class='ocrx_word' id='word_1_276' title='bbox 521 2159 605 2207; x_wconf 88' lang='lat' dir='ltr'>quod</span> <span class='ocrx_word' id='word_1_277' title='bbox 628 2159 789 2193; x_wconf 89' lang='lat' dir='ltr'>hominem</span> <span class='ocrx_word' id='word_1_278' title='bbox 817 2157 1059 2201; x_wconf 83' lang='lat' dir='ltr'>combusserint,</span> <span class='ocrx_word' id='word_1_279' title='bbox 1090 2158 1162 2204; x_wconf 88' lang='lat' dir='ltr'>quia</span> <span class='ocrx_word' id='word_1_280' title='bbox 1195 2156 1383 2192; x_wconf 88' lang='lat' dir='ltr'>simoniacos</span> <span class='ocrx_word' id='word_1_281' title='bbox 1404 2163 1434 2191; x_wconf 92' lang='lat' dir='ltr'>et</span> <span class='ocrx_word' id='word_1_282' title='bbox 1468 2155 1652 2190; x_wconf 85' lang='lat' dir='ltr'>fornicarios</span> <span class='ocrx_word' id='word_1_283' title='bbox 1680 2156 1791 2190; x_wconf 81' lang='lat' dir='ltr'>missas</span> 
     </span>
     <span class='ocr_line' id='line_1_36' title="bbox 353 2206 1403 2252; baseline -0.005 -8"><span class='ocrx_word' id='word_1_284' title='bbox 353 2209 511 2252; x_wconf 85' lang='lat' dir='ltr'>celebrare</span> <span class='ocrx_word' id='word_1_285' title='bbox 533 2220 594 2243; x_wconf 88' lang='lat' dir='ltr'>non</span> <span class='ocrx_word' id='word_1_286' title='bbox 617 2207 733 2243; x_wconf 85' lang='lat' dir='ltr'>debere</span> <span class='ocrx_word' id='word_1_287' title='bbox 760 2215 924 2247; x_wconf 67' lang='lat' dir='ltr'>assereret,</span> <span class='ocrx_word' id='word_1_288' title='bbox 951 2206 1277 2246; x_wconf 76' lang='lat' dir='ltr'>excommunicantur,</span> <span class='ocrx_word' id='word_1_289' title='bbox 1301 2207 1345 2240; x_wconf 88' lang='grc'>89</span> <span class='ocrx_word' id='word_1_290' title='bbox 1373 2218 1403 2240; x_wconf 85' lang='grc' dir='ltr'>α.</span> 
     </span>
    </p>

    <p class='ocr_par' dir='ltr' id='par_1_22' title="bbox 256 2253 1792 2402">
     <span class='ocr_line' id='line_1_37' title="bbox 256 2253 1790 2305; baseline -0.003 -13"><span class='ocrx_word' id='word_1_291' title='bbox 256 2257 368 2305; x_wconf 88' lang='lat' dir='ltr'>Campi</span> <span class='ocrx_word' id='word_1_292' title='bbox 396 2257 549 2292; x_wconf 82' lang='lat' dir='ltr'>Amabilis</span> <span class='ocrx_word' id='word_1_293' title='bbox 580 2269 706 2292; x_wconf 87' lang='lat' dir='ltr'>eremus</span> <span class='ocrx_word' id='word_1_294' title='bbox 740 2255 992 2302; x_wconf 81' lang='lat' dir='ltr'>congregationis</span> <span class='ocrx_word' id='word_1_295' title='bbox 1020 2255 1245 2290; x_wconf 83' lang='lat' dir='ltr'>monachorum</span> <span class='ocrx_word' id='word_1_296' title='bbox 1274 2254 1474 2289; x_wconf 87' lang='lat' dir='ltr'>eremitarum</span> <span class='ocrx_word' id='word_1_297' title='bbox 1498 2253 1790 2288; x_wconf 86' lang='lat' dir='ltr'>Camaldulensium</span> 
     </span>
     <span class='ocr_line' id='line_1_38' title="bbox 353 2303 1671 2351; baseline -0.004 -10"><span class='ocrx_word' id='word_1_298' title='bbox 353 2306 623 2341; x_wconf 81' lang='lat' dir='ltr'>confirmationem</span> <span class='ocrx_word' id='word_1_299' title='bbox 651 2305 806 2340; x_wconf 83' lang='lat' dir='ltr'>bonorum</span> <span class='ocrx_word' id='word_1_300' title='bbox 830 2313 860 2339; x_wconf 88' lang='lat' dir='ltr'>et</span> <span class='ocrx_word' id='word_1_301' title='bbox 882 2304 1117 2351; x_wconf 84' lang='lat' dir='ltr'>privilegiorum</span> <span class='ocrx_word' id='word_1_302' title='bbox 1140 2303 1424 2347; x_wconf 23' lang='lat' dir='ltr'>siiorumlobtinet7</span> <span class='ocrx_word' id='word_1_303' title='bbox 1450 2305 1497 2336; x_wconf 72' lang='lat'>48</span> <span class='ocrx_word' id='word_1_304' title='bbox 1520 2315 1540 2337; x_wconf 89' lang='lat' dir='ltr'>a</span> <span class='ocrx_word' id='word_1_305' title='bbox 1561 2310 1592 2336; x_wconf 88' lang='lat' dir='ltr'>et</span> <span class='ocrx_word' id='word_1_306' title='bbox 1612 2315 1671 2347; x_wconf 84' lang='lat' dir='ltr'>seq.</span> 
     </span>
     <span class='ocr_line' id='line_1_39' title="bbox 256 2351 1792 2402; baseline -0.003 -12"><span class='ocrx_word' id='word_1_307' title='bbox 256 2354 478 2402; x_wconf 83' lang='lat' dir='ltr'>Canigonense</span> <span class='ocrx_word' id='word_1_308' title='bbox 500 2354 725 2390; x_wconf 88' lang='lat' dir='ltr'>monasterium</span> <span class='ocrx_word' id='word_1_309' title='bbox 747 2354 806 2388; x_wconf 89' lang='lat' dir='ltr'>sub</span> <span class='ocrx_word' id='word_1_310' title='bbox 828 2353 1022 2400; x_wconf 87' lang='lat' dir='ltr'>protectione</span> <span class='ocrx_word' id='word_1_311' title='bbox 1046 2352 1245 2399; x_wconf 81' lang='lat' dir='ltr'>Apostolicae</span> <span class='ocrx_word' id='word_1_312' title='bbox 1268 2352 1359 2387; x_wconf 85' lang='lat' dir='ltr'>Sedis</span> <span class='ocrx_word' id='word_1_313' title='bbox 1386 2351 1558 2398; x_wconf 76' lang='lat' dir='ltr'>recipitur,</span> <span class='ocrx_word' id='word_1_314' title='bbox 1585 2351 1676 2398; x_wconf 88' lang='lat' dir='ltr'>eique</span> <span class='ocrx_word' id='word_1_315' title='bbox 1710 2351 1792 2386; x_wconf 87' lang='lat' dir='ltr'>bona</span> 
     </span>
    </p>

    <p class='ocr_par' dir='ltr' id='par_1_23' title="bbox 355 2404 998 2446">
     <span class='ocr_line' id='line_1_40' title="bbox 355 2404 998 2446; baseline -0.006 -7"><span class='ocrx_word' id='word_1_316' title='bbox 355 2404 460 2438; x_wconf 83' lang='lat' dir='ltr'>omnia</span> <span class='ocrx_word' id='word_1_317' title='bbox 486 2404 726 2445; x_wconf 81' lang='lat' dir='ltr'>confirmantur,</span> <span class='ocrx_word' id='word_1_318' title='bbox 748 2405 819 2437; x_wconf 86' lang='lat'>680</span> <span class='ocrx_word' id='word_1_319' title='bbox 841 2415 861 2437; x_wconf 84' lang='lat' dir='ltr'>a</span> <span class='ocrx_word' id='word_1_320' title='bbox 883 2410 913 2437; x_wconf 88' lang='lat' dir='ltr'>et</span> <span class='ocrx_word' id='word_1_321' title='bbox 938 2414 998 2446; x_wconf 84' lang='lat' dir='ltr'>seq.</span> 
     </span>
    </p>
   </div>
   <div class='ocr_carea' id='block_1_9' title="bbox 257 2448 1793 2536">
    <p class='ocr_par' dir='ltr' id='par_1_24' title="bbox 257 2448 1793 2536">
     <span class='ocr_line' id='line_1_41' title="bbox 257 2448 1793 2536; baseline -0.003 -48"><span class='ocrx_word' id='word_1_322' title='bbox 257 2452 411 2536; x_wconf 59' lang='lat' dir='ltr'>Canon2igi</span> <span class='ocrx_word' id='word_1_323' title='bbox 432 2452 596 2535; x_wconf 71' lang='lat' dir='ltr'>dibgnitate,</span> <span class='ocrx_word' id='word_1_324' title='bbox 619 2452 666 2487; x_wconf 87' lang='lat' dir='ltr'>vel</span> <span class='ocrx_word' id='word_1_325' title='bbox 690 2451 866 2498; x_wconf 88' lang='lat' dir='ltr'>praebenda</span> <span class='ocrx_word' id='word_1_326' title='bbox 887 2451 926 2486; x_wconf 86' lang='lat' dir='ltr'>ab</span> <span class='ocrx_word' id='word_1_327' title='bbox 953 2451 1102 2497; x_wconf 86' lang='lat' dir='ltr'>episcopo</span> <span class='ocrx_word' id='word_1_328' title='bbox 1125 2462 1187 2484; x_wconf 92' lang='lat' dir='ltr'>non</span> <span class='ocrx_word' id='word_1_329' title='bbox 1211 2449 1353 2496; x_wconf 85' lang='lat' dir='ltr'>privandi</span> <span class='ocrx_word' id='word_1_330' title='bbox 1376 2449 1443 2484; x_wconf 89' lang='lat' dir='ltr'>sine</span> <span class='ocrx_word' id='word_1_331' title='bbox 1464 2448 1594 2495; x_wconf 88' lang='lat' dir='ltr'>capituli</span> <span class='ocrx_word' id='word_1_332' title='bbox 1616 2459 1793 2490; x_wconf 79' lang='lat' dir='ltr'>consensu,</span> 
     </span>
     <span class='ocr_line' id='line_1_42' title="bbox 410 2505 485 2536; baseline -0.013 0"><span class='ocrx_word' id='word_1_333' title='bbox 410 2505 428 2536; x_wconf 90' lang='grc'><strong>7</strong></span> <span class='ocrx_word' id='word_1_334' title='bbox 477 2527 485 2535; x_wconf 93' lang='grc'><strong>.</strong></span> 
     </span>
    </p>
   </div>
   <div class='ocr_carea' id='block_1_10' title="bbox 259 2546 1794 2643">
    <p class='ocr_par' dir='ltr' id='par_1_25' title="bbox 259 2546 1794 2643">
     <span class='ocr_line' id='line_1_43' title="bbox 259 2546 1793 2595; baseline -0.004 -9"><span class='ocrx_word' id='word_1_335' title='bbox 259 2550 463 2586; x_wconf 83' lang='lat' dir='ltr'>Canonizatio</span> <span class='ocrx_word' id='word_1_336' title='bbox 496 2549 529 2584; x_wconf 92' lang='lat' dir='ltr'>S.</span> <span class='ocrx_word' id='word_1_337' title='bbox 557 2550 642 2585; x_wconf 91' lang='lat' dir='ltr'>Petri</span> <span class='ocrx_word' id='word_1_338' title='bbox 675 2549 847 2595; x_wconf 76' lang='lat' dir='ltr'>Anagnini,</span> <span class='ocrx_word' id='word_1_339' title='bbox 882 2549 953 2582; x_wconf 77' lang='lat'>256</span> <span class='ocrx_word' id='word_1_340' title='bbox 974 2560 1005 2582; x_wconf 86' lang='lat' dir='ltr'>a.</span> <span class='ocrx_word' id='word_1_341' title='bbox 1042 2547 1075 2581; x_wconf 78' lang='lat' dir='ltr'>S.</span> <span class='ocrx_word' id='word_1_342' title='bbox 1104 2546 1284 2581; x_wconf 87' lang='lat' dir='ltr'>Godehardi</span> <span class='ocrx_word' id='word_1_343' title='bbox 1326 2546 1633 2585; x_wconf 74' lang='lat' dir='ltr'>Hildeislreimcnsis,</span> <span class='ocrx_word' id='word_1_344' title='bbox 1670 2547 1741 2580; x_wconf 83' lang='lat'>568</span> <span class='ocrx_word' id='word_1_345' title='bbox 1764 2548 1793 2580; x_wconf 79' lang='grc' dir='ltr'>Ι).</span> 
     </span>
     <span class='ocr_line' id='line_1_44' title="bbox 361 2594 1794 2643; baseline -0.003 -9"><span class='ocrx_word' id='word_1_346' title='bbox 361 2598 395 2634; x_wconf 90' lang='lat' dir='ltr'>S.</span> <span class='ocrx_word' id='word_1_347' title='bbox 422 2598 543 2634; x_wconf 84' lang='lat' dir='ltr'>Sturnii</span> <span class='ocrx_word' id='word_1_348' title='bbox 563 2598 684 2634; x_wconf 82' lang='lat' dir='ltr'>abbatis</span> <span class='ocrx_word' id='word_1_349' title='bbox 704 2598 727 2633; x_wconf 84' lang='lat' dir='ltr'><strong>F</strong></span> <span class='ocrx_word' id='word_1_350' title='bbox 730 2598 883 2643; x_wconf 82' lang='lat' dir='ltr'>uldensis,</span> <span class='ocrx_word' id='word_1_351' title='bbox 907 2599 973 2631; x_wconf 74' lang='lat'>457</span> <span class='ocrx_word' id='word_1_352' title='bbox 999 2598 1027 2631; x_wconf 80' lang='lat' dir='ltr'>b.</span> <span class='ocrx_word' id='word_1_353' title='bbox 1055 2596 1090 2632; x_wconf 89' lang='lat' dir='ltr'>S.</span> <span class='ocrx_word' id='word_1_354' title='bbox 1117 2595 1275 2631; x_wconf 86' lang='lat' dir='ltr'>Henricil</span> <span class='ocrx_word' id='word_1_355' title='bbox 1297 2596 1421 2643; x_wconf 87' lang='lat' dir='ltr'>imper.‚</span> <span class='ocrx_word' id='word_1_356' title='bbox 1449 2597 1519 2630; x_wconf 77' lang='lat'>595</span> <span class='ocrx_word' id='word_1_357' title='bbox 1541 2596 1570 2629; x_wconf 82' lang='lat' dir='ltr'>h.</span> <span class='ocrx_word' id='word_1_358' title='bbox 1593 2595 1627 2630; x_wconf 87' lang='lat' dir='ltr'>S.</span> <span class='ocrx_word' id='word_1_359' title='bbox 1652 2594 1794 2631; x_wconf 85' lang='lat' dir='ltr'>Eduardi</span> 
     </span>
    </p>
   </div>
  </div>
 </body>
</html>
