2180 3205
137 250 186 276 An.
203 249 231 276 C.
254 247 321 276 1066

160 1033 299 1056 Prooemtum.

159 1977 255 1998 Ecclesia
269 1979 317 1999 Cre-

141 2005 247 2025 monensis
268 2006 306 2026 sub

132 2032 263 2055 protectione
294 2032 315 2053 S.

134 2056 196 2077 seins
211 2059 247 2083 Ap.
270 2060 317 2079 sub-

133 2084 236 2109 scipitur;
262 2085 317 2105 eius

133 2114 174 2135 que
184 2110 239 2130 bonit
248 2112 317 2133 omnia

133 2136 286 2157 confirmantur.

396 248 442 282 26

678 311 760 348 VIII.

349 385 551 430 Confirmatio
570 386 817 430 pri'vileqiorum,
841 387 880 420 ab
897 386 1034 420 IIenrico
1048 385 1101 419 IV

398 436 582 469 Germaniae
599 446 677 478 reqe,
699 436 827 479 aliisque
847 436 1093 480 imperatoribus,

399 484 592 517 Cremonensi
618 484 769 518 Ecclesiae
794 496 1002 518 concessorum
1033 487 1096 527 (l).

613 552 826 584 SUMMARIUM

348 609 534 640 I'rooemium.
569 627 609 633 —
639 610 769 641 Ecclesia
802 611 1008 641 Cremonensis
1040 610 1095 640 sub

407 650 567 680 retectione
587 650 671 681 Sedis
693 651 745 690 Ap.
774 651 949 690 suscipitur:
971 651 1096 690 eiusque

407 699 461 720 ona
493 690 590 720 omnia
621 691 842 720 confirmantur.
873 707 913 713 —
942 690 1096 720 Decretum

385 739 437 768 pro
460 730 645 760 immunitate
667 735 753 769 atque
776 730 933 760 securitate
952 730 1095 760 bonorum

385 770 566 799 huiusmodi.
592 786 631 792 --
657 770 818 800 Anathema
845 774 945 800 contra
967 770 1038 809 quid
1066 770 1095 799 in

386 809 564 839 contrarium
584 814 770 842 attentantes.

347 869 494 899 Alexander
521 871 660 907 episeopus
687 878 781 900 servus
801 878 939 899 servorum
958 870 1013 903 Del.
1033 870 1094 899 cha·

390 915 499 944 rissimo
522 914 606 944 fratri
627 916 744 944 liubaldo
763 915 933 944 cremonensi
957 916 1095 951 episeopo,

391 960 500 996 suisque
523 960 733 989 successoribus.

393 1015 545 1052 Pastorali
572 1017 774 1053 solicitudine
788 1027 861 1064 erga
883 1019 1016 1053 salutem
1038 1018 1096 1053 do·-

345 1066 532 1100 minicarum
560 1067 679 1111 ovium,
684 1072 687 1076 '
706 1079 762 1101 seu
786 1067 1015 1113 reparationem
1037 1067 1105 1102 bo-'

346 1127 459 1149 norum
486 1115 702 1150 Ecclesiarum
742 1116 970 1161 vigilantibus,
1008 1124 1095 1151 tanto

346 1164 523 1211 promptius
549 1165 741 1212 apostolicae
767 1165 961 1200 auctoritatis
989 1173 1095 1211 prote-

344 1213 448 1247 ctione
458 1213 610 1248 debemus
634 1213 810 1260 providere,
832 1222 950 1261 quanto
971 1226 1026 1249 eos
1046 1227 1093 1256 ea,

343 1273 423 1308 quae
450 1262 521 1297 Iesu
549 1261 686 1307 Christi,
709 1271 852 1304 constat,
886 1275 980 1310 qnam
1015 1276 1095 1310 quae

343 1323 397 1345 sua
434 1320 531 1355 sunt,
565 1324 727 1358 quaerere.
756 1312 871 1351 Unde
910 1312 1095 1348 charissime

344 1360 448 1400 frater,
468 1361 541 1407 quia
559 1361 744 1407 religionen]
765 1370 848 1396 tuam
867 1373 975 1396 eorum
996 1363 1095 1408 magis

344 1409 536 1444 Pontificum
558 1409 703 1454 formam,
725 1412 779 1457 qui
808 1411 924 1445 laboris
950 1412 999 1445 sui
1021 1411 1094 1445 dili-

342 1460 446 1504 gentia
474 1471 628 1506 pauperes
643 1459 803 1494 Ecclesias
824 1459 882 1494 sibi
909 1461 1095 1495 commissas

343 1507 493 1550 ditavere,
515 1508 624 1542 studes
648 1521 701 1554 per
723 1509 828 1543 omnia
851 1509 978 1554 imitari,
1000 1522 1092 1556 qnam

343 1568 409 1596 eos
436 1557 491 1603 qui
520 1557 640 1592 delitiis
667 1566 697 1592 et
723 1558 938 1592 saecularibus
972 1559 1094 1606 pompis

343 1605 569 1641 ecclesiasticas
597 1606 721 1641 divitias
751 1607 782 1641 in
810 1607 1020 1642 miserabilem
1044 1620 1094 1643 re-

343 1655 456 1700 digunt
477 1664 705 1702 paupertatem
728 1656 828 1690 iustae
856 1657 1000 1703 petitioni
1023 1665 1094 1692 tuae

343 1715 507 1739 assensum
537 1705 734 1750 pracbemus,
756 1713 787 1740 et
808 1717 966 1740 memores
985 1706 1095 1740 incon—

343 1765 454 1788 cussae
481 1753 641 1788 fidelitatis
675 1762 746 1789 tuae
780 1766 851 1800 erga
878 1754 1094 1801 Apostolicam

344 1801 473 1846 sedem,
491 1814 539 1842 ea,
553 1815 641 1857 'quae
659 1811 730 1838 tuae
752 1803 915 1838 Ecclesiae
925 1812 998 1838 sunt
1013 1804 1094 1839 iuste

343 1851 466 1906 collata,
481 1864 536 1886 seu
552 1852 583 1886 in
605 1852 742 1886 futurum
769 1852 970 1895 conferenda⁷
995 1866 1095 1900 quae—

343 1901 444 1946 quein
461 1909 628 1955 praecepto
642 1901 816 1936 charissimi
833 1902 887 1936 filii
904 1903 1001 1937 nostri
1015 1903 1096 1949 regis

342 1948 472 1984 Henrici
501 1951 704 1985 continentur
719 1977 728 1994 ,
762 1950 822 2001 sub
850 1952 945 1986 tutela
971 1960 1096 1987 sanctae

343 1997 508 2034 Romanae
546 1999 708 2034 Ecclesiae
747 1996 949 2047 suscipimus,
980 2008 1011 2036 et
1042 2013 1096 2047 per

344 2048 442 2082 huius
470 2049 567 2083 nostri
603 2049 754 2103 privilegii
791 2049 937 2096 paginam
974 2050 1097 2085 confir-

344 2109 469 2132 mamus
496 2097 551 2132 tibi
587 2098 712 2144 tuisque
733 2098 972 2133 successoribus
1000 2099 1097 2146 quid-

347 2147 423 2193 quid
429 2173 511 2181 .......
551 2147 690 2192 telonei,
729 2155 823 2203 atque
861 2148 1006 2195 portatici
1040 2161 1096 2183 seu

348 2196 486 2242 ripatici,
503 2196 543 2231 de
565 2195 774 2231 Cremonensi
794 2197 917 2232 ciiitate
931 2197 969 2232 ad
992 2197 1098 2245 publi-

346 2256 415 2279 cam
438 2245 633 2280 functionem
658 2246 820 2292 pertinuit
843 2259 935 2293 quam
958 2247 997 2281 de
1022 2247 1098 2294 ipsis

345 2293 525 2329 civitatibus
547 2295 727 2336 comitatus,
738 2307 831 2342 quam
847 2297 886 2330 de
904 2304 991 2350 parte
1003 2296 1099 2331 curtis

345 2342 517 2390 Sexpilae
552 2356 611 2379 nec
643 2356 705 2378 non
737 2356 822 2391 ripas
849 2352 878 2379 et
908 2345 1058 2392 piscarias
1082 2357 1098 2380 a

346 2390 512 2438 Ulpariolo
539 2405 638 2440 usque
673 2393 703 2427 in
732 2402 826 2448 caput
862 2394 997 2429 Adtluae
1027 2407 1098 2429 cum

345 2441 550 2482 molendinis,
573 2451 604 2476 et
637 2454 710 2477 cum
733 2443 985 2498 uniuscuiusque
1013 2443 1101 2478 navis

343 2489 436 2524 solito
457 2502 566 2531 censu,
590 2499 673 2526 sicut
686 2500 868 2527 continetur
883 2493 913 2527 in
931 2500 1100 2540 praecepto

342 2546 373 2572 et
384 2548 514 2580 notitiis
529 2552 585 2574 seu
597 2552 668 2574 cum
686 2553 741 2587 per
751 2544 794 2586 (0)
809 2543 953 2577 omnium
972 2554 1099 2576 navium

377 2600 415 2634 (1)
436 2601 472 2627 Ex
500 2602 600 2637 Ugliell.
629 2602 686 2629 ltal
711 2603 770 2630 Sac
799 2608 929 2631 tom.1v.
963 2603 1003 2638 (2)
1027 2603 1102 2631 Adde

342 2637 507 2663 solutionem

907 258 1096 282 BULLARIUM
1118 258 1281 282 ROMANUM

1138 325 1232 348 causa
1254 311 1419 359 navigandi
1450 310 1641 347 Cremonam
1675 311 1861 348 adeuntium
1879 341 1888 355 ,

1138 372 1200 397 tam
1222 361 1446 397 Veneticorum
1473 373 1567 408 quam
1599 369 1794 397 caeterorum
1831 375 1889 397 33-

1138 411 1235 453 vium,
1257 420 1288 446 et
1305 423 1377 446 cum
1396 418 1503 445 curata
1517 411 1658 445 omnium
1675 411 1887 457 negotiorum,

1137 473 1217 508 quae
1238 460 1317 495 fiunt
1339 460 1370 495 in
1394 459 1548 507 praedicta
1564 460 1645 507 ripa:
1662 459 1887 501 districtionem

1138 522 1211 545 vero
1237 510 1372 545 civitatis
1394 508 1473 544 infra
1499 518 1529 544 et
1555 517 1640 543 extra
1668 521 1723 555 per
1749 510 1889 557 quinque

1137 559 1356 594 milliariorum
1379 558 1495 606 spatia:
1529 558 1624 593 altare
1651 570 1779 605 quoque
1805 558 1889 594 Sau-

1137 608 1178 643 cti
1205 608 1367 656 Hymerii,
1389 608 1596 652 canonicam,
1620 615 1744 654 portas,
1767 619 1888 655 equos,

1138 665 1253 692 nactus
1266 685 1273 698 ,
1310 669 1405 705 opera
1419 685 1426 698 ,
1466 657 1627 692 districtus
1643 684 1650 697 ‚
1691 657 1865 703 legationes
1879 685 1888 702 ,

1137 706 1255 751 hostes,
1278 719 1420 748 munera,
1447 705 1563 741 sotrum
1590 715 1620 741 et
1641 713 1786 747 caetera,
1808 718 1889 753 quae

1137 756 1169 790 in
1189 755 1327 802 praefato
1346 764 1515 803 praecepto
1532 756 1751 790 continentur:
1766 765 1887 791 curtem

1136 817 1275 852 quoque,
1296 817 1377 852 quae
1399 804 1569 839 Barianum
1585 804 1711 848 dicitur,
1739 805 1888 848 Maleum,

1137 853 1290 895 Crottam‚
1312 853 1557 894 Moneodanum,
1580 853 1781 895 Nualtellam,
1801 854 1888 888 Mon·

1138 904 1291 938 terionem
1318 915 1391 938 cum
1414 904 1524 938 castris
1546 911 1576 938 et
1604 903 1685 938 villis
1714 915 1888 950 eorumque

1138 952 1350 999 pertinentiis:
1374 961 1511 987 castrum
1533 952 1572 987 de
1590 952 1801 998 Rumencngo
1816 965 1887 987 cum

1136 1002 1222 1036 omni
1246 1014 1301 1036 sua
1323 1002 1519 1048 integritate;
1553 1001 1753 1036 medietatem
1787 1002 1887 1036 curtis

1136 1050 1307 1085 Botariano
1333 1051 1413 1085 infra
1444 1059 1582 1085 castrum
1617 1059 1648 1086 et
1682 1058 1820 1091 caetera;
1857 1059 1888 1086 et

1138 1107 1240 1144 partes
1267 1100 1299 1134 in
1327 1099 1470 1134 curtibus
1504 1099 1671 1144 Gabiano,
1695 1100 1862 1135 Vidalasco
1878 1128 1886 1141 ,

1135 1147 1335 1183 Terciolasco
1351 1175 1360 1192 ,
1389 1148 1514 1194 publica
1538 1149 1617 1183 intra
1638 1157 1670 1184 et
1695 1157 1782 1184 extra
1800 1177 1808 1188 ,
1831 1161 1886 1183 seu

1135 1197 1330 1232 Manzanello
1346 1224 1355 1240 ,
1378 1197 1561 1232 Fontanella
1577 1225 1586 1242 ,
1608 1206 1639 1232 et
1669 1210 1888 1245 quaecumque

1136 1246 1322 1293 prudentiae
1343 1254 1416 1282 tuae
1430 1246 1536 1282 studio
1559 1247 1814 1293 praenominatae
1826 1246 1889 1281 Ec-

1136 1295 1249 1330 clesiae
1287 1296 1368 1331 iuste
1394 1296 1573 1343 adquisita,
1607 1296 1652 1331 vel
1692 1295 1887 1343 adquirenda

1135 1353 1219 1386 sunt,
1243 1345 1399 1392 praesenti
1425 1345 1617 1392 apostolicae
1639 1345 1812 1380 sanctionis
1834 1357 1889 1380 no-,

1136 1402 1200 1428 trae
1223 1394 1334 1440 pagina
1356 1394 1613 1429 corroboramus:
1637 1402 1810 1429 statuentes
1828 1394 1888 1429 snb

1135 1442 1233 1477 divini
1257 1443 1365 1478 iudicii
1388 1443 1608 1487 obtestatione,
1637 1451 1669 1478 ut
1696 1443 1802 1478 nullus
1825 1443 1888 1478 im-

1137 1500 1271 1539 perator,
1294 1493 1369 1533 dux,
1393 1493 1543 1534 marchio,
1565 1505 1684 1534 comes,
1700 1493 1887 1532 vicecomes,

1136 1553 1193 1576 nec
1229 1541 1290 1576 3113
1326 1554 1436 1588 magna
1476 1554 1635 1589 parvaque
1675 1554 1808 1589 persona
1849 1541 1888 1576 de

1136 1590 1185 1625 his
1206 1591 1364 1629 omnibus,
1393 1603 1473 1637 quae
1495 1603 1590 1637 supra
1613 1591 1772 1637 leguntur,
1796 1603 1888 1638 prae-

1135 1648 1238 1674 sumat
1251 1640 1357 1687 aliquo
1369 1641 1476 1675 studio
1488 1640 1623 1683 auferre,
1638 1653 1696 1675 seu
1709 1648 1740 1675 te
1750 1649 1887 1687 tuosque

1135 1701 1335 1724 successores
1370 1689 1554 1736 inquietare.
1590 1689 1684 1731 Quod
1712 1690 1736 1724 si
1775 1690 1889 1737 aliquis

1136 1739 1301 1773 temerario
1318 1750 1396 1774 ausu
1419 1746 1526 1774 contra
1554 1739 1648 1774 huius
1679 1739 1778 1774 nostri
1798 1751 1891 1794 priw-

1136 1787 1207 1833 legii
1229 1788 1445 1823 auctoritatem
1470 1800 1560 1834 agere
1578 1788 1839 1843 praesumpserit,
1859 1795 1890 1822 et

1137 1845 1206 1883 post
1228 1837 1368 1872 notitiam
1388 1815 1506 1872 huius⁰
1503 1838 1699 1872 auctoritatis
1721 1837 1890 1872 emendare

1136 1887 1374 1934 contempserit,
1396 1887 1580 1921 auctoritate
1617 1886 1782 1921 beatorum
1810 1898 1890 1934 apo-

1137 1939 1289 1974 stolorum
1311 1940 1396 1975 Petri
1423 1947 1453 1975 et
1478 1939 1580 1980 Pauli,
1604 1941 1811 1987 omniumque
1823 1952 1891 1974 san-

1137 2001 1271 2038 ctorum,
1294 1994 1371 2029 sciat
1389 2006 1423 2029 se
1445 2006 1546 2041 usque
1561 1993 1600 2028 ad
1618 1993 1744 2040 dignam
1766 1993 1891 2028 satisfa-

1137 2047 1276 2082 ctionem
1302 2048 1623 2093 excommunicatum,
1645 2056 1676 2082 et
1694 2059 1710 2082 a
1723 2059 1821 2094 regno
1833 2046 1891 2081 Dei

1138 2100 1287 2135 alienum.
1316 2101 1355 2136 At
1377 2114 1449 2136 vero
1472 2101 1525 2148 qui
1544 2108 1653 2136 custos
1666 2108 1697 2135 et
1708 2100 1892 2135 observator

1139 2155 1286 2200 extiterit,
1313 2167 1330 2190 a
1353 2155 1651 2190 misericordissimo
1673 2154 1810 2189 Domino
1823 2166 1893 2188 om-

1140 2209 1314 2255 nipotente,
1349 2208 1488 2243 Domino
1525 2216 1632 2243 nostro
1666 2207 1737 2243 Iesu
1764 2207 1892 2242 Christo

1140 2270 1351 2308 consequatur
1377 2269 1537 2296 aeternam
1561 2261 1668 2296 vitam.

1189 2315 1303 2351 Datum
1330 2316 1477 2351 Laterani
1504 2328 1542 2351 111
1570 2315 1631 2350 kal.
1666 2314 1813 2350 novemb.
1839 2325 1895 2361 per

1143 2381 1253 2404 manus
1278 2369 1363 2404 Petri
1391 2378 1516 2405 sanctae
1543 2368 1706 2404 Romanae
1731 2367 1895 2402 Ecclesiae

1141 2423 1351 2468 subdiaconi,
1385 2436 1421 2459 ac
1447 2422 1689 2458 bibliothecarii.
1731 2421 1825 2456 Anno
1860 2433 1894 2455 vt

1142 2476 1252 2523 pontif.
1267 2472 1306 2511 D.
1323 2476 1495 2512 Alexandri
1515 2476 1620 2523 Papae
1633 2474 1674 2516 II,
1695 2475 1734 2509 ab
1754 2475 1896 2510 incarna-

1143 2530 1228 2565 tione
1255 2543 1328 2566 vero
1346 2530 1475 2566 Domini
1496 2541 1616 2570 Mvai,
1639 2528 1747 2563 indict.
1770 2541 1821 2563 ιιι.

1182 2587 1244 2618 Dat.
1266 2578 1370 2618 die'3o
1388 2587 1516 2618 octobris
1540 2595 1615 2616 anno
1632 2585 1750 2616 Domini
1769 2585 1857 2623 1055,

1309 2635 1410 2675 pontis.
1430 2634 1587 2667 Alexandri
1606 2643 1682 2665 anno
1699 2642 1737 2665 vr.

1910 244 1959 271 An.
1972 243 2000 271 C.
2022 243 2093 270 1066

1941 1384 2052 1406 Decretum
2060 1388 2098 1410 pro

1914 1411 2045 1432 immunitate
2068 1413 2099 1430 at-

1914 1443 1955 1464 que
1984 1443 2045 1458 secu
2047 1436 2100 1457 itate

1913 1464 2015 1485 bonorum
2026 1463 2099 1484 huius-

1914 1490 1978 1511 modi

1923 1711 2040 1732 Anathema
2052 1716 2100 1731 con-

1915 1741 1946 1759 tra
1959 1738 2010 1765 quid
2019 1738 2039 1758 in
2051 1742 2100 1758 con-

1914 1765 2002 1785 trarium
2032 1766 2100 1784 atton-

1915 1793 1990 1812 tames.
