2180 3205
57 262 104 288 Λι».
123 261 150 287 c.
173 261 238 289 1¹38

99 326 102 328 ·
607 313 644 348 L.

254 391 371 423 Domus
403 390 709 427 ,lhmn's-pessulani,
738 397 764 422 el
786 391 1002 423 ntonastert'um

302 440 336 472 S.
390 440 531 473 (lert-asti
579 447 604 472 el
648 440 737 472 aliud
785 439 1002 472 monasterinm

302 490 350 522 Ss.
378 489 552 522 Domitiani
572 495 597 521 el
616 489 818 532 Ruthberlt‘.
842 500 910 520 cum
932 499 1003 532 per-

303 539 437 571 tinentiis
457 538 607 575 omm'bns.
632 538 825 571 cluniacensi
846 543 1004 570 monaste—

302 588 349 620 rio
374 588 596 632 confirmantur
619 588 679 629 (1).

480 711 484 714 μ
525 667 739 698 ΞΕΜΜΑΒΙΠΜ

252 730 421 765 Exordium.
435 750 475 756 —
491 733 600 763 Domus
618 732 879 772 Montispessulani
898 733 1005 763 constr-

293 784 390 809 matur
412 783 534 808 monast.
553 777 685 808 Cluniae.
707 794 747 799 —
762 778 803 807 Ait
827 783 1004 808 construen-

293 823 362 853 dum
386 823 545 853 oratorium
570 827 596 852 et
625 822 847 851 coemeterium.
868 839 908 844 —
935 822 1004 852 ltetn

294 867 505 897 monasterium
531 866 558 897 S.
579 867 709 896 Gervasii
728 867 763 896 de
791 866 845 896 Fas
869 867 897 896 in
927 867 1006 906 prio-

293 915 388 941 ratum
406 912 610 949 redigendum,
623 916 651 940 et
667 912 878 941 monasterinm
891 910 936 940 Ss.
950 911 1007 940 Do—

294 955 407 986 mitiani
435 960 463 985 et
491 955 679 993 Ragueberti.
711 973 750 978 —
782 955 891 985 Solitae
919 955 1004 984 clau-

295 999 388 1028 sulae.
407 1015 447 1021 —
470 999 632 1029 Innocentii
655 998 708 1028 ΡΡ.
738 1005 765 1029 et
790 999 816 1030 S.
839 1000 868 1029 tt.
891 1000 918 1029 E.
942 1009 1007 1029 car-

294 1043 438 1073 dinalium
457 1043 701 1082 subscriptiones.

254 1116 424 1146 Innocentius
444 1117 583 1154 episcopus
607 1124 702 1146 servus
727 1125 866 1146 servorum
885 1118 939 1151 Dei.
967 1119 1006 1147 di-

299 1167 370 1195 lecto
385 1166 442 1195 filio
461 1167 538 1195 Petro
563 1167 656 1196 abbati
676 1167 842 1195 cluniacensi
856 1188 863 1200 .
899 1168 1007 1204 eiusque

299 1216 498 1245 successoribus
538 1216 706 1252 regulariter
738 1217 950 1250 substituendis,
979 1218 1008 1245 in

275 1292 280 1302 ,
299 1266 470 1301 perpetuum.

93 1351 210 1375 mmm,
305 1331 395 1374 Quos
430 1331 633 1379 omnipotens
669 1331 825 1366 Dominus
864 1333 1006 1378 ampliori

258 1381 420 1416 honestate
455 1393 490 1415 ac
519 1381 678 1427 religionis
712 1381 814 1415 nitore
840 1382 911 1415 facit
939 1394 1007 1416 esse

257 1431 458 1478 conspicuos,
495 1442 510 1463 a
545 1430 628 1465 Sede
655 1430 833 1477 Apostolica
862 1432 1006 1465 convenit

258 1480 427 1527 plurimum
451 1479 615 1519 honorari,
638 1487 668 1514 et
696 1480 884 1527 opportunis
906 1481 1008 1514 admi-

259 1529 374 1563 niculis
403 1528 573 1563 confoveri.
599 1529 670 1571 Quo
698 1541 801 1565 cuca
831 1529 945 1564 dilecte
976 1531 1006 1564 in

257 1577 396 1613 Domino
418 1577 460 1612 fili
488 1577 580 1613 Petre
606 1577 714 1618 abbas
742 1590 907 1624 peis-»narn
924 1587 1006 1613 tuam

259 1628 396 1674 paternis
416 1626 578 1662 affectibus
606 1628 838 1674 amplexantes,
861 1628 1008 1663 donatio-

77 1688 331 1716 »Μῃῃοῃιψιιθω
359 1677 398 1711 ab
429 1677 539 1710 illustri
571 1676 634 1710 viro
664 1676 837 1711 Guillelmo
875 1677 1008 1712 Montis-

64 1725 246 1777 ξῐζζξὲζωωᾞζ
258 1725 452 1761 Pessulani
446 1738 474 1759 tn
503 1737 598 1760 manu
623 1734 726 1760 nostia
756 1725 933 1761 ‹litotionis
961 1728 1008 1761 in-

43 1773 49 1779 *
77 1787 142 1808 :terto
155 1785 237 1808 cinni·
261 1775 338 1810 tuitu
362 1775 486 1818 factam,
508 1782 538 1808 et
560 1787 616 1822 per
642 1787 698 1809 nos
727 1776 918 1809 monasterio
946 1784 1009 1810 tra-

64 1818 123 1839 ‘⁶¹¹⁸'
259 1824 393 1859 dendam
408 1823 624 1863 Cluniacensi
636 1824 760 1871 tuisqut
772 1837 864 1858 succa·
860 1825 1009 1859 ·ssorilms

260 1874 496 1917 confirmamus,
528 1881 558 1907 et
591 1872 791 1908 Cluniaceusi
820 1875 1009 1909 monasterio

260 1931 356 1957 ratam
392 1931 422 1957 et
458 1923 673 1957 inconvulsam
699 1931 849 1977 perpetuo
883 1935 1009 1958 manere

79 1991 105 2012 ,η
124 1992 248 2012 mmm
261 1971 480 2011 decernimus;
501 1979 685 2010 statuentes,
706 1980 737 2005 ut
760 1985 790 2006 tn
814 1972 924 2006 ‹si-lem
942 1973 1010 2007 loco

67 2021 114 2074 ἰτ
133 2022 247 2074 ζζζζζωω
261 2021 430 2056 oratorium
454 2030 484 2055 et
510 2021 698 2055 cimiterium
731 2030 930 2055 construatur
943 2049 951 2065 ,
980 2023 1009 2056 in

122 2057 218 2105 itum.
262 2082 325 2117 quo
346 2071 372 2104 si
400 2082 481 2117 quae
513 2082 676 2116 personae,
706 2070 929 2117 undecumque
958 2083 1011 2105 ve-

265 2119 407 2158 nientes,
433 2119 558 2166 sepeliri
598 2118 861 2160 deliberaierint
894 2119 1011 2154 nullius

263 2168 491 2215 prohibeantur
511 2168 687 2212 obstaculo,
709 2169 767 2202 nisi
792 2169 869 2203 forte
886 2171 1011 2203 vinculo

264 2218 602 2252 excommunicationis
654 2216 769 2251 fuerint
819 2217 1010 2252 innodatae:

264 2267 349 2302 salvo
381 2266 529 2300 nimirum
564 2268 631 2300 iure
667 2267 804 2300 matricis
843 2266 1010 2301 Ecclesiae.

265 2315 444 2350 Adiicimus
466 2316 570 2353 etiam,
599 2322 631 2348 ut
657 2316 682 2348 si
707 2314 783 2360 quid
813 2314 960 2349 fratribus
983 2317 1011 2349 in

265 2365 377 2400 eodem
399 2363 470 2398 loco
493 2363 560 2398 Deo
576 2363 787 2398 servientibus
808 2365 1012 2398 concessione

265 2413 473 2455 Pontificum,
501 2413 665 2458 largitione
698 2414 896 2459 principum,
924 2413 1014 2448 obla-

266 2463 351 2496 tione
388 2461 546 2499 fidelium,
580 2473 635 2496 seu
671 2462 740 2495 aliis
773 2463 864 2496 iustis
892 2462 1014 2506 modis,

268 2510 336 2545 Deo
364 2512 515 2557 propitio⁷
538 2513 741 2557 imposterum
769 2510 876 2545 datum
911 2510 1015 2555 fuerit,

303 2589 344 2655 ¹(l)
355 2590 399 2656 [133
415 2589 573 2616 Bibliotheca
590 2588 752 2616 cluniacensi
774 2589 878 2616 Martini
897 2591 1015 2623 Marrier,

270 2636 320 2656 ⁰0.
339 2631 350 2656 ¹
372 2630 416 2656 05.

865 259 1049 282 lNNOCtm't‘tt
1060 261 1074 281 s
1102 259 1124 281 tl
1152 259 1201 282 PP-

1671 247 1741 280 429

1045 321 1106 347 tam
1122 313 1176 347 tilii
1200 325 1292 359 quam
1315 313 1389 359 ipsis
1413 312 1560 347 fratribus
1575 312 1790 358 praesentibus

1046 361 1090 395 vel
1121 362 1251 404 futuris,
1274 364 1398 396 lirnium
1422 371 1451 396 ct
1479 361 1658 396 inviolabile
1684 373 1792 396 serve-

1045 419 1103 444 tur.
1137 411 1240 445 Simili
1277 424 1404 457 quoque
1440 411 1533 445 modo
1566 411 1790 445 monasterium

1044 460 1078 494 S.
1111 459 1252 495 Ceri-asti
1281 462 1318 494 di.-
1346 460 1429 499 Fos,
1463 461 1546 507 quod
1575 460 1703 507 quidem
1731 460 1791 495 ali-

1045 509 1172 556 quando
1207 510 1362 556 prioratus
1390 509 1609 544 Cluniacensis
1647 510 1789 544 coenobii

1045 559 1157 602 extitit,
1181 571 1263 593 nunc
1287 567 1388 593 autem
1413 559 1442 592 in
1459 558 1614 593 abbatiam
1640 572 1694 606 per
1709 571 1791 606 quo-

1046 608 1189 642 rumdam
1225 608 1420 642 insolentiam
1450 617 1495 642 cst
1531 617 1732 647 transactum,
1760 609 1790 643 in

1047 657 1200 703 prioratus
1227 665 1340 691 statum
1369 666 1395 690 ct
1432 656 1574 691 ordinem
1612 665 1792 702 revocetur,

1046 714 1074 739 et
1111 706 1270 753 perpetuis
1310 706 1503 753 temporibus
1541 719 1611 740 cum
1647 707 1794 741 omnibns

1046 755 1112 789 suis
1141 755 1338 801 pertinentiis
1364 755 1422 788 sul>
1449 755 1588 789 ciusdem
1614 756 1792 790 monasterii

1046 803 1166 838 ditione
1193 817 1227 838 :ic
1258 804 1461 850 ‹liquis-itione
1491 805 1649 838 consistat.
1674 805 1713 839 Ut
1735 817 1793 839 au-

1047 861 1108 887 tem
1133 866 1255 887 sacrum
1280 854 1489 887 Cluuius-cnse
1503 853 1691 888 coenobium
1709 867 1794 889 sem-

1048 914 1103 949 per
1129 903 1167 937 ‹le
1190 902 1272 937 bono
1304 903 1333 936 in
1368 903 1481 936 melius
1512 903 1663 949 suscipiat
1685 904 1794 938 inere-

1049 960 1201 990 mentum,
1234 952 1458 986 monasterinm
1492 953 1542 985 Ss.
1572 952 1741 987 Domitiani
1764 962 1794 987 et

1047 1000 1238 1046 Ragueberti
1264 1001 1323 1035 sul)
1350 1002 1415 1035 iure
1446 1010 1475 1034 et
1510 1001 1717 1047 dispositione
1742 1010 1794 1036 tua

1018 1087 1021 1088 ⁷
1047 1059 1077 1084 et
1099 1062 1317 1085 successorum
1342 1058 1466 1084 tuorum
1497 1058 1650 1096 perpetuo
1669 1063 1795 1086 manere

1047 1099 1228 1142 sancimus,
1265 1099 1533 1145 ‹ptemadmodum
1574 1111 1590 1133 a
1624 1100 1792 1134 venerabili

1049 1147 1140 1182 fratrc
1179 1156 1284 1182 nosti-n

1048 1197 1212 1251 εμὶςοορρ,
1235 1197 1434 1244 Apostolicae
1466 1197 1558 1232 Sedis
1592 1197 1708 1243 legato
1737 1210 1797 1232 no-

1048 1246 1145 1280 scitur
1174 1247 1372 1285 institutum,
1402 1255 1431 1280 et
1463 1258 1520 1280 suo
1553 1246 1671 1293 scripto
1702 1255 1795 1293 atque

1049 1295 1152 1340 sigillo
1187 1296 1354 1330 firmatum.
1401 1295 1485 1329 Nulli
1521 1307 1596 1341 eigo
1632 1295 1796 1330 hominum

1049 1344 1094 1377 fas
1116 1345 1165 1384 sit.
1189 1344 1270 1378 idem
1291 1344 1500 1379 Cluniacense
1528 1344 1717 1379 coenobium
1741 1358 1797 1379 su-

1050 1405 1104 1439 per
1126 1393 1183 1427 ltac
1207 1402 1310 1427 nostra
1333 1394 1537 1428 concessione
1572 1405 1608 1428 ac
1630 1394 1799 1429 confirma-

1049 1443 1133 1475 tione
1156 1444 1322 1477 temerario
1344 1455 1421 1476 ausu
1446 1442 1639 1489 perturbare,
1655 1451 1709 1477 aut
1729 1444 1799 1478 eius

1050 1493 1265 1537 possessiones
1286 1492 1419 1531 auset-rc,
1443 1492 1489 1526 vel
1515 1492 1632 1526 ablatas
1655 1492 1799 1534 retinere,

1050 1541 1208 1578 minuere:
1231 1542 1285 1575 sed
1310 1542 1413 1575 omnia
1438 1541 1558 1587 integra
1573 1553 1657 1575 cons
1660 1550 1799 1576 rventur

1049 1602 1175 1629 eorum
1220 1602 1276 1637 pro
1311 1602 1447 1637 quorum
1481 1590 1730 1625 substentatione
1764 1603 1799 1626 ac

1049 1638 1278 1684 oubetnatione
1311 1652 1459 1674 concessa
1491 1647 1581 1683 sunt
1608 1640 1799 1674 omnimodis

1049 1673 1159 1722 itsibus
1188 1688 1361 1734 prostituta
1394 1688 1428 1723 Si
1455 1701 1517 1735 qua
1544 1701 1620 1723 sane
1648 1689 1799 1735 imposte-

1050 1749 1118 1770 tum
1159 1738 1368 1772 ecclesiastica
1404 1737 1611 1772 saecularisve
1649 1750 1798 1784 persona,

1050 1785 1131 1820 lianc
1184 1795 1307 1821 nostrae
1360 1787 1596 1821 constitutionis
1653 1788 1798 1833 paginam

1050 1835 1166 1875 sciens,
1189 1843 1298 1870 eontra
1324 1848 1392 1870 eam
1420 1844 1536 1870 temere
1564 1835 1670 1870 venire
1699 1844 1800 1871 tenta-

1052 1885 1140 1925 verit,
1178 1885 1320 1919 seeundo
1360 1885 1489 1919 tertiove
1521 1885 1734 1925 commonita,
1773 1886 1799 1920 si

1051 1946 1113 1967 non
1136 1945 1274 1979 congrue
1301 1934 1497 1973 satisfecerit,
1521 1934 1683 1980 potestatis
1698 1934 1800 1969 liono-

1052 1983 1155 2028 risqne
1182 1983 1229 2016 sui
1265 1983 1418 2029 dignitate
1439 1991 1556 2022 careat,
1593 1995 1740 2030 reamque
1766 1996 1800 2018 se

1051 2031 1156 2066 divino
1185 2032 1302 2066 iudicio
1329 2033 1462 2067 existere
1485 2032 1529 2066 de
1543 2040 1718 2078 perpetrata
1738 2033 1800 2066 ini-

1051 2081 1168 2127 quitate
1188 2090 1366 2126 cognoscat,
1395 2089 1425 2115 et
1446 2093 1462 2115 a
1490 2081 1698 2115 sacratissimo
1720 2081 1801 2116 Cor-

1054 2141 1128 2176 pore
1142 2141 1177 2163 ac
1199 2130 1361 2176 Sanguine
1383 2130 1439 2164 Dei
1463 2138 1493 2164 et
1513 2130 1641 2164 Domini
1665 2129 1802 2165 Redem-

1054 2178 1150 2224 ptoris
1188 2179 1285 2213 nostri
1322 2179 1391 2213 lesu
1433 2178 1551 2213 Christi
1589 2178 1690 2213 aliena
1729 2180 1801 2221 flat;

1053 2229 1176 2261 cunctis
1197 2236 1300 2262 autem
1323 2228 1426 2262 eidem
1454 2228 1523 2262 loco
1545 2239 1600 2261 sua
1636 2227 1701 2261 iura
1728 2241 1804 2263 ser-

1055 2275 1199 2310 vantibus
1222 2278 1261 2322 sit
1283 2289 1342 2323 pax
1363 2276 1487 2311 Domini
1506 2277 1603 2310 nostri
1620 2275 1690 2310 Iesu
1709 2277 1803 2312 Chri-

1054 2327 1105 2368 sti³
1123 2333 1277 2370 quatenus
1292 2334 1321 2359 et
1342 2326 1392 2359 liic
1407 2325 1540 2360 fructum
1556 2325 1656 2359 bonae
1672 2328 1804 2362 actionis

1055 2376 1241 2420 percipiant,
1269 2382 1299 2408 et
1321 2375 1350 2408 in
1374 2374 1478 2408 futuro
1500 2375 1639 2421 praemia
1660 2384 1804 2411 aeternae

1057 2424 1142 2469 pacis
1165 2424 1334 2457 inveniant.
1363 2425 1476 2457 Amen.

1106 2471 1176 2506 Euo
1204 2471 1418 2506 Ixxocnsrits
1443 2472 1612 2507 catholicae
1646 2472 1805 2510 Ecclesiae

1056 2523 1151 2567 episc.
1175 2533 1216 2554 ss.

1107 2569 1174 2615 Ego
1188 2568 1361 2615 Gregorius
1376 2569 1528 2605 diaconus
1541 2570 1707 2605 cardinalis
1721 2570 1806 2607 Sau-

1058 2627 1178 2652 ctoinm
1202 2618 1301 2665 Sei-gii
1324 2628 1353 2653 et
1381 2619 1495 2654 Bac-viii
1518 2620 1699 2667 subscripsi.

1807 258 1854 283 An.
1874 257 1902 283 C.
1925 258 1989 285 ll38

1820 426 1870 447 liam
1885 431 1990 447 moniste-

1806 457 1988 479 rtumSfien-asn

1807 490 1831 510 dc
1848 488 1885 509 Fas
1902 490 1921 509 in
1934 491 1990 516 prio-

1807 524 1872 541 ratum
1889 522 1990 545 redigen-

1807 552 1861 575 dum,
1878 555 1898 571 ct
1915 556 1989 571 mona-

1807 583 1893 602 sti-rium
1909 581 1940 602 S}-
1952 581 1990 602 Do-

1841 614 1919 633 mittant
1935 616 1956 632 et

1830 643 1963 669 ll-tguellel'lui.

1320 1148 1412 1182 Postlto
1446 1147 1650 1194 lugdunensi
1685 1149 1824 1182 arcbi-'

1827 1753 1904 1773 solitae
1925 1754 1982 1774 clitu-

1871 1784 1937 1804 aulae.

1834 2486 1952 2507 lunocentti
1962 2484 1994 2505 PP
