2180 3205
205 243 254 268 An.
270 240 300 268 C.
320 239 386 266 11117

225 700 366 720 immunitates

204 738 285 760 quoque
296 732 363 752 eidem
374 737 385 751 a

214 763 373 783 Cameracensi-

204 794 240 814 hus
279 793 385 819 episcopis

204 829 317 845 concessas
328 826 384 844 ratus

204 855 265 876 hahet
274 863 279 879 ;

216 948 295 975 Quibus
313 953 388 968 mona-

204 979 255 999 chos
279 980 298 999 in
323 980 388 1005 spiri-

205 1009 293 1030 tualibus
314 1010 388 1030 subie-

205 1044 250 1062 ctos
265 1040 365 1061 declarat.

221 1392 305 1412 Abisaris
328 1396 388 1416 vero,

207 1428 226 1444 ei
243 1424 338 1444 advocati
348 1424 391 1445 ele-

207 1455 299 1476 ctionem
314 1455 339 1475 ad
353 1461 391 1475 εο-

208 1485 240 1505 tos
268 1486 382 1506 monachos

208 1520 305 1542 spectaro
318 1518 391 1539 decer-

208 1548 245 1568 311.

232 2535 311 2558 Solitas
326 2540 379 2556 eon-

248 2567 363 2589 elationes.

452 231 521 264 548

400 303 480 330 taxat
515 295 745 342 episcopalibus
784 294 939 330 obsoniis:
979 303 1076 330 terras
1111 295 1140 329 in

398 344 510 391 Anglia
539 357 576 379 ex
607 345 689 379 dono
711 344 842 388 Aleidis,
866 344 988 379 relictae
1014 344 1141 380 Henrici

399 394 480 440 regis
503 393 686 439 Anglorum,
718 394 749 428 13
776 393 980 428 Iderswerda:
1004 402 1033 429 et
1062 393 1141 428 We-

400 443 632 487 sterneredona,
664 443 693 477 in
728 443 897 478 Uremdick
935 443 1089 483 Frondic,
1112 452 1141 478 et

399 492 556 538 pakenge,
583 492 750 527 Beckarias
753 519 830 527 .....
854 492 937 527 (1030
958 493 1140 528 Theoderici

399 541 522 576 comitis
548 541 801 583 Flandrensium,
828 549 858 576 et
879 542 1072 578 Clementiae
1094 554 1141 577 co-

399 591 539 625 mitissae
569 591 674 626 uxoris
707 591 836 626 Roberti
863 592 987 627 comitis
1011 593 1040 626 in
1064 592 1143 626 Zel—

398 639 505 683 lecka,
539 649 569 675 et
599 639 798 687 Cobbegem,
833 648 863 676 et
896 641 990 676 Getza
1018 641 1139 676 allodia.

399 689 561 736 Quidquid
589 702 660 724 vero
693 690 897 725 immunitatis
929 699 959 726 et
992 690 1142 725 libertatis

399 751 415 773 a
452 738 732 774 Caineracensibus
770 740 945 787 episcopis,
982 739 1140 780 Gerar-do,

399 788 523 831 Odone,
544 788 738 831 Burchardo,
765 797 795 824 et
810 789 938 824 Nicolao
960 789 1061 825 eidem
1079 802 1144 825 mo-

400 838 534 873 nasterio
556 839 636 873 iuste
657 839 802 873 collatum
830 847 887 880 est,
915 838 1002 873 vobis
1028 839 1142 874 nihilo-

400 888 505 922 minus
516 888 747 923 confirmamus.
770 888 926 932 chrisma,
949 888 1061 923 Oleum
1075 901 1144 923 san-

401 945 502 977 ctum,
534 938 785 973 consecrationes
808 937 951 972 altarium
974 950 1029 972 seu
1059 937 1143 972 basi-

402 986 550 1031 licarum,
583 987 795 1022 ordinationes
825 987 1067 1027 monachorum,
1089 988 1142 1035 qui

400 1036 438 1072 ad
461 1048 565 1071 saeros
595 1036 723 1071 ordines
745 1037 918 1084 promoveri
938 1049 953 1071 a
981 1037 1143 1084 dioecesa-

400 1098 442 1121 no
446 1113 517 1120 ......
533 1086 694 1141 episcopo
717 1087 741 1121 si
764 1086 889 1134 quidem
905 1086 1035 1132 gratiam
1051 1081 1144 1134 atque

400 1136 655 1171 communionem
683 1135 881 1183 Apostolicae
907 1135 1001 1171 Sedis
1032 1136 1145 1171 habue-

400 1185 454 1225 rit,
481 1193 511 1220 et
532 1197 567 1220 ea
594 1185 689 1232 gratis
715 1185 846 1221 voluerit
876 1185 1038 1227 exliibeiwe
1066 1186 1145 1221 alio-

400 1235 476 1282 quin
504 1234 608 1279 liceat,
636 1235 723 1270 vobis
744 1235 944 1279 catholicum,
957 1247 1071 1290 quem·
1085 1248 1146 1270 ma-

400 1284 534 1329 lueritis,
573 1262 660 1320 adire
690 1285 877 1326 antistitem,
912 1285 964 1332 qui
997 1285 1144 1320 nimirum

403 1342 507 1369 nostra
531 1334 627 1369 fultus
641 1335 833 1380 auctoritate,
854 1335 937 1383 quod
961 1334 1145 1382 postulatur,

404 1384 572 1431 indulgeat.
600 1383 746 1419 Obeunte
778 1396 851 1419 vero
877 1392 924 1428 te,
951 1396 1034 1419 nunc
1055 1384 1146 1419 eius—

404 1433 474 1468 dem
514 1433 572 1468 loci
600 1433 732 1475 abbate,
772 1434 818 1468 vel
845 1442 971 1468 tuorum
1007 1434 1147 1482 quolibet

405 1495 637 1528 successor,um
665 1483 771 1518 nullus
802 1483 845 1518 ibi
871 1483 1010 1530 qualibet
1040 1496 1147 1519 surre-

405 1533 520 1588 ptionis
545 1510 656 1567 astutia
678 1545 733 1568 seu
756 1532 900 1568 violentia
923 1541 1146 1580 praeponatur,

405 1583 464 1617 nisi
486 1594 580 1629 quem
599 1582 708 1617 fratres
729 1583 889 1617 communi
912 1595 1078 1624 consensu,
1098 1583 1147 1617 vel

405 1632 534 1667 fratrum
562 1644 634 1679 pars
652 1632 774 1667 consilii
796 1632 946 1676 sanioris,
972 1632 1146 1667 secundum

404 1681 461 1723 Dei
485 1682 640 1722 timorem,
662 1689 692 1716 et
714 1681 794 1716 beati
817 1681 980 1716 Benedicti
997 1682 1147 1728 regulam,

407 1731 452 1766 vel
479 1731 518 1766 de
532 1743 601 1772 suo,
623 1731 670 1766 vel
691 1731 805 1775 alieno,
827 1731 853 1765 si
876 1731 1058 1778 oportuerit,
1081 1732 1144 1766 col-

405 1781 485 1827 legio
506 1780 664 1827 elegerint.
687 1780 766 1815 lllud
788 1792 914 1828 quoque
936 1780 1148 1827 adiungimus,

406 1840 440 1865 ut
466 1830 558 1865 vestri
582 1830 772 1874 monasterii,
794 1839 846 1865 aut
872 1830 1083 1865 Ecclesiarum
1104 1843 1148 1865 ve-

406 1888 539 1915 strarum
571 1879 727 1915 advocatis
753 1879 883 1915 facultas
910 1891 972 1914 non
1004 1880 1058 1921 sit,
1094 1893 1150 1928 pro

406 1943 439 1964 se
462 1941 625 1976 personam
656 1929 790 1976 aliquam
826 1930 857 1964 in
887 1929 1045 1964 advocatia
1067 1942 1150 1977 sup-

407 1991 534 2026 ponere,
569 1991 624 2026 per
655 1991 747 2026 quam
770 1978 910 2013 eiusdem
933 1979 1076 2014 coenobii
1098 1988 1150 2014 aut

407 2028 617 2063 Ecclesiarum
653 2028 734 2063 bona
760 2027 962 2076 dissipentur.
999 2028 1151 2064 Decerni-

408 2090 476 2112 nius
494 2090 567 2124 ergo
581 2085 613 2112 ut
627 2078 702 2112 nulli
718 2078 846 2113 omnino
865 2077 1026 2113 hominum
1050 2079 1150 2120 liceat,

407 2127 577 2175 praefatum
594 2127 814 2163 monasterium
830 2135 946 2163 temere
960 2128 1150 2176 perturbare,

407 2185 459 2212 aut
479 2177 547 2212 eius
568 2178 782 2225 possessiones
808 2176 940 2218 auferre,
962 2177 1007 2212 vel
1034 2178 1151 2213 ablatas

409 2226 562 2271 retinere,
588 2227 740 2267 minuere,
768 2226 814 2261 vel
841 2227 998 2274 aliquibus
1016 2228 1153 2262 vexatio-

409 2275 500 2310 nibus
527 2276 669 2322 fatigare:
707 2276 761 2311 sed
788 2277 892 2311 omnia
927 2277 1044 2323 integra
1075 2290 1152 2312 con-

409 2335 581 2366 serventur,
608 2337 734 2370 eorum,
763 2338 817 2372 pio
835 2338 976 2376 quorum
996 2326 1153 2373 guberna-

408 2374 493 2409 tione
526 2383 555 2409 et
592 2374 839 2410 substentatione
873 2387 1022 2411 concessa
1059 2384 1151 2418 sunt,

410 2424 520 2458 usibus
541 2424 731 2459 omnimodis
754 2424 928 2471 profutura:
957 2426 1038 2460 salva
1061 2425 1153 2460 Sedis

410 2472 608 2528 Apostolicae
630 2474 825 2530 auctoritate,
847 2483 876 2509 et
894 2474 1151 2510 dioecesanorum

411 2523 630 2570 episcoporum
665 2524 814 2559 canonica
853 2524 978 2559 iustitia.
1023 2523 1058 2559 Si
1092 2536 1152 2571 qua

411 2572 506 2618 igitur
531 2572 563 2607 in
597 2572 734 2608 fututum
765 2573 973 2609 ecclesiastica
1011 2574 1154 2609 saecula-

412 2623 491 2657 risve
506 2633 656 2670 persona,
678 2621 758 2658 hanc
780 2630 902 2659 nostrae
923 2623 1154 2660 constitutionis

973 239 1160 264 Bouianum
1187 239 1348 263 ROMANFM

1183 295 1327 342 paginam
1345 293 1458 335 sciens,
1475 300 1582 328 contra
1603 304 1670 328 eam
1691 300 1806 329 temere
1822 292 1925 330 venire

1183 343 1361 388 tentaverit,
1393 342 1552 391 potestatis
1578 342 1768 390 honorisque
1794 343 1842 379 531
1874 342 1925 378 (11-

1181 394 1298 440 gnitate
1322 401 1434 435 careat,
1458 404 1604 440 reamque
1625 404 1658 427 se
1680 392 1786 428 divino
1807 392 1924 428 iudicio

1182 442 1312 477 existere
1345 442 1384 478 de
1416 449 1587 489 perpetrata
1615 441 1779 488 iniquitate
1805 454 1926 488 cogno·

1182 500 1263 536 scat,
1291 500 1321 526 et
1347 504 1362 526 3
1384 492 1595 527 sacratissimo
1616 490 1757 538 Corpore
1787 499 1818 526 et
1845 491 1926 526 San-

1182 542 1276 587 guine
1303 541 1361 575 Dei
1384 549 1414 576 et
1435 540 1562 575 Domini
1584 540 1806 588 Redemptoris
1828 541 1926 575 nostri

1182 591 1251 626 Iesu
1275 590 1391 625 Christi
1419 590 1517 625 aliena
1545 590 1596 624 liat
1617 597 1710 637 atque
1731 590 1762 624 13
1785 597 1926 625 extremo

1182 640 1324 676 examine
1346 640 1503 675 districtae
1519 639 1628 675 ultioni
1646 639 1813 675 subiaceat.
1834 638 1927 674 Cun-

1182 690 1239 725 ctis
1260 699 1364 725 autem
1400 689 1500 724 eidem
1528 689 1596 724 loco
1624 689 1704 724 iusta
1730 688 1927 724 servantibus

1182 741 1222 775 sit
1250 753 1307 787 pax
1329 738 1455 781 Domini
1471 738 1567 774 nostri
1595 738 1664 774 lesu
1686 737 1821 779 Christi;
1848 750 1927 786 qua-

1183 797 1274 824 tenus
1296 797 1326 824 et
1351 789 1400 824 hic
1422 788 1557 824 fructum
1579 788 1678 824 bonae
1704 788 1835 823 actionis
1857 800 1928 835 per-

1183 839 1311 886 cipiant,
1338 847 1367 873 et
1388 838 1470 886 apud
1492 837 1654 873 Christum
1669 838 1810 873 Iudicem
1838 849 1929 886 prae-

1183 890 1244 923 mia
1266 897 1407 924 aeternae
1435 888 1521 935 pacis
1538 888 1704 923 inveniant.
1726 887 1840 923 Amen.

1232 938 1302 973 Eoo
1316 938 1482 973 EUGENiUS
1496 937 1666 973 catholicae
1684 937 1844 973 Ecclesiae
1865 936 1930 984 epi-

1183 1000 1298 1034 scopus
1323 987 1453 1034 signavi.

1231 1037 1346 1072 Datum
1369 1036 1478 1072 Remis
1500 1048 1555 1083 per
1572 1048 1700 1071 manum
1721 1035 1878 1071 Guidonis
1892 1035 1927 1071 S.

1183 1086 1344 1122 Romanae
1370 1086 1529 1121 Ecclesiae
1551 1085 1674 1121 diaconi
1692 1085 1876 1130 cardinalis,
1897 1092 1930 1121 et

1185 1135 1372 1181 cancellarii,
1394 1148 1433 1171 111
1448 1147 1546 1171 nonas
1564 1135 1682 1183 aprilis,
1697 1135 1866 1171 indictione
1881 1147 1927 1178 xl,

1186 1186 1407 1221 incarnationis
1437 1185 1612 1220 dominicae
1650 1197 1732 1220 anno
1760 1196 1928 1227 mcxtwn,

1186 1236 1385 1284 pontificatus
1397 1247 1468 1270 vero
1482 1234 1783 1282 domniEugeniillI
1795 1234 1872 1275 PR,
1882 1246 1929 1270 iv.

1245 1292 1305 1323 Dat.
1323 1293 1370 1323 die
1390 1292 1408 1323 3
1430 1293 1533 1332 aprilis
1555 1301 1631 1322 anno
1652 1291 1767 1323 Domini
1786 1292 1871 1330 1147,

1437 1337 1538 1377 pontif.
1560 1346 1636 1367 anno
1655 1345 1691 1367 1v.

1500 1472 1617 1508 XXVI.

1188 1546 1365 1582 Sam’niensi
1395 1547 1579 1580 monasterio
1605 1546 1723 1580 ordinis
1759 1545 1929 1579 cistercien.

1236 1598 1315 1630 bona
1336 1597 1451 1637 omnia,
1473 1608 1510 1630 ac
1529 1596 1675 1630 subiectae
1696 1596 1836 1630 abbatiae
1856 1606 1932 1629 con-

1236 1648 1401 1692 firmantur
1429 1646 1490 1689 (4).

1454 1714 1664 1746 SUMMARIUM

1189 1783 1355 1814 Exordium.
1369 1799 1408 1805 —
1424 1780 1502 1812 Ordo
1520 1782 1700 1812 monasticus
1720 1782 1749 1812 in
1769 1781 1934 1813 Saviniensi

1229 1828 1414 1865 monasterio,
1430 1826 1594 1857 etabbatiis
1610 1826 1703 1856 eidem
1716 1826 1856 1857 subiectis
1872 1835 1934 1857 ser-

1229 1874 1350 1903 vandus.
1376 1890 1415 1895 —
1439 1872 1585 1902 Numerus
1608 1871 1791 1902 abbatiarum
1816 1881 1830 1902 a
1851 1871 1933 1902 Savi-

1229 1919 1325 1948 niensi
1348 1917 1585 1958 dependentium.
1599 1933 1639 1939 —-
1656 1916 1808 1946 Decretum
1827 1916 1934 1946 immu-

1230 1963 1328 1993 nitatis
1356 1967 1384 1992 et
1405 1961 1606 1992 indemnitatis
1628 1965 1754 1991 monast.
1787 1960 1931 1991 eiusdem.

1229 2026 1268 2032 --
1300 2007 1407 2039 Solitae
1440 2006 1601 2037 clausulae.
1630 2023 1670 2028 —
1701 2005 1837 2044 Sigillum
1870 2002 1933 2036 Eu-

1230 2055 1307 2092 genii
1324 2052 1388 2090 PP,
1399 2053 1522 2091 eiusque
1540 2050 1727 2090 subscriptio.
1744 2049 1935 2081 —Subscri-

1231 2099 1344 2138 ptiones
1363 2097 1554 2127 cardinalium
1579 2095 1607 2126 S.
1623 2096 1655 2126 R.
1678 2095 1833 2126 Ecclesiae.

1190 2167 1321 2205 fingenius
1340 2169 1478 2205 episcopus
1501 2174 1595 2197 servus
1610 2174 1749 2196 servorum
1762 2167 1817 2201 Dei,
1837 2167 1935 2197 dilecto

1235 2219 1290 2248 filio
1314 2218 1415 2247 Sei-loni
1438 2217 1586 2246 saviniensi
1618 2218 1720 2251 abbati,
1744 2217 1852 2254 eiusque
1875 2224 1934 2247 530·

1235 2269 1385 2306 cessar-ilius
1418 2267 1583 2303 regulariter
1600 2267 1796 2303 promovendis,
1826 2267 1855 2297 in
1872 2274 1934 2305 por·

1235 2319 1354 2355 petuam.

1240 2380 1438 2429 Apostolicae
1470 2379 1584 2423 Sedis,
1616 2380 1668 2415 cui
1700 2380 1803 2416 divina
1837 2380 1933 2428 gratia

1193 2431 1420 2479 praesidemus,
1443 2443 1501 2466 nos
1515 2430 1682 2466 auctoritas
1702 2430 1860 2476 admonet,
1882 2430 1934 2466 be-

1193 2481 1408 2528 neplacentem
1430 2479 1497 2515 Deo
1525 2480 1709 2527 religionem
1730 2488 1876 2522 statuere,
1902 2487 1934 2516 et

1192 2530 1359 2566 stabilitam
1399 2538 1505 2565 exacta
1541 2530 1700 2577 diligentia
1736 2542 1931 2566 conservare.

1228 2597 1266 2633 (1)
1283 2597 1321 2623 Ex
1337 2604 1400 2623 mss.
1427 2596 1578 2624 monasterii
1602 2596 1680 2623 huius
1705 2596 1786 2624 edidit
1804 2596 1932 2630 lilartene,

1194 2637 1319 2665 Thesaur.
1338 2636 1478 2671 Anecdot.,
1496 2639 1559 2665 tom.
1580 2644 1600 2671 1,
1616 2636 1666 2664 001.
1686 2636 1747 2664 11011.

1939 238 1989 266 An.
2005 238 2032 265 C.
2055 236 2121 264 1148
