2180 3205
192 251 243 278 An.
262 252 289 278 C.
308 252 373 279 1¹33

201 406 310 444 perrarum
335 403 478 438 ini-nibus
512 404 650 438 noscitur
690 403 875 437 institutum.

187 443 294 459 munitatis
304 446 315 459 a
322 446 372 466 qua-

188 476 274 496 rumque
307 470 371 490 mole-

187 502 234 521 stin.

198 802 257 829 Quod
283 802 368 823 roborat

186 835 369 854 subexcommnui-

186 866 274 885 tutionis
291 870 366 891 poena,

204 1391 368 1412 observantibus

192 1424 361 1443 benedictionem

185 1458 206 1474 et
222 1460 293 1481 pacem
315 1454 368 1474 elat-

186 1486 247 1510 gitur.

438 243 508 275 60⁶2

387 306 515 349 nedicti,
543 305 690 351 Stephani
716 303 781 343 Vll,
803 303 920 349 Sergii,
942 304 1090 338 Hadriani
1104 312 1133 338 et

385 355 516 388 alioruin
540 355 751 388 Romanorum
779 353 967 388 Pontificum
996 354 1133 388 sanctio-

927 403 1133 437 Decernimus

384 465 468 498 crgo,
505 461 536 486 ut
563 453 639 487 nulli
673 453 801 487 omnino
824 452 985 486 hominum
1010 452 1054 486 fas
1080 453 1131 497 sit,

383 512 517 536 vestrum
546 502 769 536 monasterium
794 511 909 536 temere
938 501 1131 549 perturbare,

382 559 435 585 aut
456 552 524 586 eius
553 552 770 598 possessiones
791 550 924 592 anferre,
944 551 989 585 vel
1013 551 1131 585 ablatas

383 601 527 644 retinere,
554 601 712 645 minuere,
735 613 790 635 seu
813 600 1008 648 quibuslibet
1031 601 1131 635 mole-

381 650 448 684 stiis
470 650 615 696 fatigarc3
642 651 695 684 secl
724 650 829 685 omnia
859 651 976 696 integra
1000 662 1131 684 conser-

383 708 514 739 ventur,
543 712 672 740 eorum,
701 712 756 746 pro
791 712 924 746 quorum
953 699 1130 734 substenta-

381 749 465 783 tione
479 757 508 783 et
521 749 747 795 gubernatione
759 761 906 784 concessa
920 758 1005 788 snat,
1023 749 1130 783 usibus

382 799 572 833 omnimodis
605 799 776 846 profutura.
814 799 848 833 Si
876 812 935 846 qua
960 799 1053 845 igitur
1071 810 1131 832 ec-

382 849 554 883 clesiastica
593 848 800 883 saecularisve
847 860 1001 895 persona,
1051 848 1130 882 lianc

381 906 505 932 nostrae.
550 898 782 932 constitutionis
825 898 969 945 paginam
1007 897 1129 933 sciens.

380 957 487 982 contra
509 959 576 982 eam
601 956 716 983 temere
750 960 857 982 venire
878 955 1051 983 tentaverit,
1079 959 1130 981 se-

380 997 484 1032 cundo
515 997 644 1031 tertiove
671 998 881 1035 commonita,
917 997 974 1031 nisi
1011 1001 1151 1030 reatnin'

380 1059 471 1081 snum
495 1046 586 1092 digna
609 1047 818 1082 satisfactione
840 1046 1020 1085 correxerit,
1048 1054 1130 1092 pote-

380 1096 467 1131 statis
501 1096 691 1143 honorisque
712 1097 758 1131 sui
788 1096 939 1143 dignitate
961 1104 1075 1133 careat,
1099 1103 1129 1129 et

380 1158 396 1180 a
419 1146 629 1180 sacratissimo
662 1146 803 1194 Corpore
831 1156 861 1181 et
888 1145 1049 1191 Sanguine
1071 1144 1128 1178 Dei

381 1204 409 1229 et
435 1195 474 1230 D.
515 1195 734 1242 Redemptoris
769 1196 865 1230 nostri
904 1195 973 1230 Iesu
1012 1193 1128 1228 Christi

377 1245 480 1280 aliena
505 1246 567 1283 liat,
590 1253 682 1292 atque
705 1247 734 1280 in
757 1254 896 1280 extremo
924 1244 1067 1279 examine
1084 1243 1128 1277 di-

380 1295 505 1329 strictae
526 1295 683 1329 subiaceat
719 1296 839 1330 ultioni.
868 1294 997 1330 Cunctis
1023 1302 1127 1327 autem

381 1344 482 1379 eidem
512 1345 579 1379 loco
609 1357 663 1379 sua
687 1345 751 1379 iura
783 1344 981 1379 servantibus
1007 1344 1047 1377 sit
1071 1355 1127 1389 pax

382 1394 510 1428 Domini
534 1395 631 1429 nostri
656 1394 722 1429 lesu
759 1394 892 1437 Cbristi,
915 1403 1072 1440 quatenus
1100 1401 1129 1426 et

383 1444 432 1478 liic
455 1443 587 1478 fructum
617 1444 715 1479 bonae
742 1445 874 1478 actionis
897 1444 1081 1490 percipiant,
1100 1450 1127 1475 et

381 1493 463 1540 apud
480 1493 656 1528 districtum
672 1494 812 1528 Iudicem
833 1493 967 1540 praemia
985 1501 1129 1527 aeternae

382 1544 467 1591 paris
490 1543 658 1577 inveniant.
683 1544 802 1582 Amen,
830 1555 932 1577 amen.

380 1642 451 1677 dam
480 1654 535 1689 per
554 1655 665 1677 manus
682 1642 817 1678 Rolandi
839 1642 872 1677 S.
901 1642 939 1676 R.
964 1641 999 1675 E.
1024 1641 1127 1688 presb.

381 1692 466 1726 card.
491 1701 521 1726 et
547 1692 690 1736 cancell,
714 1705 738 1726 11
758 1692 817 1726 kal.
844 1691 1000 1734 novemb⁸7
1028 1691 1129 1725 incar-

383 1742 518 1776 nationis
540 1741 624 1776 dom.
652 1754 735 1776 anno
761 1754 879 1780 nertii,
916 1740 1026 1788 pontis.
1055 1753 1128 1775 vero

381 1791 489 1825 domni
511 1791 666 1826 Anastasii
696 1791 797 1838 Papae
822 1791 863 1825 lv
890 1803 972 1825 anno
995 1803 1016 1824 1.

420 1848 480 1878 Dat.
503 1849 550 1878 die
572 1848 606 1878 31
628 1848 755 1879 octobris
774 1858 850 1878 anno
868 1847 983 1877 Domini
1004 1848 1088 1884 1153,

639 1893 740 1933 pontif.
760 1903 835 1923 anno
854 1902 872 1923 1.

730 2053 782 2087 IV.

385 2126 582 2171 Confirmatio
616 2127 764 2159 bonorum
796 2127 948 2167 omnium,
981 2126 1023 2158 ad
1049 2125 1130 2158 Are-

431 2177 572 2209 lucensem
611 2176 781 2209 Ecclesiam
829 2176 1048 2219 spectantium,
1093 2187 1129 2207 ac

432 2226 649 2258 transactionis
685 2227 779 2259 initae
805 2227 883 2258 inter
919 2225 1130 2257 Rai'mundum

434 2276 690 2320 archiepiscopum
725 2283 751 2308 et
797 2275 949 2319 Ausosum
994 2275 1129 2308 coim'lem

436 2325 621 2358 Tolosanum
644 2327 700 2368 (Ι).

649 2394 860 2424 SUMMARIUM

384 2456 561 2485 Arelatensis
584 2455 714 2485 Ecclesia
737 2456 881 2495 primaeva
901 2456 1041 2494 dignitate
1064 2455 1130 2484 illu-

424 2500 503 2537 stris;
528 2517 566 2522 -
591 2500 736 2530 Bellorum
773 2500 990 2530 calamitatibus
1021 2505 1076 2529 tam
1101 2500 1129 2528 in

419 2566 458 2600 (t)
487 2566 524 2592 Ex
549 2566 730 2601 autbographo
759 2565 841 2592 edidit
869 2566 1041 2598 Sammarth.,
1061 2566 1127 2592 Gall.

384 2605 492 2637 Christ.²
505 2609 568 2631 tom.
582 2613 599 2637 i,
617 2606 683 2632 inter
696 2606 872 2632 Instrumenta
888 2606 1017 2632 Ecclesiae
1035 2605 1127 2632 Arela-

386 2649 450 2678 ten„
471 2653 542 2671 num.
561 2652 620 2670 xvr.

964 250 1150 273 numanum
1179 250 1339 273 ROMANUM

1934 250 1982 276 Αη.
2002 250 2028 276 C.
2051 250 2115 277 1153

1214 303 1333 339 honore,
1355 311 1440 342 quam
1465 302 1493 332 in
1518 302 1727 341 temporalibus
1759 303 1847 334 rebus
1866 304 1918 334 irn-

1214 344 1339 375 minuta:
1356 342 1454 372 —Ab
1483 343 1635 372 Anastasio
1663 342 1715 372 PP.
1747 343 1802 373 snb
1825 349 1919 383 prote-

1213 384 1308 412 ctione
1332 382 1415 412 Sedis
1450 383 1551 421 Apost.
1580 383 1750 421 suscipitur.
1775 400 1815 406 —-
1841 383 1917 414 Bona

1213 423 1309 452 omnia
1334 422 1442 461 ubique
1465 423 1558 460 posita
1581 423 1607 452 ei
1630 422 1860 459 confirmatum
1880 441 1919 446 —

1213 462 1342 497 Quorum
1371 462 1512 492 nonnulla
1543 466 1764 499 enunierantur3
1786 479 1827 485 —
1847 462 1919 493 Con-

1213 503 1344 532 firmatur
1361 511 1477 541 quoqne
1497 503 1654 532 transactio
1676 502 1747 532 inita
1770 503 1845 531 inter
1872 513 1919 532 ar-

1213 543 1306 581 chiep.
1325 547 1353 571 et
1371 543 1505 571 comitem
1523 542 1920 579 Tolosanum3—Ecclesia-

1212 592 1269 620 qne
1286 583 1392 611 Arelat.
1406 582 1478 611 solis
1495 581 1645 612 pontificis
1659 583 1693 611 de
1716 582 1803 612 latere
1816 583 1918 620 legatis

1213 622 1345 651 subiecta
1378 622 1553 652 declaratur.
1580 639 1620 644 --
1650 622 1796 660 Privilegii
1829 622 1918 651 huius

1211 662 1358 692 roboratio
1377 662 1431 691 snb
1451 662 1544 691 solitis
1562 662 1716 691 clausulis.
1734 679 1773 684 --
1792 662 1917 691 Anasta-

1212 702 1248 731 sii
1268 701 1320 731 P-i‘.
1340 707 1367 732 et
1385 711 1433 732 sex
1447 701 1475 732 S.
1499 702 1529 731 R.
1546 701 1663 731 E.card.
1676 702 1918 740 subscriptiones.

1171 777 1329 804 Anastasius
1356 777 1495 812 episcopus
1519 783 1613 805 servus
1637 784 1775 805 servorum
1798 776 1852 809 Dei.
1875 784 1919 805 ve-

1215 827 1330 854 nerabili
1356 826 1440 855 fratri
1470 827 1615 854 Raimundo
1651 827 1802 855 Arelatensi
1833 827 1920 855 arehi-

1215 876 1348 912 episcopo,
1361 876 1470 912 eiusque
1495 877 1692 905 successoribus
1716 877 1840 905 canonice
1859 877 1919 904 sub·

1219 927 1376 959 stituenctis,
1396 927 1425 954 in
1447 927 1618 962 perpetuum.

1220 997 1434 1032 Arelatensem
1471 997 1667 1044 metropolim
1703 997 1852 1032 famosam
1889 1007 1915 1031 et
1940 1006 2115 1043 ‚uellate-isis&-

1172 1047 1324 1093 insignem
1347 1047 1504 1094 qnondam
1527 1046 1633 1084 fnisse,
1665 1055 1758 1094 atque
1786 1048 1815 1081 in
1843 1047 1919 1082 Gal-
1933 1039 2115 1095 ffissffa'ss‘mj'fif

1171 1096 1282 1130 liarum
1319 1096 1468 1141 partibus,
1496 1096 1603 1130 multis
1636 1105 1666 1131 et
1697 1097 1855 1142 dignitatis
1889 1107 1915 1131 et
1932 1101 1989 1120 ΜΒ·

1170 1146 1286 1192 gloriae
1306 1146 1405 1179 titulis
1427 1146 1587 1184 claruisse,
1610 1154 1670 1180 tam
1687 1154 1804 1180 vetusta
1819 1147 1918 1193 ipsius

1170 1196 1300 1230 civitatis
1322 1195 1448 1235 indicia,
1470 1207 1563 1242 qnam
1579 1195 1756 1230 authentica
1777 1204 1915 1231 veterum

1170 1246 1393 1292 scripturarum
1417 1245 1591 1280 testimonia
1616 1245 1824 1280 manifestant.
1853 1245 1915 1281 Seil

1170 1295 1241 1342 qnia
1277 1295 1477 1329 consistentis
1515 1295 1544 1328 in
1580 1306 1614 1328 ea
1649 1296 1755 1342 populi
1791 1303 1916 1342 peccata
1952 1333 1956 1337 .
1991 1333 1995 1336 ,
2030 1337 2036 1341 Α

1170 1345 1324 1390 corrigere
1343 1344 1468 1379 divinae
1486 1344 1684 1391 dispositioni
1706 1345 1914 1392 complacuit,
1930 1332 2113 1388 fliiffissumqii'ii'.

1170 1395 1292 1439 guerris
1326 1394 1464 1441 undique
1494 1394 1695 1437 irruentibus,
1718 1404 1779 1428 tam
1809 1394 1837 1428 in
1867 1392 2112 1446 di-irzffifflffissffiffi

1170 1445 1287 1489 gnitate
1308 1456 1401 1490 quam
1431 1445 1460 1478 in
1489 1443 1582 1478 rebus
1605 1444 1831 1490 temporalibus
1849 1445 1915 1491 ipsa

1171 1493 1353 1539 metropolis
1374 1502 1419 1527 est
1442 1494 1611 1540 plurimum
1636 1493 1801 1531 diminuta.
1825 1494 1918 1528 cuius

1944 1301 2047 1322 Belloi-uin
2058 1301 2112 1321 catn-

1148 1581 1150 1589 ,
1170 1543 1350 1577 contritioni
1374 1555 1447 1582 nos,
1475 1543 1540 1589 qui,
1576 1542 1648 1576 lieet
1671 1542 1803 1589 indigni,
1826 1543 1918 1577 iusti-

429 1592 501 1627 Dat.
527 1592 647 1628 Romae
674 1594 757 1639 apud
783 1592 816 1627 S.
840 1593 967 1626 Mariam
1003 1591 1150 1626 Rotun-'

1171 1593 1231 1626 tiae
1253 1593 1388 1626 cultores
1414 1600 1506 1639 atque
1530 1592 1689 1635 custodes,
1717 1593 1746 1625 in
1775 1592 1917 1627 Ecclesia

1172 1642 1321 1689 principis
1342 1643 1556 1688 apostolorum
1584 1641 1668 1675 Petri
1691 1650 1721 1675 ct
1747 1641 1918 1689 Paulispe-

1170 1691 1251 1734 cula,
1274 1691 1460 1736 disponente
1481 1691 1630 1732 Domino,
1658 1691 1843 1734 residemus,
1863 1692 1918 1726 be-

1171 1741 1265 1786 nigno
1287 1741 1399 1774 affectu
1421 1741 1643 1788 compatimur,
1665 1749 1696 1775 ct
1717 1742 1786 1775 eius
1804 1741 1869 1787 paci
1889 1750 1918 1776 et

1171 1791 1313 1835 dignitati
1337 1790 1512 1834 salubriter,
1536 1791 1566 1824 in
1590 1799 1741 1837 quantum
1765 1802 1836 1824 cum
1850 1790 1919 1825 Deo

1149 1839 1358 1887 'possumus,
1387 1840 1549 1887 providere.
1582 1847 1739 1887 optamus
1774 1839 1917 1887 AEtqunm

1170 1890 1253 1924 enim
1286 1902 1321 1924 ac
1354 1889 1536 1924 rationabile
1570 1898 1634 1928 est,
1673 1898 1706 1924 ut
1739 1890 1791 1936 qni
1829 1890 1918 1925 beato

1171 1939 1264 1974 Petro
1290 1947 1320 1974 et
1341 1941 1409 1974 eius
1431 1939 1552 1974 vicariis
1574 1939 1754 1974 devotiores
1774 1951 1843 1974 esse
1866 1952 1919 1974 no-

1170 1998 1312 2033 scuntur,
1338 1997 1369 2023 et
1403 1997 1619 2023 sacrosanctae
1655 1988 1818 2024 Romanae
1854 1988 1918 2024 Ec-

1171 2038 1284 2073 clesiae
1304 2039 1475 2085 patrocinio
1496 2039 1629 2085 cupiunt
1643 2038 1814 2080 confoveri,
1837 2039 1918 2073 eius-

1170 2088 1242 2123 dem
1271 2088 1338 2135 piae
1365 2088 1471 2122 matris
1495 2087 1642 2122 uberibus
1668 2088 1862 2133 nutriantur,
1889 2097 1918 2123 et

1172 2138 1202 2172 in
1231 2137 1469 2172 rationabilibus
1496 2138 1560 2172 suis
1585 2138 1789 2184 petitionibus
1815 2151 1917 2172 exau—

1171 2187 1306 2221 diantur.
1325 2186 1490 2228 Quocirca,
1509 2187 1621 2222 dilecte
1636 2187 1667 2222 in
1683 2187 1810 2223 Christo
1825 2187 1918 2222 frater
1944 2197 1973 2217 Ab
2000 2198 2111 2218 Anastasio

1171 2245 1200 2271 et
1247 2237 1434 2284 coepiscope
1479 2236 1680 2282 Raimnnde,
1721 2238 1782 2272 tuis
1828 2237 1916 2272 iustis
1930 2227 2111 2279 ἷὲῥηζωέεᾟῗῖζῖ

1172 2286 1433 2333 postulationibus
1467 2286 1635 2321 clementer
1669 2288 1860 2328 annuimus,
1887 2295 1915 2321 et
1930 2289 2045 2340 13⁰‚⁵¹5:¹³⁰·¹²
2074 2295 2110 2309 ³¹¹·

1172 2336 1359 2383 praedictam
1393 2335 1607 2371 Arelatensem
1648 2335 1839 2381 Ecclesiam,
1878 2337 1916 2370 ad
1930 2326 1981 2347 ἀρ’
1993 2326 2024 2341 “’“

1170 2398 1264 2432 qnam
1294 2386 1453 2427 nimirum,
1471 2394 1552 2420 sicut
1573 2398 1611 2420 ex
1633 2385 1724 2420 diens
1746 2386 1826 2420 beati
1853 2386 1916 2420 Zo-

1170 2436 1242 2469 zimi
1269 2435 1371 2482 Papae
1394 2444 1424 2469 et
1451 2443 1592 2482 martyris
1623 2436 1783 2470 evidenter
1804 2446 1916 2470 osteu-

1170 2485 1265 2523 ditur,
1288 2496 1325 2518 ex
1348 2484 1405 2519 bac
1426 2493 1532 2519 sancta
1560 2484 1702 2519 Romana
1728 2494 1758 2520 et
1780 2488 1915 2531 Aposto-

1171 2535 1227 2568 lica
1250 2534 1332 2568 Sede
1353 2533 1546 2580 Tropbimus
1567 2544 1694 2569 sanctus
1715 2536 1853 2578 antistes,
1875 2533 1914 2568 de

1170 2584 1260 2618 cuius
1287 2584 1393 2630 utique
1422 2583 1493 2618 fidei
1526 2583 1610 2618 fonte
1637 2585 1751 2618 rivulos
1770 2591 1850 2617 totae
1870 2586 1913 2627 (1)

1205 2645 1244 2681 (t)
1261 2646 1338 2695 Forte
1359 2648 1446 2672 totius.
1487 2645 1522 2680 (n.
1541 2646 1580 2680 T.)
