2180 3205
58 242 106 268 An.
127 240 155 265 C.
176 240 241 264 1092

903 215 1047 236 funins
1078 216 1096 236 11
1127 215 1175 236 1Ῥ.

325 268 551 308 Decet-nentes
575 276 605 302 et
631 268 735 302 edicto
759 278 912 315 perpetuo
936 267 1029 301 robo-

161 328 172 339 ⁰
189 325 239 338 ¹¹¹¹·
276 326 392 359 rantes,
409 327 441 352 ut
455 318 650 365 quicumque
666 318 782 351 dictum
801 317 1026 351 monasterium

57 347 128 369 uicere
150 352 186 366 eos
206 351 241 370 qni

57 374 173 395 moti-<tiam
181 373 242 393 uttam

56 399 241 422 monaster-‹oiniu-

57 428 125 449 lei-mt-

275 366 306 400 in
329 367 396 401 suis
424 367 558 407 mribus,
588 366 842 414 possessionibus
868 379 904 401 ac
932 365 1028 400 liber-

276 415 392 451 tatibus
415 416 554 455 laeserit,
582 425 634 450 aut
669 416 760 450 etiam
789 415 1026 462 perturbaverit,

272 464 365 499 liceat
389 464 456 509 tibi,
479 465 716 500 successoribus
738 464 810 505 tuis,
829 472 858 498 et
886 464 1027 511 patribus

276 513 376 561 ipsius
404 515 598 559 monasterii,
631 514 858 560 cuiuscumque
881 514 1025 560 praeemi-

273 563 401 598 nentiae
435 565 499 599 sive
535 571 635 598 status
669 563 809 603 suerint,
843 563 1025 597 auctoritate

274 613 449 659 praesentis
480 613 577 648 nostri
604 612 757 659 privilegii
795 611 1023 658 praecedente,

271 662 422 697 canonica
445 662 618 696 monitione
634 661 815 708 praemissa,
837 673 1023 695 excommu-

273 711 396 752 nicare,
431 719 461 746 et
497 711 786 746 excommunicatos
808 711 872 745 l'ore
899 711 1024 744 denun-

273 760 364 800 tiare,
401 773 416 795 a
454 772 516 807 qua
552 760 671 795 absolvi
706 772 768 794 non
803 760 936 807 possint,
964 760 1021 794 nisi

269 808 366 855 digne
388 810 608 849 satisfecerint,
638 809 801 857 privilegio
838 809 883 844 eis
909 809 1022 844 collato

270 858 317 893 vel
341 859 558 899 concedendo,
581 859 665 906 quod
688 858 954 893 excommunicari
975 858 1021 893 rel

221 912 228 913 ’
270 907 414 943 interdici
455 920 516 943 non
557 908 694 955 possint,
728 909 925 955 aliquatenus
961 919 1020 942 non

71 1064 185 1085 Anathema
193 1069 241 1085 con-

59 1092 91 1112 tu
128 1091 241 1112 violator-rs

59 1117 161 1144 privitegii
170 1118 239 1139 huius.

61 1694 237 1722 Subscriptiones.

268 956 425 1000 obstante,
453 958 512 992 nisi
535 958 574 993 de
602 957 725 992 indulto
748 957 931 992 huiusmodi
955 957 1022 1004 ple-

269 1019 341 1041 nam
380 1015 410 1042 et
443 1019 625 1054 expressam
657 1007 787 1042 fecerint
815 1009 1020 1041 mentionem.

267 1055 301 1090 Si
326 1057 396 1104 quis
417 1065 522 1091 autem
545 1064 654 1091 contra
675 1056 758 1091 hanc
780 1057 878 1090 nostri
903 1056 1019 1090 decreti

267 1106 486 1141 auctoritatem
510 1107 616 1141 venire
637 1106 846 1147 attentaverit,
869 1105 951 1140 salva
968 1105 1022 1140 Se-

267 1154 316 1190 dis
337 1155 554 1204 Apostolicae,
573 1163 603 1191 et
621 1155 795 1202 legatorum
819 1156 890 1189 eius
913 1167 1021 1189 recur-

267 1205 368 1239 rentia
403 1213 432 1240 et
459 1205 627 1251 dignitate,
661 1205 762 1246 sciat,
798 1217 831 1239 se
866 1204 902 1238 B.
937 1204 1020 1239 Petri

267 1254 400 1302 apostoli
428 1256 559 1301 gratiam
582 1255 786 1296 amissurum,
814 1263 842 1289 et
876 1255 1021 1300 indigna-

267 1308 352 1343 tione
377 1308 550 1356 apostolica
588 1308 779 1343 feriendum.
822 1307 1021 1343 Obedientes

267 1374 352 1404 vero,
377 1371 409 1398 et
430 1362 614 1398 huiusmodi
640 1356 796 1410 privilegii
813 1363 928 1409 scripta
949 1374 1020 1396 scr—

267 1423 388 1458 vantes,
409 1416 536 1463 dignam
565 1416 671 1451 a.De0
698 1417 854 1463 accipiant
885 1416 1022 1451 retribu-

269 1470 412 1515 tionem,
453 1479 484 1506 et
526 1470 783 1505 benedictionem
814 1470 1019 1517 apostolicam

269 1533 516 1571 consequantur.
544 1525 658 1559 Amen.

267 1577 341 1614 Eoo
364 1578 520 1613 Unmxns
551 1578 724 1613 cath‘olicae
757 1578 919 1613 Ecclesiae
954 1578 1023 1626 epi-

316 1644 445 1680 scopus.

267 1686 337 1733 Ego
357 1686 502 1722 Ubaldus
528 1686 716 1722 Sabinensis
742 1687 927 1734 episcopus.

267 1740 337 1787 Ego
358 1739 456 1777 oddo.
474 1740 665 1775 Albanensis
687 1740 865 1788 episeopus.

267 1794 337 1841 Ego
357 1793 541 1829 Bernardns
562 1795 790 1830 Praenestinus
812 1795 995 1844 episcopus.

267 1847 336 1894 Ego
357 1847 467 1882 Bruno
493 1847 649 1895 Signinus
670 1849 852 1897 episcopus.

267 1900 336 1948 Ego
357 1900 536 1948 Rangerius
557 1902 733 1948 Regitanus
755 1905 938 1952 episcopus.
988 1948 993 1952 ,

270 1955 338 2002 Ego
359 1954 520 1991 Gerardus
542 1956 699 1992 Troianus
724 1959 907 2006 episcopus.

270 2009 339 2055 Ego
360 2009 497 2045 Ioannes
517 2010 718 2046 Tusculanus
741 2013 922 2060 episcopus.

270 2062 338 2109 Ego
358 2062 493 2099 Ioannes
518 2064 716 2111 Rapollanus
735 2068 925 2113 episcopus.

270 2115 340 2162 Ego
361 2116 540 2151 Hermanus
567 2119 730 2165 presbyter
752 2120 933 2155 cardinalis.

270 2170 339 2216 Ego
365 2169 541 2216 Gregorius
563 2172 727 2219 presbyter
748 2173 926 2208 cardinalis.

271 2223 339 2270 Ego
360 2223 554 2258 Benedictus
581 2225 744 2272 presbyter
769 2224 947 2261 cardinalis.

320 2278 438 2312 Datum
483 2278 606 2312 Salerni
650 2291 705 2326 per
749 2292 861 2315 manus
900 2280 1026 2316 Ioannis

271 2331 306 2367 S.
333 2331 375 2373 R,
401 2331 562 2366 Ecclesiae
588 2332 710 2367 diaconi
739 2335 917 2375 cardinalis,
940 2348 1025 2370 xviii

273 2385 424 2420 kalendas
451 2385 614 2429 octobris,
642 2399 686 2420 xv
722 2387 916 2430 indictione,
945 2401 1025 2423 anno

273 2438 449 2475 dominicae
466 2440 691 2476 incarnationis
703 2453 812 2487 amen,
827 2442 1026 2489 pontificatus

273 2492 313 2527 D.
341 2493 460 2528 Urbani
487 2493 591 2541 Papae
614 2495 641 2529 11
668 2508 751 2530 anno
772 2507 804 2529 v.

294 2548 357 2580 Dat.
372 2550 420 2581 die
438 2551 474 2581 14
497 2551 673 2589 septembris
692 2562 768 2582 anno
786 2552 902 2584 Domini
921 2554 1006 2592 1092,

421 2598 424 2599 ⁷
533 2592 636 2630 pontif.
652 2602 728 2622 anno
744 2601 769 2622 v.

1711 206 1771 237 117

1402 266 1487 303 XVI.

1073 339 1253 373 constitutio
1279 343 1322 374 nd
1348 342 1534 375 Ruinolrlum
1562 341 1819 385 archiepiscopum

1120 389 1291 422 Remensem
1320 398 1344 423 et
1378 392 1590 435 sulsrnyaneos
1617 392 1679 422 ciris
1713 400 1819 424 contra

1114 439 1308 481 polyyamos,
1334 451 1427 477 eosre,
1454 441 1508 483 qui
1537 440 1743 483 [οειιιίηαι-ιιηι
1765 442 1820 473 rite

1113 488 1290 531 promiscua
1317 488 1456 521 haberent
1479 489 1630 522 connubia
1657 493 1719 531 (l).

1336 551 1431 581 Stittit
1438 552 1549 582 animi

1067 604 1092 634 ι1.
1110 603 1186 639 Quid
1206 603 1243 633 sit
1260 604 1376 633 muneri
1409 605 1570 644 episcopali
1599 606 1759 645 proprium.
1780 625 1819 631 —

1105 644 1132 672 ⁶2.
1164 643 1330 681 Polygamis
1363 644 1529 674 benedictio
1561 655 1619 675 non
1649 647 1754 676 (landa.
1779 665 1819 671 —

1105 684 1131 713 3.
1153 684 1182 712 Ji.
1207 683 1344 713 llortatur
1359 684 1524 723 episcopos,
1554 690 1584 714 nt
1606 694 1619 714 a
1652 687 1816 724 polygramia

1104 732 1203 761 regem
1216 723 1358 753 desistere
1368 724 1740 763 cunipell1111125.0tutpro
1754 736 1817 755 ere-

1105 763 1201 800 ptione
1219 762 1408 792 Carnuteusis
1427 764 1559 802 episcopi
1579 765 1747 794 instantiam
1765 767 1818 795 ad-

1104 802 1236 832 hibeant.
1252 819 1291 824 —
1313 804 1340 832 (5.
1365 803 1666 834 Excommunicationi
1697 805 1819 836 subiicit

1102 842 1221 872 castella
1241 846 1269 872 et
1285 847 1390 872 terram
1408 843 1482 879 eius,
1499 845 1549 882 qui
1566 853 1632 873 eum
1651 845 1816 875 retinuerit.

1062 909 1183 937 Urbanus
1203 909 1343 945 episcopus
1372 916 1466 938 servus
1489 917 1628 938 servorum
1652 910 1715 943 Dei,
1737 919 1816 939 vene·

1106 954 1239 982 rabilibus
1249 953 1432 983 confratribus
1446 956 1472 983 et
1485 955 1660 990 coepiscopis,
1681 956 1816 990 Raynoldo

1106 999 1228 1027 Remensi
1247 1000 1276 1027 et
1294 999 1475 1035 suffraganeis
1492 999 1561 1034 enm,
1581 1000 1698 1028 salutem
1711 1001 1738 1029 et
1751 1007 1814 1037 apo·

1107 1044 1232 1072 stolicam
1251 1044 1473 1073 benedictionem.

1111 1105 1145 1140 Si
1167 1106 1360 1141 sacerdotale
1376 1134 1383 1147 ,
1409 1107 1495 1154 quod
1527 1107 1647 1154 geritis,
1675 1107 1814 1143 officium

1063 1155 1314 1190 consideratione
1356 1156 1461 1191 debita
1502 1158 1697 1204 pensaretis,
1739 1158 1814 1193 tanti

1062 1204 1210 1240 facinoris
1237 1205 1362 1240 infamia
1384 1206 1421 1240 ad
1450 1218 1543 1241 aures
1561 1215 1683 1242 nostras
1702 1207 1814 1243 saltem

1062 1255 1217 1300 impunita
1239 1267 1301 1289 non
1330 1256 1534 1302 pervenisset.

1110 1304 1130 1350 S
1156 1306 1184 1338 1.
1213 1304 1295 1339 Cum
1322 1306 1419 1345 enirn,
1447 1305 1554 1339 domui
1581 1305 1676 1341 Israel
1704 1318 1812 1354 specu-

1063 1352 1176 1387 latores
1202 1365 1218 1387 a
1240 1354 1308 1388 Deo
1325 1354 1399 1398 dati,
1422 1354 1526 1401 impiis
1546 1355 1721 1402 impietates
1739 1369 1813 1391 suas

1062 1403 1267 1443 annunciare,
1301 1412 1329 1437 et
1358 1416 1414 1451 pro
1441 1404 1535 1438 domo
1562 1404 1656 1439 lsrael
1685 1417 1813 1441 murum

1062 1463 1224 1498 opponere
1251 1452 1418 1494 deberetis,
1446 1453 1584 1500 qualibet
1613 1454 1731 1489 ratione
1758 1467 1814 1490 vos

1065 1502 1126 1548 pati
1167 1502 1306 1548 potuisse
1333 1503 1506 1543 miramur,
1541 1511 1575 1537 ut
1602 1512 1662 1538 tam
1706 1504 1814 1552 inclyti

1064 1551 1151 1597 regni
1175 1563 1240 1593 rex,
1266 1551 1392 1586 humani
1416 1552 1556 1599 pudoris,
1575 1552 1672 1587 divini
1692 1553 1814 1589 timoris

1064 1599 1232 1635 immemor
1257 1610 1365 1636 contra
1394 1602 1453 1643 ius,
1486 1610 1593 1637 contra
1620 1602 1677 1644 fas,
1704 1610 1814 1638 contra

1064 1649 1169 1696 legum
1210 1658 1240 1685 et
1277 1663 1433 1686 canonum
1476 1652 1676 1696 sanctiones,
1703 1661 1813 1688 contra

1066 1700 1159 1733 totius
1186 1699 1357 1735 catholicae
1375 1700 1535 1736 Ecclesiae
1554 1701 1813 1744 consuetudines,

1064 1756 1093 1783 et
1119 1761 1207 1783 snam
1236 1762 1366 1784 uxorem
1394 1750 1570 1785 inordinate
1597 1750 1813 1797 relinqueret,

1064 1805 1093 1832 et
1109 1798 1277 1845 propinqui
1291 1799 1338 1833 sui
1355 1799 1522 1845 coniugem
1545 1812 1651 1834 amore
1672 1800 1733 1835 sibi
1758 1812 1814 1834 ne-

1065 1847 1142 1881 fario
1155 1849 1315 1895 copularet
1330 1852 1385 1891 (⁶2).
1406 1849 1498 1890 Quod
1522 1848 1636 1883 factum
1660 1850 1767 1896 utique
1785 1857 1815 1884 et

1066 1898 1152 1942 regni
1173 1898 1267 1931 totius
1294 1898 1524 1943 confusionem,
1547 1908 1575 1933 et
1597 1898 1814 1933 Ecclesiarurn

1067 1954 1236 1980 vestrarum
1279 1947 1515 1994 dissipationem
1558 1948 1740 1994 portendit,
1784 1955 1815 1982 et

1065 1995 1102 2029 ad
1143 1997 1277 2030 animam
1313 2005 1447 2031 vestram
1482 1996 1637 2031 redundat
1674 1997 1813 2031 infamia.

1068 2044 1213 2079 Peccanti
1251 2045 1359 2086 enim,
1398 2058 1470 2080 cum
1499 2046 1652 2091 impedire
1689 2048 1814 2093 possis,

1067 2105 1129 2127 non
1157 2095 1383 2135 contradicere,
1410 2097 1588 2130 consentire
1615 2103 1671 2129 est.

1115 2143 1134 2189 g
1167 2144 1199 2176 2.
1238 2143 1284 2178 Te
1310 2152 1438 2188 autem,
1473 2146 1633 2178 carissime
1660 2143 1816 2179 confrater

1069 2190 1234 2232 Rainolde,
1262 2205 1341 2227 noxa
1364 2194 1439 2228 haec
1462 2194 1595 2227 maxime
1619 2193 1742 2240 impetit
1759 2205 1815 2240 pro

1067 2251 1115 2280 e0,
1153 2241 1237 2287 quod
1274 2242 1530 2288 Sylvanectensis
1562 2242 1725 2276 subiectus
1759 2242 1816 2276 tibi

1067 2292 1236 2336 episcopus
1275 2291 1332 2325 lioc
1372 2291 1490 2338 publici
1523 2291 1668 2325 adulterii
1696 2293 1817 2326 crimen

1066 2350 1136 2381 suo,
1156 2347 1189 2373 nt
1211 2339 1403 2380 audirimus,
1429 2340 1561 2374 firmavit
1583 2352 1727 2383 assensu,
1742 2353 1815 2374 eum

1068 2388 1206 2422 maechis
1247 2388 1308 2423 illis
1348 2388 1577 2423 benedictionis
1615 2389 1820 2424 sacerdotalis

1066 2449 1194 2471 manum
1224 2438 1383 2484 imposuit.
1404 2438 1498 2479 Quod
1526 2439 1584 2472 etsi
1613 2438 1697 2473 licite
1719 2439 1821 2473 nube-

1101 2494 1140 2528 (i)
1161 2494 1199 2520 Ex
1217 2494 1304 2521 Labbe
1316 2499 1380 2521 tom.
1393 2503 1420 2525 x,
1433 2503 1492 2529 pagv
1508 2496 1568 2521 ³163.
1607 2495 1645 2530 (2)
1664 2495 1819 2530 Pliilippusl

1066 2528 1164 2555 Galliae
1186 2538 1230 2555 rex
1257 2530 1360 2555 Bet-tam
1380 2538 1495 2562 reguiam
1523 2530 1719 2564 repudiaverat.
1741 2536 1820 2564 iitaepie

1066 2564 1240 2591 Bertrannlam
1258 2573 1370 2593 uxorem
1386 2566 1474 2592 folclii
1493 2567 1599 2593 comitis
1618 2566 1819 2600 Andegax‘eusis

1067 2605 1208 2634 nupzerdt.

1836 223 1884 250 An.
1897 224 1924 248 t).
1951 225 2017 250 tter-³

1863 1331 1918 1356 Quid
1937 1332 1963 1353 sit
1978 1337 2024 1353 mn-

1838 1360 1882 1379 neri
1904 1360 2022 1388 ’episcopati

1837 1391 1952 1412 proprtum.

1861 2157 1977 2182 Ps-tygsnms
1989 2158 2023 2177 lie-

1848 2184 1940 2204 netlimio
1974 2192 1993 2205 ni
2003 2191 2014 2204 n

1847 2212 1923 2232 dan-la.
