2180 3205
124 216 218 244 An.C.
240 218 308 245 1139

125 290 146 307 et
163 286 184 308 S.
207 287 230 309 R.
246 288 306 309 Eect.

124 317 174 337 card
212 318 309 339 subscri-

122 349 215 376 prienes.

378 207 446 239 44⁶2

371 271 440 318 Ego
483 270 642 305 Corradus
680 268 866 303 Sabiuensis
906 271 1074 317 episcopus

322 321 507 364 subscripsi.

372 369 437 415 Ego
459 367 692 403 'l‘hcodcwinns
713 366 747 401 S.
765 366 897 402 Rufinae
913 367 1009 414 episc.
1029 380 1071 402 ss.

372 419 439 464 Ego
466 417 632 451 Albcricus
654 417 810 452 Ostiensis
837 418 1005 464 episcopus
1030 429 1072 451 ss.

370 467 440 507 Ego
456 466 616 501 Gerar-dus
629 466 732 513 presb.
748 467 833 501 card.
851 467 896 500 tit.
913 466 947 501 S.
961 465 1074 502 Crucis

323 517 354 551 in
381 516 467 550 Ηιι·’.ι
495 516 679 563 subscripsi.

372 565 440 611 Ego
457 565 628 600 Ansehnus
648 564 751 612 presb.
765 564 850 599 card
866 564 913 599 tit.
927 564 961 599 S.
980 564 1072 599 Laur.

323 615 352 649 in
379 615 495 649 lucini
519 627 560 648 ss.

372 664 440 710 Ego
467 663 656 699 Lictisredus
691 663 854 712 presbyter
879 662 963 698 card.
992 661 1072 697 tituli

323 712 471 748 vestinae
496 726 537 747 55.

371 762 440 804 Euo
462 761 515 797 lxo
541 762 643 810 presb.
673 762 758 798 card
791 761 823 796 S
852 761 1013 797 Laurentii
1043 761 1072 795 in

323 811 461 846 Damaso
483 824 524 846 ss.

372 861 440 907 Ego
467 861 569 896 Lucas
599 860 702 908 presb.
726 860 810 896 card.
835 860 880 895 tit.
903 829 953 895 Ss
978 859 1021 894 Io.
1045 867 1075 893 et

324 909 413 945 Pauli
441 923 483 945 ss.

372 959 441 1005 Ego
463 959 617 994 Martinus
645 958 747 1006 presb.
772 957 856 993 card.
881 958 927 992 tit.
950 957 984 993 S.
1001 957 1076 992 Ste—

325 1009 418 1056 phani
444 1010 472 1043 in
496 1008 606 1043 Coelio
629 1017 734 1043 monte
753 1007 936 1053 subscripsi.

373 1057 441 1104 Ego
462 1058 546 1093 Azzo
564 1058 666 1105 presb.
696 1058 780 1092 card.
807 1058 853 1091 tit.
880 1057 913 1091 S.
934 1058 1076 1091 Anasta-

325 1107 390 1142 siae
417 1120 458 1142 55.

373 1156 441 1203 Ego
466 1155 620 1191 Boethius
643 1156 746 1204 presb.
772 1155 856 1191 card.
886 1156 932 1190 tit.
955 1154 988 1190 S.
1008 1154 1077 1190 Cle-

326 1214 442 1240 mentis
463 1218 504 1240 ss.

374 1255 443 1301 Ego
479 1254 684 1290 Constantius
720 1254 888 1290 cardinalis
927 1253 1006 1288 tituli
1042 1252 1075 1287 S.

325 1304 465 1340 Sabinae
487 1317 530 1339 ss.

374 1354 443 1400 Ego
469 1353 642 1400 Gregorius
664 1353 745 1389 diac.
778 1353 862 1388 card.
891 1352 941 1387 Ss.

327 1411 354 1439 ct
382 1403 498 1438 Bacchi
525 1416 566 1437 ss.

374 1452 443 1499 Ego
466 1452 541 1487 Otto
563 1452 642 1486 diac.
666 1452 750 1487 card.
774 1452 819 1486 tit.
839 1451 873 1486 S.
897 1450 1025 1496 Georgii
1039 1449 1076 1484 ad

325 1501 440 1537 Velum
468 1502 544 1536 Aur.
560 1515 603 1536 ss.

375 1551 444 1598 Ego
472 1551 612 1586 vassallo
634 1550 714 1585 diac.
743 1550 826 1585 card.
855 1549 888 1583 S.
916 1547 1077 1583 Eustachii

327 1601 409 1635 iuxta
439 1602 589 1646 templum
618 1600 776 1648 Agrippae
803 1599 986 1644 subscripsi.

376 1649 444 1695 Ego
471 1649 613 1684 Ubaldus
635 1649 714 1684 diac.
744 1649 827 1684 card
851 1648 885 1682 S.
908 1648 1025 1682 Mariae
1048 1647 1078 1680 in

327 1698 383 1733 Vi»
404 1699 479 1734 Lata
502 1712 543 1734 ss.

379 1748 456 1783 Data
489 1747 633 1783 Lateran.
670 1760 725 1795 per
758 1759 886 1782 manum
921 1745 1078 1794 Aymerici

329 1798 408 1832 diac.
434 1798 518 1832 card.
544 1807 575 1832 et
599 1798 789 1842 cancellarii,
817 1810 833 1830 x
863 1796 965 1830 kalen.
990 1795 1079 1838 iunii,

330 1847 439 1882 indict.
468 1859 506 1890 ιι,
544 1847 768 1881 incarnationis
804 1847 887 1880 doni.
919 1857 1079 1888 mcxxxix,

331 1896 441 1944 pontif.
457 1909 529 1931 vero
546 1895 584 1932 D.
600 1896 775 1931 Innocentii
790 1896 895 1942 Papae
911 1895 934 1928 ll
953 1906 1033 1927 ,ιιιιιο
1049 1906 1078 1927 x.

403 1953 464 1984 Dat.
481 1954 528 1984 die
549 1954 587 1984 23
607 1954 675 1983 maii
694 1963 770 1983 anno
790 1953 904 1983 Domini
926 1951 1008 1988 1139,

589 1998 692 2038 pontif.
711 2007 786 2028 anno
803 2006 829 2027 x.

975 1351 1076 1397 Sergii

665 2143 750 2178 LXI.

333 2220 447 2264 Καρίας
474 2221 600 2259 titulus,
635 2215 772 2263 Royerae‘o
800 2220 929 2254 Siciliae
954 2221 1020 2263 reqi
1045 2220 1083 2253 ab

382 2270 524 2303 Honorio
552 2270 620 2302 ΡΙ).
652 2270 688 2302 II
713 2281 885 2308 concessus,
915 2278 940 2301 ct
969 2270 1086 2302 ιἰιιιε5ῐί-

384 2326 455 2352 tura
466 2319 553 2363 regini
565 2319 689 2359 Siciliae
701 2320 797 2351 cidem
815 2322 1015 2364 confirmatur
1029 2322 1083 2361 ri).

602 2390 817 2421 sunitam‘cit

336 2451 504 2482 Exordium.
525 2469 564 2474 —
580 2452 720 2482 Maiorum
741 2451 857 2490 angerii
876 2453 954 2490 regis
982 2452 1086 2482 bellica

377 2496 440 2525 laus
462 2500 490 2525 et
507 2497 609 2526 merita
634 2497 661 2525 in
686 2497 876 2526 christianam
903 2497 1086 2534 religionem

375 2556 416 2562 ——
446 2539 590 2569 Honorius
622 2539 674 2569 I‘P.
695 2540 864 2579 [tegorium
892 2542 974 2578 regio
1001 2540 1086 2570 titulo

373 2592 412 2629 (ί)
429 2591 468 2618 Ex
486 2596 547 2619 tom.
566 2600 605 2619 xii
625 2591 722 2619 Concil.

915 215 1050 237 usuam
1059 215 1102 237 [Μ
1127 214 1216 238 ROMA
1222 215 1287 238 NCM

1157 269 1278 298 ornavit.
1309 285 1349 291 -
1375 267 1564 298 Innocentius
1588 268 1729 298 'eumdem
1749 268 1867 298 titulum

1157 322 1224 342 cuin
1258 322 1346 351 regno
1385 312 1521 348 Siciliae,
1553 312 1660 342 ducatu
1689 312 1811 351 Apuliae
1840 316 1869 341 et

1157 357 1323 396 principatu
1342 356 1480 395 capuano
1508 356 1552 386 illi
1580 357 1736 386 confirmat
1753 360 1782 386 et
1801 365 1868 386 suc-

1156 401 1326 431 cessoribus
1351 400 1541 430 haeredibus.
1558 417 1597 422 —
1610 399 1720 429 Omnes
1737 409 1788 439 pro
1807 400 1866 430 illis

1157 446 1325 483 homagium
1346 444 1414 475 Setli
1433 444 1620 484 Apostolicae
1643 449 1793 483 praestare
1821 448 1854 474 te-

1155 494 1281 525 nentur,
1313 493 1341 518 et.
1371 497 1502 517 annuum
1537 498 1661 518 censum
1692 488 1750 518 600
1784 488 1867 518 schi-

1156 532 1280 562 satorum
1304 532 1426 561 solvere.
1452 548 1492 554 —
1513 532 1682 562 Adhortatio
1704 532 1740 561 ad
1769 531 1867 569 Roge-

1157 577 1244 605 rium.
1276 593 1316 599 —
1351 575 1540 606 Confirmatio
1576 577 1740 615 praesenfis
1768 576 1867 615 diplo-

1156 621 1252 650 matis.
1274 637 1314 642 —
1330 619 1493 649 Innocentii
1512 619 1565 648 I'P.
1587 620 1777 659 subscriptio.

1115 693 1264 724 Innocentius
1293 695 1413 733 episcopus
1434 703 1512 724 servus
1533 703 1650 724 servorum
1670 693 1728 732 Dei,
1751 695 1869 725 carissimo

1156 740 1178 768 in
1194 739 1283 768 Chnsto
1303 739 1350 768 lilio
1373 739 1484 777 Rogerio,
1504 739 1589 768 i.lustri
1612 743 1634 768 et
1658 739 1760 777 glorioso
1778 739 1870 770 Siciliae

1155 783 1216 822 regi,
1239 785 1334 822 eiusque
1351 783 1499 822 haeredibus,
1523 784 1546 813 in
1567 787 1714 822 perpetuum.

1166 853 1254 896 Quos
1281 853 1475 901 dispensatio
1494 853 1593 888 divini
1624 855 1747 889 consilii
1770 854 1808 889 ad
1825 867 1870 890 rc-

1117 903 1223 950 gimcn
1251 911 1281 938 et
1307 905 1439 938 salutem
1473 904 1579 950 populi
1607 904 1646 938 ab
1673 904 1735 939 alto
1763 904 1868 950 elegit,

1118 962 1147 987 et
1171 953 1336 999 prudentia
1364 961 1394 987 et
1422 954 1552 997 iustitia,
1588 952 1783 1001 aliarumque
1806 955 1869 988 vir-

1119 1011 1218 1036 tutum
1242 1003 1355 1036 decore
1371 1001 1519 1037 decenter
1540 1005 1672 1045 ornavit,
1693 1003 1825 1050 (liguum
1839 1011 1870 1038 et

1120 1051 1303 1086 rationabile
1321 1059 1380 1092 est,
1413 1059 1447 1085 ut
1468 1063 1583 1098 sponsa
1605 1050 1736 1096 Christi,
1762 1060 1869 1087 sancta

1119 1110 1148 1134 et
1167 1101 1347 1146 Apostolica
1369 1100 1512 1135 Romana
1534 1109 1632 1135 mater
1651 1100 1806 1144 Ecclesia,
1827 1101 1870 1136 af-

1121 1151 1254 1184 fectione
1275 1150 1395 1184 sincera
1423 1149 1542 1196 diligat,
1561 1159 1590 1185 et
1618 1150 1657 1184 (le
1678 1150 1869 1186 sublimibus

1119 1199 1157 1234 ad
1185 1199 1368 1234 sublimiora
1397 1208 1589 1246 promoveat.
1621 1199 1796 1234 Manifestis
1823 1200 1869 1234 si-

1119 1249 1247 1295 quidem
1280 1248 1446 1295 probatum
1477 1257 1524 1283 est
1550 1249 1757 1295 argumentis,
1784 1249 1868 1296 quod

1120 1299 1265 1344 egregiae
1305 1298 1474 1332 memoriae
1516 1308 1664 1334 strenuus
1701 1306 1732 1333 et
1770 1299 1870 1333 lidelis

1122 1348 1211 1381 miles
1244 1347 1322 1381 beati
1350 1346 1435 1381 Petri
1464 1347 1624 1385 Robertus
1653 1347 1870 1403 Guiscardus,

1122 1397 1345 1444 praedecessor
1372 1404 1455 1435 tuus,
1477 1397 1538 1431 dux
1562 1397 1706 1443 Apuliae,
1741 1397 1870 1443 magni-

1122 1448 1197 1480 licos
1219 1454 1249 1480 ct
1271 1453 1414 1500 potentes
1435 1445 1542 1480 hostes
1563 1445 1726 1481 Ecclesiae
1742 1447 1871 1486 viriliter

1121 1496 1329 1543 ‹xpugnaxit,
1363 1503 1394 1529 et
1426 1496 1598 1542 posteritati
1633 1507 1707 1530 suae
1738 1495 1869 1542 dignum

1122 1557 1272 1579 memoria
1301 1556 1437 1584 nornen,

1121 1594 1300 1641 exemplum
1337 1593 1469 1640 reliquit.
1508 1593 1602 1628 Pater
1632 1606 1757 1641 quoque
1797 1602 1870 1629 tuus

1122 1644 1251 1678 illustris
1279 1643 1502 1677 recordatiouis
1527 1643 1684 1689 Rogerius
1707 1655 1761 1690 per
1779 1643 1871 1678 belli-

1122 1705 1175 1727 cos
1197 1692 1330 1727 sudores
1362 1700 1392 1726 et
1419 1693 1561 1726 militaria
1593 1693 1779 1734 certamina,
1808 1693 1871 1727 ini-

1124 1744 1276 1776 micorum
1321 1741 1480 1776 christiani
1523 1742 1660 1776 nominis
1694 1742 1870 1789 intrepidus

1123 1793 1304 1838 extirpator,
1318 1799 1347 1825 et
1362 1791 1550 1826 christianae
1564 1791 1725 1837 religionis
1736 1791 1871 1838 diligens

1124 1854 1241 1888 propag
1238 1849 1322 1884 itor,
1355 1848 1462 1887 utpote
1489 1840 1591 1874 honus
1617 1848 1647 1874 et
1673 1841 1805 1876 devotus
1832 1841 1871 1875 li-

1124 1892 1195 1929 lius,
1224 1890 1408 1924 multimoda
1428 1890 1579 1936 obsequia
1603 1890 1692 1924 matri
1714 1901 1788 1924 suae
1803 1902 1872 1924 san-

1123 1948 1190 1974 ctae
1209 1939 1369 1973 Romanae
1391 1934 1551 1973 Ecclesiae
1573 1939 1750 1986 impertivit.
1778 1939 1871 1974 Unde

1071 2013 1074 2016 Δ
1123 1997 1153 2023 el
1174 1989 1398 2036 ΡΓῖἱθιΙθΕθΒὲΟἰ
1422 1997 1528 2023 noster
1556 1988 1720 2034 religiosus
1745 1996 1776 2023 et
1802 2001 1873 2036 pru·

1124 2039 1202 2073 deus
1234 2038 1319 2084 Papa
1350 2037 1529 2077 Honorius,
1565 2037 1759 2072 nobilitatem
1787 2047 1870 2072 tuam

1124 2087 1164 2122 (le
1198 2087 1353 2134 praedicta
1388 2087 1597 2133 generositate
1628 2087 1872 2122 descendentem

1126 2137 1268 2178 intuitus,
1289 2136 1456 2182 plurimum
1479 2136 1518 2170 ‹le
1540 2144 1569 2170 te
1584 2148 1726 2182 speranS,
1752 2145 1783 2171 et
1797 2149 1874 2184 pru-

1125 2187 1229 2220 dentia
1259 2194 1415 2226 ornatum,
1439 2186 1556 2220 iustitia
1588 2186 1758 2227 munitum,
1781 2195 1874 2233 atque

1125 2235 1162 2270 acl
1188 2235 1325 2281 regimen
1350 2235 1455 2282 populi
1483 2243 1512 2269 te
1534 2234 1682 2270 idoneum
1706 2247 1774 2270 esse
1805 2247 1875 2270 cre-

1127 2287 1216 2328 dens,
1239 2284 1328 2319 valde
1348 2285 1467 2324 dilexit,
1489 2291 1520 2318 et
1534 2284 1570 2318 ad
1591 2282 1704 2319 altiora
1721 2285 1872 2332 provexit.

1127 2334 1192 2368 Nos
1218 2346 1310 2380 ergO,
1345 2335 1415 2368 eius
1438 2333 1575 2379 vestigiis
1601 2333 1811 2378 inhaerentes,
1844 2341 1875 2368 et

1127 2384 1166 2417 de
1190 2383 1328 2430 potentia
1350 2391 1402 2417 tua
1418 2383 1456 2417 ad
1479 2384 1624 2417 decorem
1653 2391 1683 2417 et
1710 2383 1873 2417 utilitatem

1128 2444 1253 2467 sanctae
1280 2432 1336 2466 Dei
1364 2431 1524 2467 Ecclesiae
1557 2444 1645 2479 spem
1672 2440 1764 2479 atque
1791 2431 1873 2466 fidu-

1128 2483 1207 2516 ciam
1232 2481 1420 2516 obtinentes.
1456 2493 1588 2527 reguum
1612 2480 1756 2525 Siciliae,
1789 2481 1873 2527 quod

1129 2532 1249 2577 utique,
1273 2539 1365 2578 prout
1384 2531 1414 2564 in
1430 2531 1566 2576 antiquis
1581 2527 1711 2565 lesertur
1726 2507 1873 2568 historiis,

1129 2592 1182 2626 reg
1187 2592 1259 2614 num
1287 2579 1381 2614 fuisse
1404 2591 1466 2613 non
1494 2579 1627 2614 dubium
1670 2587 1716 2614 est
1751 2578 1806 2613 tibi
1835 2579 1874 2614 ab

1882 214 1933 242 An.
1946 213 1976 240 C.
1997 212 2063 240 ¹¹39

1914 875 2033 900 Exordium.

1897 1272 1998 1295 maiorum
2023 1272 2068 1294 no-

1884 1305 1937 1331 gei-ii
1951 1305 2009 1330 regis·
2019 1303 2068 1325 bel-

1884 1336 1925 1357 lica
1939 1335 1985 1356 lans
1994 1337 2016 1356 et
2026 1340 2068 1356 me-

1884 1367 1925 1388 rita
1939 1367 1960 1387 in
1971 1366 2068 1387 christia-

1902 1403 1950 1418 nam
1961 1396 2049 1422 reiigio-

1945 1432 2001 1448 nem.

1471 1553 1501 1578 et
1528 1544 1677 1579 imitabile
1706 1545 1870 1591 probitatis
1900 1581 1902 1584 ,

1899 2006 2004 2028 nonanus
2026 2005 2066 2027 Pe.

1887 2037 1928 2064 Βοὲς
1931 2039 1996 2060 etium
2006 2043 2043 2063 reg
2046 2039 2066 2059 io

1887 2069 1947 2090 tituto
1962 2069 2052 2090 ornavit.

1910 2358 2050 2380 innocentius

1897 2386 1993 2406 eumdem
2011 2385 2062 2405 titu-

1889 2413 1908 2432 Ιιι
1898 2418 1930 2432 nm
1946 2417 1992 2432 cum
2005 2415 2070 2436 regno

1889 2437 1921 2458 Sit
1918 2438 1982 2462 -ὶΙίτιε,
1995 2438 2047 2458 duca
2050 2440 2071 2457 tu

1915 2465 2012 2490 Apuliae
2024 2467 2044 2484 et

1889 2491 1983 2517 principa
1974 2479 2012 2510 Ἰίιι
2030 2489 2057 2509 Cn
2059 2500 2072 2504 —

1889 2523 1928 2543 pun
1932 2522 1958 2537 no
1973 2517 2003 2537 itti
2019 2521 2072 2536 con—

1889 2545 1946 2563 tirmn
1950 2546 1970 2565 ιι
1986 2545 2007 2563 et
2026 2547 2073 2563 suc-

1890 2575 1938 2590 ces<
1929 2569 2072 2590 snribushae-

1889 2586 1982 2618 renibus.
