2180 3205
24 205 73 232 Au.
95 205 125 232 C.
140 206 207 233 ¹07ss

22 2227 62 2250 Dei
73 2229 207 2255 providentia

22 2254 133 2276 Ecclesiae
154 2261 207 2276 suae

31 2287 115 2308 semper
137 2287 198 2309 prae-

23 2313 78 2329 sens.

827 206 852 229 S.
876 205 1061 229 GREGORtt's
1088 207 1135 229 vn
1163 207 1214 230 1¹1².

233 265 268 292 ut
299 257 440 293 Ecclesia
474 257 532 293 Dei
556 258 594 293 ad
625 259 842 294 confusionem
867 260 984 300 veniat,

233 307 423 342 consentire.
459 307 508 342 Ad
531 308 590 342 hoc
612 309 696 342 enim
729 321 785 343 nos
807 309 984 353 ordinatos,

233 365 263 390 et
290 356 320 390 in
355 356 536 403 Apostolica
575 357 659 391 Sede
692 358 882 392 constitutos
916 370 984 393 esse

233 405 473 452 cognoscimus,
507 414 539 440 ut
571 406 601 440 in
630 406 687 441 hac
709 407 781 450 vita,
817 419 880 441 non
903 419 983 454 quae

233 462 350 495 nostra,
373 454 427 489 sed
451 467 532 502 quac
554 454 623 490 lesu
640 454 757 489 Christi
775 464 862 500 sunt,
885 468 984 503 quae-

206 546 208 548 Υ
233 515 349 544 ramus,
378 511 407 538 ct
430 516 485 551 per
506 504 622 538 multos
644 504 766 539 labores
788 504 915 540 Patrum
933 518 983 540 sc-

232 560 365 599 quentes
387 553 528 599 vestigia,
550 552 587 586 ad
616 552 749 587 suturam
773 562 802 588 et
823 562 981 589 aeternam

231 602 381 647 quietem,
404 601 472 637 Deo
495 603 674 642 miserante,
702 602 880 637 tendamus.
910 603 980 637 Dat

231 650 419 696 Carpinetac
441 663 465 686 ιι
489 651 547 685 kal.
576 651 669 695 iunii,
698 651 871 686 indictione
894 652 982 687 deci—

231 708 407 747 maquarta.

303 756 364 786 Dat.
384 757 430 787 die
449 757 481 786 3¹
506 757 573 786 maii
597 766 672 786 anno
692 757 806 788 Domini
828 758 912 795 1070,

479 796 581 835 pontis.
607 805 682 826 anno
706 805 742 826 iv.

540 943 669 978 xxvll.

230 1020 418 1053 Adhormuh
444 1021 486 1053 ad
507 1022 663 1054 uniuersos
685 1028 747 1054 tam
769 1022 981 1055 ecclesiasticos

278 1081 372 1113 quam
405 1070 574 1102 saeculares
615 1071 647 1102 ιἰι
688 1081 816 1103 romano
853 1072 980 1114 imperio

279 1116 467 1154 constitutos,
485 1126 518 1151 ut
532 1119 757 1162 imperatorem.
775 1120 898 1163 eiusque
914 1131 983 1152 con·

279 1167 416 1200 siliarios
451 1168 492 1199 ad
523 1168 763 1211 resipiscentiam
810 1169 981 1207 inducant,

280 1217 363 1259 quod
381 1217 409 1248 si
428 1217 517 1249 aliter
538 1217 646 1256 nolint,
669 1229 735 1249 cum
757 1218 798 1250 eis
820 1230 881 1250 uon
899 1229 981 1250 coiu-

280 1265 432 1298 municent
460 1268 515 1308 (l).

497 1342 711 1372 SUMMARIUM

230 1404 282 1435 Dei
300 1405 481 1445 providentia
499 1406 649 1437 Ecclesiae
672 1417 744 1437 suae
763 1417 879 1447 semper
897 1418 982 1447 prae-

270 1454 347 1475 sens.
368 1462 408 1468 —
437 1445 530 1480 Quam
561 1447 761 1485 perniciosum
795 1448 833 1477 sit
864 1453 978 1478 terrena

268 1485 448 1514 caelestibus
482 1494 688 1525 praeponere,
715 1487 878 1532 principum
915 1497 980 1526 gra-

268 1525 326 1554 tiae
343 1525 452 1563 potius,
469 1534 556 1563 quam
575 1525 626 1554 Dei
646 1526 749 1555 honori
769 1528 920 1556 inservire.
941 1544 982 1551 --

268 1563 376 1593 Damna
389 1573 440 1602 per
455 1564 612 1594 Henricum
622 1574 720 1602 regem
730 1565 879 1596 Ecclesiae
889 1567 978 1597 illata.

266 1619 307 1625 ——
326 1602 418 1638 Quam
437 1604 551 1634 solicite
568 1613 635 1634 eum
658 1605 799 1635 reducere
818 1607 852 1635 ad
873 1606 978 1636 bonam

268 1641 384 1681 frugem
401 1644 548 1673 curaverit
565 1643 734 1682 Gregorius.
751 1662 790 1667 —
808 1646 979 1676 Adhortatio

268 1682 304 1711 ad
323 1691 436 1719 omnes,
462 1688 494 1712 ut
521 1692 587 1713 eum
612 1684 647 1713 ad
671 1685 936 1724 resipiscendum*
930 1696 978 1715 ιιι-

268 1722 386 1751 ducant.
402 1739 442 1744 —
458 1721 588 1760 Benigne
608 1724 788 1762 excipiendi,
807 1725 857 1763 qui
876 1726 978 1755 relicto

268 1770 338 1800 rege
365 1762 401 1791 ad
424 1763 568 1800 gremium
598 1762 747 1793 Ecclesiae
782 1770 978 1795 rexer.tuntur

267 1784 446 1831 —³tiautem
459 1802 577 1839 litandi,
591 1803 666 1841 quia
678 1804 885 1834 communione
900 1814 949 1843 ree³
941 1806 978 1834 is

269 1849 301 1870 se
318 1850 377 1870 non
392 1825 600 1871 subtraxerint.
617 1858 658 1865 —
671 1842 754 1878 Quod
773 1844 811 1872 sit
829 1849 978 1883 pastorum

268 1880 407 1910 officium.

228 1941 353 1979 Gregorius
368 1942 489 1981 episcopus
509 1951 588 1972 servus
608 1952 725 1973 serrorum
755 1943 806 1981 Dei,
829 1945 935 1975 omnibus
957 1946 979 1975 in

267 1986 357 2016 Christo
371 1985 486 2025 iratribus,
510 1988 622 2026 episcopis
639 1988 756 2026 videlicet,
775 1988 896 2019 abbatibus
911 1994 978 2029 atque

267 2030 433 2068 sacerdotibus,
460 2030 558 2061 (lucilius
580 2032 658 2069 etiam,
681 2032 823 2071 principibus
843 2037 912 2071 atque
936 2035 979 2064 nii·

267 2073 356 2113 litibus,
376 2074 527 2113 omnibusque
545 2074 692 2104 christianam
710 2074 793 2114 fidem,
808 2080 829 2105 et
841 2076 903 2106 beati
917 2077 979 2108 Petri

268 2118 379 2149 honorem
400 2128 479 2148 revera
497 2119 659 2157 diligentibus,
679 2120 701 2148 in
717 2119 978 2159 Romanumlmperium

268 2162 434 2201 habitantibus,
452 2163 550 2193 salutem
568 2167 590 2192 et
605 2163 755 2202 apostolicam
781 2163 977 2196 benedictionem.

276 2224 401 2260 Gratias
422 2225 546 2272 agimus
568 2225 777 2272 omnipotenti
812 2224 891 2269 Deo,
925 2226 978 2272 qui

229 2283 360 2322 propter
381 2274 510 2309 nimiam
532 2274 714 2309 charitatem
737 2286 839 2318 suam,
861 2287 922 2322 qua
938 2275 978 2308 di-

228 2322 305 2359 lexit
326 2336 401 2364 nos,
425 2325 552 2370 proprio
574 2323 636 2358 filio
659 2336 716 2358 suo
731 2336 793 2358 non
811 2324 979 2370 perpercit,

229 2373 285 2407 sed
308 2385 365 2420 pro
387 2373 480 2408 nobis
501 2372 650 2407 omnibns
673 2372 800 2407 tradidit
818 2373 906 2407 illum
924 2376 978 2416 <a):

1685 198 1723 231 St

1026 260 1088 302 git,

1125 261 1295 306 gubernat
1322 269 1352 296 et
1375 261 1526 296 defendit.
1562 261 1657 297 Scitis
1680 262 1779 306 enim,
1799 268 1971 306 ,.,,;“’“”“,,”“Ἷ’“

1026 309 1136 343 fratres
1167 310 1359 354 charissimi,
1399 311 1471 357 quia
1507 311 1567 346 hoc
1601 311 1778 365 periculoso
1799 321 1871 363 „¹¹¹2
1875 321 1973 359 ,³“''‡.'s

1951 373 1973 386 ΓΔ

1027 366 1190 404 tempore,
1229 359 1356 406 quando
1390 360 1607 394 Antichristus
1642 373 1671 394 ιιι
1711 373 1776 395 suis
1799 372 1854 392 rw·
1860 373 1879 391 ψ

1811 395 1854 413 tia·
1887 399 1913 418 μυ
1902 396 1944 413 otiu

1027 407 1203 441 membris
1197 419 1256 441 iam
1275 417 1424 463 operatur
1442 409 1570 455 ubique,
1594 409 1643 443 vix
1663 409 1777 455 aliquis
1799 426 1811 445 ιι
1815 426 1854 439 ιιιιιι
1856 426 1861 439 ι
1885 420 1921 439 1»...
1946 400 1982 439 ιώ.

1024 455 1133 490 solet
1128 457 1269 496 iuv,cniri
1293 458 1346 503 qui
1371 470 1473 492 revera
1498 458 1600 493 Deum
1623 467 1653 492 et
1676 458 1778 492 hono-

1026 516 1089 538 rem
1113 505 1182 539 eins
1203 505 1328 551 diligat,
1364 515 1394 541 et
1421 507 1490 541 eius
1519 515 1682 554 praeopta
1706 520 1777 541 sae-

1024 553 1119 588 culari
1147 555 1333 598 commodo,
1368 563 1397 589 et
1424 556 1541 599 gratiae
1578 565 1775 591 terrenorum

1025 603 1201 649 principum
1229 612 1410 651 praeponat.
1433 604 1498 638 Sed
1521 604 1592 645 ille,
1625 606 1678 651 qui
1714 618 1776 640 noa

1024 652 1145 698 repellit
1173 652 1295 698 plebem
1330 665 1437 692 suam,
1473 662 1502 687 ct
1529 654 1670 700 quotidie
1700 667 1777 701 pec-

1024 710 1143 736 catores
1165 713 1181 735 a
1209 702 1335 736 sinistra
1358 702 1387 736 in
1411 702 1571 736 dexteram
1591 712 1775 746 commutat,

1024 762 1078 785 vos
1101 751 1236 797 propitio
1259 763 1294 785 ac
1321 763 1432 785 sereno
1456 752 1540 785 vultu
1569 752 1718 798 respexit,
1745 762 1777 787 et

1023 808 1131 834 contra
1152 812 1227 834 suos
1253 800 1398 835 inimicos
1426 799 1465 834 ad
1499 801 1632 834 salutem
1657 802 1776 835 multa-

1024 861 1092 882 rum
1128 849 1269 894 gentium
1311 849 1428 889 erexit·‚
1470 858 1502 883 ut
1543 850 1644 895 magis
1683 850 1773 885 vobis

1023 897 1115 932 libeat
1130 899 1161 932 in
1182 898 1322 945 periculo
1344 898 1540 933 transitoriae
1563 899 1642 933 vitae
1664 899 1772 934 consi-

1022 956 1114 991 stere,
1137 959 1231 994 quam
1254 948 1372 982 aeterni
1395 947 1492 993 Regis
1513 947 1644 993 gloriam
1667 958 1698 982 et
1718 949 1776 983 ho-

1023 1009 1131 1031 norem
1154 997 1310 1031 humanae
1328 997 1444 1043 gratiae
1462 1005 1664 1043 postponere.
1687 997 1773 1032 Haec

1023 1046 1124 1092 itaque
1152 1046 1318 1087 facientes,
1355 1058 1416 1080 non
1450 1057 1525 1080 aure
1557 1046 1653 1081 surda
1687 1059 1772 1093 apo-

1022 1096 1173 1129 stolorum
1210 1095 1385 1142 principem
1423 1095 1579 1129 dicentem
1614 1096 1771 1130 transitis:

1022 1143 1132 1178 Genus
1153 1145 1300 1184 electum,
1326 1144 1427 1190 regale
1454 1144 1677 1185 sacerdotium,
1700 1145 1774 1179 obe-

1023 1193 1088 1227 dire
1109 1193 1209 1239 magis
1229 1201 1354 1239 oportet
1385 1192 1468 1231 Deo,
1500 1205 1594 1239 quam
1626 1194 1773 1228 homini-

1023 1242 1081 1277 bus
1104 1246 1156 1285 (a).
1190 1241 1268 1276 Nam
1296 1251 1396 1276 vestra
1432 1241 1610 1276 fraternitas
1641 1243 1773 1278 minime

1024 1292 1159 1337 ignorat,
1180 1300 1298 1337 quanto
1320 1299 1461 1338 tempore
1494 1299 1599 1325 sancta
1628 1291 1772 1327 Ecclesia

1023 1340 1178 1374 inauditas
1200 1340 1365 1386 pravitates
1380 1349 1411 1374 et
1431 1339 1570 1374 diversas
1589 1340 1772 1387 iniquitates

1023 1389 1105 1435 regis
1138 1392 1179 1432 (et
1201 1389 1320 1422 utinam
1349 1389 1511 1423 christiani
1533 1397 1564 1423 et
1593 1390 1699 1435 vestri)
1721 1403 1772 1425 su-

1021 1438 1142 1477 stinuit,
1164 1445 1195 1472 et
1215 1446 1350 1484 quantae
1373 1438 1481 1472 ruinae
1503 1446 1700 1485 quantaeque
1721 1452 1771 1474 ca·

1022 1487 1148 1521 lamitati
1170 1487 1238 1534 ipso
1256 1487 1398 1531 authore,
1427 1487 1516 1521 hoste
1538 1487 1667 1534 antiquo
1684 1501 1772 1535 prae·

1021 1536 1164 1580 cedente,
1177 1536 1291 1583 patuit:
1306 1536 1355 1571 cui
1371 1548 1439 1577 nos,
1456 1535 1589 1571 fraterna
1604 1537 1772 1573 dilectione

1020 1594 1051 1620 et
1071 1597 1176 1620 amore
1200 1585 1294 1631 patris
1316 1595 1346 1620 et
1368 1585 1475 1620 matris
1495 1585 1563 1620 eius
1585 1585 1690 1627 ducti,
1712 1587 1770 1622 ad-

1021 1634 1082 1669 huc
1116 1636 1148 1669 in
1182 1634 1350 1670 diaconatu
1389 1634 1502 1681 positi,
1543 1634 1770 1671 admonitionis

1020 1684 1114 1719 verba
1136 1684 1377 1722 transmisimus
1399 1692 1429 1718 et
1452 1692 1616 1730 postquam
1636 1685 1673 1718 ad
1697 1685 1768 1719 offi-

1020 1733 1102 1768 cium
1124 1733 1308 1774 sacerdotii,
1343 1733 1414 1767 licet
1436 1733 1574 1779 indigni,
1607 1734 1770 1775 venimus,

1021 1791 1054 1816 ut
1075 1782 1270 1828 resipisceret
1300 1794 1499 1828 summopere
1530 1790 1559 1816 et
1588 1782 1771 1830 frequenter

1022 1844 1075 1878 per
1104 1844 1186 1866 v·nos
1213 1831 1375 1877 religiosos
1406 1831 1656 1885 procuraximus.
1696 1832 1768 1880 Ipse

1021 1893 1092 1915 vero
1118 1880 1196 1928 quid
1218 1889 1326 1915 contra
1349 1881 1460 1926 egerit,
1482 1888 1513 1915 ct
1534 1881 1694 1927 quomodo
1708 1894 1768 1916 ma-

1020 1929 1084 1964 lum
1121 1942 1177 1977 pro
1210 1930 1292 1964 bono
1325 1907 1515 1969 reddiderit,
1551 1930 1598 1964 rel
1632 1931 1769 1977 qualiter

1020 1979 1199 2013 calcaneum
1234 1991 1328 2013 suum
1352 1987 1459 2013 contra
1485 1978 1522 2012 B.
1550 1978 1678 2014 Petrum
1707 1981 1770 2014 eri-

1019 2028 1134 2075 gendo,
1167 2037 1307 2062 sanctam
1341 2027 1539 2069 Ecclesiam,
1574 2040 1668 2075 quam
1709 2029 1769 2063 sibi

1019 2078 1220 2124 omnipotens
1239 2077 1327 2111 Deus
1343 2077 1512 2117 commisit,
1534 2077 1678 2112 scindere
1695 2090 1768 2125 pro-

1020 2127 1189 2166 curaverit,
1224 2135 1324 2161 vestra
1356 2127 1440 2161 novit
1473 2125 1625 2167 charitas,
1653 2135 1683 2161 et
1716 2139 1770 2172 per

1020 2175 1124 2210 omnia
1146 2175 1254 2210 mundi
1278 2177 1338 2210 iam
1362 2175 1524 2222 personuit
1542 2175 1678 2210 climata.
1701 2175 1767 2210 Sed

1020 2225 1093 2270 quia
1115 2225 1212 2259 nostri
1230 2233 1278 2259 est
1295 2225 1405 2268 officii,
1427 2224 1589 2265 homines,
1612 2237 1674 2259 non
1696 2225 1768 2259 vitia

1020 2274 1167 2319 diligere,
1200 2281 1230 2308 et
1253 2273 1372 2320 pravis,
1408 2281 1441 2307 ut
1463 2273 1659 2319 resipiscant,
1687 2275 1767 2309 resi-

1020 2331 1117 2363 stere,
1139 2330 1168 2356 et
1183 2323 1370 2369 impietates,
1394 2334 1455 2357 non
1476 2322 1630 2360 homines,
1654 2322 1770 2358 abhor-

1021 2383 1100 2406 rere:
1135 2372 1317 2406 auctoritate
1340 2371 1419 2406 beati
1442 2371 1526 2405 Petri
1549 2372 1767 2418 apostolorum

230 2422 303 2469 quia
326 2424 405 2457 ultra
427 2423 585 2464 meritum,
608 2421 688 2456 ultra
704 2433 791 2468 spem
811 2422 903 2456 ctiam
924 2422 980 2457 bo-
998 2420 1174 2478 principis
1194 2433 1361 2455 monemus
1376 2433 1442 2464 vos,
1462 2428 1492 2455 et
1511 2427 1544 2454 ut
1561 2420 1768 2456 charissimos

229 2483 342 2506 norum
369 2471 532 2506 hominum
555 2470 729 2505 Ecclesiam
763 2483 797 2505 sz-
791 2483 851 2505 ..am
876 2480 981 2518 ¹nete·
998 2465 1130 2504 tratres
1153 2482 1314 2515 rogamus,
1349 2469 1419 2504 adar
1415 2469 1486 2503 odo
1513 2471 1649 2507 studete,

266 2542 306 2576 (1)
322 2543 360 2567 Ex
377 2541 487 2568 Archiv.
506 2542 562 2568 Ma
558 2549 589 2567 ϊ.
595 2549 651 2573 ,ex
667 2541 790 2573 Batonio,
807 2540 898 2568 Carasa
913 2546 981 2568 etex

230 2580 364 2608 Conciliis.
404 2582 535 2616 (11)Ro.r.r..
557 2582 583 2608 8.

348 2625 423 2656 Bau.
440 2625 517 2656 Rom.
540 2625 594 2656 l'ol.
616 2625 653 2655 II.
740 2626 747 2628 ’
775 2625 809 2654 ’11

1678 2470 1767 2505 illum

1022 2518 1103 2553 de
1104 2531 1191 2552 nanu
1227 2518 1342 2554 diaboli
1377 2530 1504 2560 eruere
1531 2526 1563 2553 et
1595 2520 1635 2553 ad
1663 2530 1768 2554 teram

1057 2585 1096 2620 (u)
1112 2585 1168 2611 Pet.
1193 2585 1216 2617 1,
1233 2585 1249 2611 ‘2

1799 453 1825 466 111)
1827 452 1843 466 ΙΙ
1873 452 1903 466 11Ι3
1895 452 1938 466 seit
1945 452 1981 466 ΙΓι)

1850 1268 1932 1289 Damna
1946 1273 1984 1294 per

1807 1303 1918 1324 Henricum
1943 1310 1975 1324 ro-

1800 1336 1844 1355 gem
1875 1329 1984 1351 Ecclesia·

1800 1357 1863 1377 illata.

1826 1594 1891 1618 Quam
1902 1595 1983 1616 solicite

1800 1627 1847 1641 eum
1881 1621 1984 1642 reducere

1799 1648 1825 1667 ad
1848 1648 1922 1668 bonam
1943 1648 1983 1668 fru-

1805 1680 1851 1699 gem
1871 1675 1977 1695 curaverit

1800 1701 1920 1726 Gru-gorius.

1819 2377 1943 2398 Adhortatio
1954 2378 1982 2398 ad

1798 2409 1869 2424 omues
1880 2420 1884 2426 .
1899 2407 1921 2424 ut
1936 2410 1983 2424 eum

1803 2430 1831 2451 ad
1859 2430 1986 2456 resipiscen-

1797 2457 1846 2478 dum
1859 2457 1968 2479 inducant.
