<?xml version="1.0" encoding="UTF-8"?>
<!DOCTYPE html PUBLIC "-//W3C//DTD XHTML 1.0 Transitional//EN"
    "http://www.w3.org/TR/xhtml1/DTD/xhtml1-transitional.dtd">
<html xmlns="http://www.w3.org/1999/xhtml" xml:lang="en" lang="en">
 <head>
  <title>
</title>
<meta http-equiv="Content-Type" content="text/html;charset=utf-8" />
  <meta name='ocr-system' content='tesseract 3.04.00' />
  <meta name='ocr-capabilities' content='ocr_page ocr_carea ocr_par ocr_line ocrx_word'/>
</head>
<body>
  <div class='ocr_page' id='page_1' title='image "./bullarumdiplomat02cath_0098.png"; bbox 0 0 2180 3205; ppageno 0'>
   <div class='ocr_carea' id='block_1_1' title="bbox 183 242 367 270">
    <p class='ocr_par' dir='ltr' id='par_1_1' title="bbox 183 242 367 270">
     <span class='ocr_line' id='line_1_1' title="bbox 183 242 367 270; baseline 0 0"><span class='ocrx_word' id='word_1_1' title='bbox 183 244 232 270; x_wconf 84' lang='lat' dir='ltr'>An.</span> <span class='ocrx_word' id='word_1_2' title='bbox 254 242 282 269; x_wconf 74' lang='lat' dir='ltr'>tl.</span> <span class='ocrx_word' id='word_1_3' title='bbox 299 243 367 270; x_wconf 71' lang='lat'>1076</span> 
     </span>
    </p>
   </div>
   <div class='ocr_carea' id='block_1_2' title="bbox 400 296 1149 610">
    <p class='ocr_par' dir='ltr' id='par_1_2' title="bbox 714 296 831 332">
     <span class='ocr_line' id='line_1_2' title="bbox 714 296 831 332; baseline -0.017 0"><span class='ocrx_word' id='word_1_4' title='bbox 714 296 831 332; x_wconf 75' lang='lat' dir='ltr'>XXVI.</span> 
     </span>
    </p>

    <p class='ocr_par' dir='ltr' id='par_1_3' title="bbox 400 369 1149 610">
     <span class='ocr_line' id='line_1_3' title="bbox 400 369 1146 403; baseline -0.001 0"><span class='ocrx_word' id='word_1_5' title='bbox 400 370 603 403; x_wconf 70' lang='lat' dir='ltr'><em>Commissum</em></span> <span class='ocrx_word' id='word_1_6' title='bbox 646 371 753 402; x_wconf 77' lang='lat' dir='ltr'>dacum</span> <span class='ocrx_word' id='word_1_7' title='bbox 787 370 948 402; x_wconf 72' lang='lat' dir='ltr'>Bernarda</span> <span class='ocrx_word' id='word_1_8' title='bbox 986 369 1019 402; x_wconf 84' lang='lat' dir='ltr'>S.</span> <span class='ocrx_word' id='word_1_9' title='bbox 1046 371 1082 402; x_wconf 80' lang='lat' dir='ltr'>R.</span> <span class='ocrx_word' id='word_1_10' title='bbox 1106 370 1146 402; x_wconf 91' lang='lat' dir='ltr'>E.</span> 
     </span>
     <span class='ocr_line' id='line_1_4' title="bbox 445 419 1147 461; baseline -0.001 -9"><span class='ocrx_word' id='word_1_11' title='bbox 445 421 576 452; x_wconf 74' lang='lat' dir='ltr'>diacono</span> <span class='ocrx_word' id='word_1_12' title='bbox 592 426 617 451; x_wconf 80' lang='lat' dir='ltr'>et</span> <span class='ocrx_word' id='word_1_13' title='bbox 637 419 798 451; x_wconf 74' lang='lat' dir='ltr'>Bernartlo</span> <span class='ocrx_word' id='word_1_14' title='bbox 820 419 926 451; x_wconf 74' lang='lat' dir='ltr'>abbati</span> <span class='ocrx_word' id='word_1_15' title='bbox 947 419 1147 461; x_wconf 75' lang='lat' dir='ltr'>Massiliensi,</span> 
     </span>
     <span class='ocr_line' id='line_1_5' title="bbox 444 467 1149 501; baseline -0.001 0"><span class='ocrx_word' id='word_1_16' title='bbox 444 476 477 501; x_wconf 80' lang='lat' dir='ltr'>ut</span> <span class='ocrx_word' id='word_1_17' title='bbox 495 469 650 501; x_wconf 80' lang='lat' dir='ltr'>obtineant</span> <span class='ocrx_word' id='word_1_18' title='bbox 681 475 778 500; x_wconf 79' lang='lat' dir='ltr'>tutum</span> <span class='ocrx_word' id='word_1_19' title='bbox 801 468 858 500; x_wconf 81' lang='lat' dir='ltr'>iter</span> <span class='ocrx_word' id='word_1_20' title='bbox 878 468 938 500; x_wconf 79' lang='lat' dir='ltr'>sibi</span> <span class='ocrx_word' id='word_1_21' title='bbox 958 469 991 500; x_wconf 76' lang='lat' dir='ltr'>in</span> <span class='ocrx_word' id='word_1_22' title='bbox 1017 467 1149 500; x_wconf 83' lang='lat' dir='ltr'>Germa-</span> 
     </span>
     <span class='ocr_line' id='line_1_6' title="bbox 443 517 1148 561; baseline 0 -12"><span class='ocrx_word' id='word_1_23' title='bbox 443 519 529 550; x_wconf 75' lang='lat' dir='ltr'>niam</span> <span class='ocrx_word' id='word_1_24' title='bbox 556 517 601 549; x_wconf 75' lang='lat' dir='ltr'>ire</span> <span class='ocrx_word' id='word_1_25' title='bbox 632 517 757 554; x_wconf 75' lang='lat' dir='ltr'>volenti,</span> <span class='ocrx_word' id='word_1_26' title='bbox 779 518 822 550; x_wconf 84' lang='lat' dir='ltr'>ad</span> <span class='ocrx_word' id='word_1_27' title='bbox 841 528 946 561; x_wconf 81' lang='lat' dir='ltr'><strong><em>pacem</em></strong></span> <span class='ocrx_word' id='word_1_28' title='bbox 967 528 1148 560; x_wconf 79' lang='lat' dir='ltr'>componen-</span> 
     </span>
     <span class='ocr_line' id='line_1_7' title="bbox 443 566 1148 610; baseline 0 -12"><span class='ocrx_word' id='word_1_29' title='bbox 443 567 532 605; x_wconf 74' lang='lat' dir='ltr'>darw,</span> <span class='ocrx_word' id='word_1_30' title='bbox 554 566 760 610; x_wconf 75' lang='lat' dir='ltr'>praecipitque</span> <span class='ocrx_word' id='word_1_31' title='bbox 781 577 842 599; x_wconf 80' lang='lat' dir='ltr'>non</span> <span class='ocrx_word' id='word_1_32' title='bbox 860 567 1148 599; x_wconf 79' lang='lat' dir='ltr'>communicandum</span> 
     </span>
    </p>
   </div>
   <div class='ocr_carea' id='block_1_3' title="bbox 443 615 1148 707">
    <p class='ocr_par' dir='ltr' id='par_1_4' title="bbox 443 615 1148 707">
     <span class='ocr_line' id='line_1_8' title="bbox 443 615 1148 660; baseline 0.001 -13"><span class='ocrx_word' id='word_1_33' title='bbox 443 626 511 647; x_wconf 78' lang='lat' dir='ltr'>cum</span> <span class='ocrx_word' id='word_1_34' title='bbox 534 626 566 647; x_wconf 80' lang='lat' dir='ltr'>eo</span> <span class='ocrx_word' id='word_1_35' title='bbox 589 626 674 659; x_wconf 71' lang='lat' dir='ltr'>reye,</span> <span class='ocrx_word' id='word_1_36' title='bbox 701 616 755 660; x_wconf 77' lang='lat' dir='ltr'>qui</span> <span class='ocrx_word' id='word_1_37' title='bbox 788 616 962 660; x_wconf 77' lang='lat' dir='ltr'>apostolicis</span> <span class='ocrx_word' id='word_1_38' title='bbox 992 615 1148 648; x_wconf 80' lang='lat' dir='ltr'>mandatis</span> 
     </span>
     <span class='ocr_line' id='line_1_9' title="bbox 443 665 751 707; baseline 0.003 -11"><span class='ocrx_word' id='word_1_39' title='bbox 443 675 505 697; x_wconf 79' lang='lat' dir='ltr'>non</span> <span class='ocrx_word' id='word_1_40' title='bbox 527 665 672 698; x_wconf 80' lang='lat' dir='ltr'>obedierit</span> <span class='ocrx_word' id='word_1_41' title='bbox 695 667 751 707; x_wconf 81' lang='lat'>(1).</span> 
     </span>
    </p>
   </div>
   <div class='ocr_carea' id='block_1_4' title="bbox 662 732 876 763">
    <p class='ocr_par' dir='ltr' id='par_1_5' title="bbox 662 732 876 763">
     <span class='ocr_line' id='line_1_10' title="bbox 662 732 876 763; baseline -0.005 0"><span class='ocrx_word' id='word_1_42' title='bbox 662 732 876 763; x_wconf 77' lang='lat' dir='ltr'>SUMMARIUM</span> 
     </span>
    </p>
   </div>
   <div class='ocr_carea' id='block_1_5' title="bbox 393 793 1150 1108">
    <p class='ocr_par' dir='ltr' id='par_1_6' title="bbox 393 793 1150 1108">
     <span class='ocr_line' id='line_1_11' title="bbox 393 793 1150 833; baseline -0.001 -9"><span class='ocrx_word' id='word_1_43' title='bbox 393 793 569 824; x_wconf 80' lang='lat' dir='ltr'>Commissio</span> <span class='ocrx_word' id='word_1_44' title='bbox 592 794 708 824; x_wconf 81' lang='lat' dir='ltr'>duobus</span> <span class='ocrx_word' id='word_1_45' title='bbox 733 795 885 824; x_wconf 85' lang='lat' dir='ltr'>monachis</span> <span class='ocrx_word' id='word_1_46' title='bbox 916 795 978 824; x_wconf 83' lang='lat' dir='ltr'>data</span> <span class='ocrx_word' id='word_1_47' title='bbox 1003 803 1054 833; x_wconf 89' lang='lat' dir='ltr'>pro</span> <span class='ocrx_word' id='word_1_48' title='bbox 1072 794 1150 824; x_wconf 80' lang='lat' dir='ltr'>obti-</span> 
     </span>
     <span class='ocr_line' id='line_1_12' title="bbox 433 834 1147 864; baseline 0 -1"><span class='ocrx_word' id='word_1_49' title='bbox 433 835 528 864; x_wconf 91' lang='lat' dir='ltr'>nenda</span> <span class='ocrx_word' id='word_1_50' title='bbox 561 835 720 863; x_wconf 84' lang='lat' dir='ltr'>securitate</span> <span class='ocrx_word' id='word_1_51' title='bbox 753 835 868 864; x_wconf 84' lang='lat' dir='ltr'>itineris</span> <span class='ocrx_word' id='word_1_52' title='bbox 897 835 926 863; x_wconf 90' lang='lat' dir='ltr'>in</span> <span class='ocrx_word' id='word_1_53' title='bbox 949 834 1147 864; x_wconf 78' lang='lat' dir='ltr'>Germaniam.</span> 
     </span>
     <span class='ocr_line' id='line_1_13' title="bbox 430 873 1149 911; baseline -0.001 -8"><span class='ocrx_word' id='word_1_54' title='bbox 430 891 470 896; x_wconf 98' lang='lat'><strong>—</strong></span> <span class='ocrx_word' id='word_1_55' title='bbox 490 874 582 904; x_wconf 84' lang='lat' dir='ltr'>Causa</span> <span class='ocrx_word' id='word_1_56' title='bbox 609 874 780 903; x_wconf 86' lang='lat' dir='ltr'>huiusmodi</span> <span class='ocrx_word' id='word_1_57' title='bbox 804 874 930 903; x_wconf 85' lang='lat' dir='ltr'>itineris.</span> <span class='ocrx_word' id='word_1_58' title='bbox 949 890 989 896; x_wconf 93' lang='lat'>—-</span> <span class='ocrx_word' id='word_1_59' title='bbox 1011 873 1050 902; x_wconf 88' lang='lat' dir='ltr'>Ex</span> <span class='ocrx_word' id='word_1_60' title='bbox 1072 874 1149 911; x_wconf 80' lang='lat' dir='ltr'>regi-</span> 
     </span>
     <span class='ocr_line' id='line_1_14' title="bbox 431 912 1146 953; baseline -0.001 -10"><span class='ocrx_word' id='word_1_61' title='bbox 431 914 488 943; x_wconf 87' lang='lat' dir='ltr'>bus</span> <span class='ocrx_word' id='word_1_62' title='bbox 511 914 561 953; x_wconf 89' lang='lat' dir='ltr'>qui</span> <span class='ocrx_word' id='word_1_63' title='bbox 577 914 765 953; x_wconf 74' lang='lat' dir='ltr'>Apostolicae</span> <span class='ocrx_word' id='word_1_64' title='bbox 787 912 856 943; x_wconf 87' lang='lat' dir='ltr'>Sedi</span> <span class='ocrx_word' id='word_1_65' title='bbox 880 913 1053 942; x_wconf 86' lang='lat' dir='ltr'>inobediens</span> <span class='ocrx_word' id='word_1_66' title='bbox 1072 914 1146 942; x_wconf 85' lang='lat' dir='ltr'>exti-</span> 
     </span>
     <span class='ocr_line' id='line_1_15' title="bbox 432 953 1148 989; baseline -0.003 -6"><span class='ocrx_word' id='word_1_67' title='bbox 432 954 512 989; x_wconf 85' lang='lat' dir='ltr'>terit,</span> <span class='ocrx_word' id='word_1_68' title='bbox 545 963 611 983; x_wconf 87' lang='lat' dir='ltr'>cum</span> <span class='ocrx_word' id='word_1_69' title='bbox 641 962 675 982; x_wconf 90' lang='lat' dir='ltr'>eo</span> <span class='ocrx_word' id='word_1_70' title='bbox 704 962 763 982; x_wconf 90' lang='lat' dir='ltr'>non</span> <span class='ocrx_word' id='word_1_71' title='bbox 791 953 1081 982; x_wconf 86' lang='lat' dir='ltr'>communicandum.</span> <span class='ocrx_word' id='word_1_72' title='bbox 1109 969 1148 974; x_wconf 94' lang='lat'>—-</span> 
     </span>
     <span class='ocr_line' id='line_1_16' title="bbox 431 991 1146 1031; baseline -0.001 -9"><span class='ocrx_word' id='word_1_73' title='bbox 431 992 584 1023; x_wconf 85' lang='lat' dir='ltr'>Obedienti</span> <span class='ocrx_word' id='word_1_74' title='bbox 615 1002 681 1022; x_wconf 90' lang='lat' dir='ltr'>vero</span> <span class='ocrx_word' id='word_1_75' title='bbox 705 993 940 1031; x_wconf 87' lang='lat' dir='ltr'>obsequendum.</span> <span class='ocrx_word' id='word_1_76' title='bbox 969 1008 1008 1014; x_wconf 90' lang='lat'>—</span> <span class='ocrx_word' id='word_1_77' title='bbox 1038 991 1146 1021; x_wconf 90' lang='lat' dir='ltr'>lnobe-</span> 
     </span>
     <span class='ocr_line' id='line_1_17' title="bbox 432 1032 1147 1071; baseline -0.001 -9"><span class='ocrx_word' id='word_1_78' title='bbox 432 1033 541 1062; x_wconf 83' lang='lat' dir='ltr'>dientia</span> <span class='ocrx_word' id='word_1_79' title='bbox 555 1033 740 1071; x_wconf 66' lang='lat' dir='ltr'>Apostolicae</span> <span class='ocrx_word' id='word_1_80' title='bbox 758 1033 825 1062; x_wconf 77' lang='lat' dir='ltr'>Sedi</span> <span class='ocrx_word' id='word_1_81' title='bbox 840 1033 938 1061; x_wconf 85' lang='lat' dir='ltr'>scelus</span> <span class='ocrx_word' id='word_1_82' title='bbox 956 1032 1147 1061; x_wconf 79' lang='lat' dir='ltr'>idololatriae.</span> 
     </span>
     <span class='ocr_line' id='line_1_18' title="bbox 431 1071 1081 1108; baseline 0 -8"><span class='ocrx_word' id='word_1_83' title='bbox 431 1089 471 1095; x_wconf 92' lang='lat'>—-</span> <span class='ocrx_word' id='word_1_84' title='bbox 488 1072 571 1108; x_wconf 88' lang='lat' dir='ltr'>Quod</span> <span class='ocrx_word' id='word_1_85' title='bbox 591 1073 630 1102; x_wconf 85' lang='lat' dir='ltr'>sit</span> <span class='ocrx_word' id='word_1_86' title='bbox 653 1081 762 1101; x_wconf 90' lang='lat' dir='ltr'>munus</span> <span class='ocrx_word' id='word_1_87' title='bbox 786 1071 900 1101; x_wconf 83' lang='lat' dir='ltr'>Summi</span> <span class='ocrx_word' id='word_1_88' title='bbox 918 1071 1081 1101; x_wconf 80' lang='lat' dir='ltr'>Pontificis.</span> 
     </span>
    </p>
   </div>
   <div class='ocr_carea' id='block_1_6' title="bbox 962 243 1334 266">
    <p class='ocr_par' dir='ltr' id='par_1_7' title="bbox 962 243 1334 266">
     <span class='ocr_line' id='line_1_19' title="bbox 962 243 1334 266; baseline 0 -1"><span class='ocrx_word' id='word_1_89' title='bbox 962 243 1062 265; x_wconf 71' lang='lat' dir='ltr'>BULLA</span> <span class='ocrx_word' id='word_1_90' title='bbox 1069 243 1150 266; x_wconf 77' lang='lat' dir='ltr'>num</span> <span class='ocrx_word' id='word_1_91' title='bbox 1172 243 1334 266; x_wconf 44' lang='lat' dir='ltr'>nontitxml</span> 
     </span>
    </p>
   </div>
   <div class='ocr_carea' id='block_1_7' title="bbox 1188 296 1941 1083">
    <p class='ocr_par' dir='ltr' id='par_1_8' title="bbox 1188 296 1941 1083">
     <span class='ocr_line' id='line_1_20' title="bbox 1190 296 1940 344; baseline 0.001 -14"><span class='ocrx_word' id='word_1_92' title='bbox 1190 297 1328 343; x_wconf 80' lang='lat' dir='ltr'>diligitis,</span> <span class='ocrx_word' id='word_1_93' title='bbox 1355 297 1542 344; x_wconf 72' lang='lat' dir='ltr'>aequitatem</span> <span class='ocrx_word' id='word_1_94' title='bbox 1565 308 1677 332; x_wconf 87' lang='lat' dir='ltr'>causae</span> <span class='ocrx_word' id='word_1_95' title='bbox 1703 297 1852 344; x_wconf 83' lang='lat' dir='ltr'>utrinque</span> <span class='ocrx_word' id='word_1_96' title='bbox 1883 296 1940 331; x_wconf 86' lang='lat' dir='ltr'>de-</span> 
     </span>
     <span class='ocr_line' id='line_1_21' title="bbox 1189 346 1940 393; baseline 0.001 -13"><span class='ocrx_word' id='word_1_97' title='bbox 1189 358 1328 386; x_wconf 83' lang='lat' dir='ltr'>cernere,</span> <span class='ocrx_word' id='word_1_98' title='bbox 1356 354 1387 381; x_wconf 91' lang='lat' dir='ltr'>et</span> <span class='ocrx_word' id='word_1_99' title='bbox 1408 347 1435 380; x_wconf 89' lang='lat' dir='ltr'>ei</span> <span class='ocrx_word' id='word_1_100' title='bbox 1459 346 1608 393; x_wconf 87' lang='lat' dir='ltr'>praebere</span> <span class='ocrx_word' id='word_1_101' title='bbox 1631 346 1795 391; x_wconf 77' lang='lat' dir='ltr'>auxilium,</span> <span class='ocrx_word' id='word_1_102' title='bbox 1818 347 1865 381; x_wconf 87' lang='lat' dir='ltr'>cui</span> <span class='ocrx_word' id='word_1_103' title='bbox 1895 348 1940 381; x_wconf 88' lang='lat' dir='ltr'>iu-</span> 
     </span>
     <span class='ocr_line' id='line_1_22' title="bbox 1189 395 1939 442; baseline 0.001 -13"><span class='ocrx_word' id='word_1_104' title='bbox 1189 395 1272 430; x_wconf 87' lang='lat' dir='ltr'>stitia</span> <span class='ocrx_word' id='word_1_105' title='bbox 1300 395 1336 430; x_wconf 91' lang='lat' dir='ltr'>ad</span> <span class='ocrx_word' id='word_1_106' title='bbox 1373 396 1460 441; x_wconf 73' lang='lat' dir='ltr'>regni</span> <span class='ocrx_word' id='word_1_107' title='bbox 1483 395 1694 442; x_wconf 82' lang='lat' dir='ltr'>gubernacula</span> <span class='ocrx_word' id='word_1_108' title='bbox 1721 396 1823 430; x_wconf 83' lang='lat' dir='ltr'>favere</span> <span class='ocrx_word' id='word_1_109' title='bbox 1846 395 1939 430; x_wconf 88' lang='lat' dir='ltr'>dino-</span> 
     </span>
     <span class='ocr_line' id='line_1_23' title="bbox 1189 444 1938 492; baseline 0 -13"><span class='ocrx_word' id='word_1_110' title='bbox 1189 444 1296 480; x_wconf 80' lang='lat' dir='ltr'>scitur.</span> <span class='ocrx_word' id='word_1_111' title='bbox 1330 444 1530 492; x_wconf 85' lang='lat' dir='ltr'>Quapropter</span> <span class='ocrx_word' id='word_1_112' title='bbox 1560 444 1586 478; x_wconf 90' lang='lat' dir='ltr'>si</span> <span class='ocrx_word' id='word_1_113' title='bbox 1620 444 1806 480; x_wconf 87' lang='lat' dir='ltr'>alterutrum</span> <span class='ocrx_word' id='word_1_114' title='bbox 1828 457 1938 479; x_wconf 86' lang='lat' dir='ltr'>eorum</span> 
     </span>
     <span class='ocr_line' id='line_1_24' title="bbox 1189 493 1937 541; baseline 0 -13"><span class='ocrx_word' id='word_1_115' title='bbox 1189 493 1334 540; x_wconf 82' lang='lat' dir='ltr'>superbia</span> <span class='ocrx_word' id='word_1_116' title='bbox 1360 494 1486 528; x_wconf 80' lang='lat' dir='ltr'>inflatus</span> <span class='ocrx_word' id='word_1_117' title='bbox 1513 493 1619 541; x_wconf 89' lang='lat' dir='ltr'>aliquo</span> <span class='ocrx_word' id='word_1_118' title='bbox 1647 494 1786 540; x_wconf 81' lang='lat' dir='ltr'>ingenio,</span> <span class='ocrx_word' id='word_1_119' title='bbox 1809 494 1937 541; x_wconf 90' lang='lat' dir='ltr'>quomi-</span> 
     </span>
     <span class='ocr_line' id='line_1_25' title="bbox 1190 543 1935 589; baseline 0 -12"><span class='ocrx_word' id='word_1_120' title='bbox 1190 556 1249 578; x_wconf 87' lang='lat' dir='ltr'>nus</span> <span class='ocrx_word' id='word_1_121' title='bbox 1270 543 1308 578; x_wconf 90' lang='lat' dir='ltr'>ad</span> <span class='ocrx_word' id='word_1_122' title='bbox 1341 556 1396 578; x_wconf 86' lang='lat' dir='ltr'>vos</span> <span class='ocrx_word' id='word_1_123' title='bbox 1424 543 1528 578; x_wconf 85' lang='lat' dir='ltr'>venire</span> <span class='ocrx_word' id='word_1_124' title='bbox 1555 543 1726 589; x_wconf 86' lang='lat' dir='ltr'>possimus,</span> <span class='ocrx_word' id='word_1_125' title='bbox 1760 543 1935 587; x_wconf 84' lang='lat' dir='ltr'>obstiterit,</span> 
     </span>
     <span class='ocr_line' id='line_1_26' title="bbox 1189 591 1937 633; baseline 0 -7"><span class='ocrx_word' id='word_1_126' title='bbox 1189 600 1218 626; x_wconf 82' lang='lat' dir='ltr'>et</span> <span class='ocrx_word' id='word_1_127' title='bbox 1240 592 1278 626; x_wconf 87' lang='lat' dir='ltr'>de</span> <span class='ocrx_word' id='word_1_128' title='bbox 1300 604 1354 627; x_wconf 89' lang='lat' dir='ltr'>sua</span> <span class='ocrx_word' id='word_1_129' title='bbox 1377 592 1527 627; x_wconf 87' lang='lat' dir='ltr'>iniustitia</span> <span class='ocrx_word' id='word_1_130' title='bbox 1543 593 1669 633; x_wconf 87' lang='lat' dir='ltr'>timens,</span> <span class='ocrx_word' id='word_1_131' title='bbox 1692 591 1844 627; x_wconf 90' lang='lat' dir='ltr'>iudicium</span> <span class='ocrx_word' id='word_1_132' title='bbox 1862 592 1937 627; x_wconf 85' lang='lat' dir='ltr'>San-</span> 
     </span>
     <span class='ocr_line' id='line_1_27' title="bbox 1189 641 1940 688; baseline 0.001 -13"><span class='ocrx_word' id='word_1_133' title='bbox 1189 642 1227 675; x_wconf 89' lang='lat' dir='ltr'>cti</span> <span class='ocrx_word' id='word_1_134' title='bbox 1255 641 1392 688; x_wconf 80' lang='lat' dir='ltr'>Spiritus</span> <span class='ocrx_word' id='word_1_135' title='bbox 1426 642 1585 688; x_wconf 82' lang='lat' dir='ltr'>refugerit,</span> <span class='ocrx_word' id='word_1_136' title='bbox 1621 641 1808 676; x_wconf 89' lang='lat' dir='ltr'>inobediens</span> <span class='ocrx_word' id='word_1_137' title='bbox 1839 641 1940 676; x_wconf 83' lang='lat' dir='ltr'>sactus</span> 
     </span>
     <span class='ocr_line' id='line_1_28' title="bbox 1190 690 1938 726; baseline 0.001 -2"><span class='ocrx_word' id='word_1_138' title='bbox 1190 691 1362 725; x_wconf 84' lang='lat' dir='ltr'>resistendo</span> <span class='ocrx_word' id='word_1_139' title='bbox 1381 700 1505 726; x_wconf 89' lang='lat' dir='ltr'>sanctae</span> <span class='ocrx_word' id='word_1_140' title='bbox 1532 699 1563 726; x_wconf 89' lang='lat' dir='ltr'>et</span> <span class='ocrx_word' id='word_1_141' title='bbox 1585 690 1756 725; x_wconf 84' lang='lat' dir='ltr'>universali</span> <span class='ocrx_word' id='word_1_142' title='bbox 1779 691 1868 725; x_wconf 86' lang='lat' dir='ltr'>matri</span> <span class='ocrx_word' id='word_1_143' title='bbox 1883 690 1938 725; x_wconf 86' lang='lat' dir='ltr'>Ec-</span> 
     </span>
     <span class='ocr_line' id='line_1_29' title="bbox 1189 739 1937 783; baseline 0.001 -10"><span class='ocrx_word' id='word_1_144' title='bbox 1189 740 1312 783; x_wconf 80' lang='lat' dir='ltr'>clesiae,</span> <span class='ocrx_word' id='word_1_145' title='bbox 1335 741 1419 775; x_wconf 88' lang='lat' dir='ltr'>hunc</span> <span class='ocrx_word' id='word_1_146' title='bbox 1441 740 1525 775; x_wconf 88' lang='lat' dir='ltr'>velut</span> <span class='ocrx_word' id='word_1_147' title='bbox 1540 740 1725 775; x_wconf 66' lang='lat' dir='ltr'>&#39;membrum</span> <span class='ocrx_word' id='word_1_148' title='bbox 1751 739 1937 775; x_wconf 82' lang='lat' dir='ltr'>Antichristi</span> 
     </span>
     <span class='ocr_line' id='line_1_30' title="bbox 1189 789 1940 835; baseline 0.001 -13"><span class='ocrx_word' id='word_1_149' title='bbox 1189 797 1219 823; x_wconf 90' lang='lat' dir='ltr'>et</span> <span class='ocrx_word' id='word_1_150' title='bbox 1241 789 1446 824; x_wconf 78' lang='lat' dir='ltr'>desolatorem</span> <span class='ocrx_word' id='word_1_151' title='bbox 1467 790 1655 825; x_wconf 74' lang='lat' dir='ltr'>christianae</span> <span class='ocrx_word' id='word_1_152' title='bbox 1678 789 1840 835; x_wconf 83' lang='lat' dir='ltr'>religionis</span> <span class='ocrx_word' id='word_1_153' title='bbox 1862 801 1940 824; x_wconf 90' lang='lat' dir='ltr'>con-</span> 
     </span>
     <span class='ocr_line' id='line_1_31' title="bbox 1190 838 1939 886; baseline 0.001 -15"><span class='ocrx_word' id='word_1_154' title='bbox 1190 839 1330 883; x_wconf 80' lang='lat' dir='ltr'>temnite,</span> <span class='ocrx_word' id='word_1_155' title='bbox 1357 847 1387 873; x_wconf 88' lang='lat' dir='ltr'>et</span> <span class='ocrx_word' id='word_1_156' title='bbox 1408 839 1607 879; x_wconf 78' lang='lat' dir='ltr'>sententiam,</span> <span class='ocrx_word' id='word_1_157' title='bbox 1635 851 1727 886; x_wconf 90' lang='lat' dir='ltr'>quam</span> <span class='ocrx_word' id='word_1_158' title='bbox 1757 839 1853 873; x_wconf 79' lang='lat' dir='ltr'>nostri</span> <span class='ocrx_word' id='word_1_159' title='bbox 1877 838 1939 873; x_wconf 90' lang='lat' dir='ltr'>Le-</span> 
     </span>
     <span class='ocr_line' id='line_1_32' title="bbox 1189 887 1939 933; baseline -0.003 -11"><span class='ocrx_word' id='word_1_160' title='bbox 1189 888 1250 933; x_wconf 82' lang='lat' dir='ltr'>gati</span> <span class='ocrx_word' id='word_1_161' title='bbox 1285 895 1392 922; x_wconf 87' lang='lat' dir='ltr'>contra</span> <span class='ocrx_word' id='word_1_162' title='bbox 1426 900 1498 922; x_wconf 84' lang='lat' dir='ltr'>eum</span> <span class='ocrx_word' id='word_1_163' title='bbox 1533 896 1638 923; x_wconf 80' lang='lat' dir='ltr'>nostra</span> <span class='ocrx_word' id='word_1_164' title='bbox 1673 888 1739 922; x_wconf 86' lang='lat' dir='ltr'>vice</span> <span class='ocrx_word' id='word_1_165' title='bbox 1775 887 1939 927; x_wconf 84' lang='lat' dir='ltr'>dederint,</span> 
     </span>
     <span class='ocr_line' id='line_1_33' title="bbox 1189 936 1941 984; baseline 0 -14"><span class='ocrx_word' id='word_1_166' title='bbox 1189 946 1387 977; x_wconf 73' lang='lat' dir='ltr'>conservate3</span> <span class='ocrx_word' id='word_1_167' title='bbox 1416 938 1567 981; x_wconf 74' lang='lat' dir='ltr'>scientes,</span> <span class='ocrx_word' id='word_1_168' title='bbox 1590 937 1663 984; x_wconf 87' lang='lat' dir='ltr'>quia</span> <span class='ocrx_word' id='word_1_169' title='bbox 1685 937 1772 972; x_wconf 86' lang='lat' dir='ltr'>Deus</span> <span class='ocrx_word' id='word_1_170' title='bbox 1794 936 1941 984; x_wconf 85' lang='lat' dir='ltr'>superbis</span> 
     </span>
     <span class='ocr_line' id='line_1_34' title="bbox 1189 986 1938 1032; baseline 0 -13"><span class='ocrx_word' id='word_1_171' title='bbox 1189 986 1317 1030; x_wconf 71' lang='lat' dir='ltr'>resistit,</span> <span class='ocrx_word' id='word_1_172' title='bbox 1344 986 1518 1021; x_wconf 84' lang='lat' dir='ltr'>humilibus</span> <span class='ocrx_word' id='word_1_173' title='bbox 1539 997 1643 1021; x_wconf 90' lang='lat' dir='ltr'>autem</span> <span class='ocrx_word' id='word_1_174' title='bbox 1666 986 1718 1020; x_wconf 87' lang='lat' dir='ltr'>dat</span> <span class='ocrx_word' id='word_1_175' title='bbox 1739 987 1870 1032; x_wconf 83' lang='lat' dir='ltr'>gratiam</span> <span class='ocrx_word' id='word_1_176' title='bbox 1886 990 1938 1030; x_wconf 62' lang='lat' dir='ltr'>(ai.</span> 
     </span>
     <span class='ocr_line' id='line_1_35' title="bbox 1188 1034 1940 1083; baseline 0 -15"><span class='ocrx_word' id='word_1_177' title='bbox 1188 1034 1286 1068; x_wconf 83' lang='lat' dir='ltr'>Alteri</span> <span class='ocrx_word' id='word_1_178' title='bbox 1310 1047 1393 1074; x_wconf 81' lang='lat' dir='ltr'>vero,</span> <span class='ocrx_word' id='word_1_179' title='bbox 1416 1037 1468 1083; x_wconf 86' lang='lat' dir='ltr'>qui</span> <span class='ocrx_word' id='word_1_180' title='bbox 1493 1035 1652 1070; x_wconf 87' lang='lat' dir='ltr'>humiliter</span> <span class='ocrx_word' id='word_1_181' title='bbox 1675 1048 1708 1070; x_wconf 89' lang='lat' dir='ltr'>se</span> <span class='ocrx_word' id='word_1_182' title='bbox 1730 1035 1886 1079; x_wconf 82' lang='lat' dir='ltr'>habuerit,</span> <span class='ocrx_word' id='word_1_183' title='bbox 1908 1042 1940 1069; x_wconf 89' lang='lat' dir='ltr'>et</span> 
     </span>
    </p>
   </div>
   <div class='ocr_carea' id='block_1_8' title="bbox 394 1084 1941 1278">
    <p class='ocr_par' dir='ltr' id='par_1_9' title="bbox 394 1084 1941 1278">
     <span class='ocr_line' id='line_1_36' title="bbox 1189 1084 1939 1132; baseline 0.001 -15"><span class='ocrx_word' id='word_1_184' title='bbox 1189 1084 1340 1118; x_wconf 86' lang='lat' dir='ltr'>iudicium</span> <span class='ocrx_word' id='word_1_185' title='bbox 1364 1085 1534 1128; x_wconf 82' lang='lat' dir='ltr'>(decretum</span> <span class='ocrx_word' id='word_1_186' title='bbox 1552 1097 1623 1120; x_wconf 88' lang='lat' dir='ltr'>vero</span> <span class='ocrx_word' id='word_1_187' title='bbox 1638 1097 1654 1120; x_wconf 88' lang='lat' dir='ltr'>a</span> <span class='ocrx_word' id='word_1_188' title='bbox 1667 1085 1787 1132; x_wconf 77' lang='lat' dir='ltr'>Spiritu</span> <span class='ocrx_word' id='word_1_189' title='bbox 1809 1084 1939 1123; x_wconf 79' lang='lat' dir='ltr'>Sancto,</span> 
     </span>
     <span class='ocr_line' id='line_1_37' title="bbox 394 1134 1941 1180; baseline -0.001 -12"><span class='ocrx_word' id='word_1_190' title='bbox 394 1139 538 1175; x_wconf 81' lang='lat' dir='ltr'>Gregorius</span> <span class='ocrx_word' id='word_1_191' title='bbox 555 1139 695 1175; x_wconf 80' lang='lat' dir='ltr'>episcopus</span> <span class='ocrx_word' id='word_1_192' title='bbox 711 1145 806 1167; x_wconf 87' lang='lat' dir='ltr'>servus</span> <span class='ocrx_word' id='word_1_193' title='bbox 820 1145 959 1166; x_wconf 78' lang='lat' dir='ltr'>servorum</span> <span class='ocrx_word' id='word_1_194' title='bbox 971 1137 1026 1171; x_wconf 76' lang='lat' dir='ltr'>Det.</span> <span class='ocrx_word' id='word_1_195' title='bbox 1043 1137 1148 1166; x_wconf 79' lang='lat' dir='ltr'>erchie·</span> <span class='ocrx_word' id='word_1_196' title='bbox 1167 1147 1172 1169; x_wconf 82' lang='lat' dir='ltr'>t</span> <span class='ocrx_word' id='word_1_197' title='bbox 1190 1145 1244 1179; x_wconf 87' lang='lat' dir='ltr'>per</span> <span class='ocrx_word' id='word_1_198' title='bbox 1275 1145 1330 1167; x_wconf 88' lang='lat' dir='ltr'>eos</span> <span class='ocrx_word' id='word_1_199' title='bbox 1357 1142 1460 1168; x_wconf 76' lang='lat' dir='ltr'>autent</span> <span class='ocrx_word' id='word_1_200' title='bbox 1496 1134 1667 1180; x_wconf 87' lang='lat' dir='ltr'>prolatum)</span> <span class='ocrx_word' id='word_1_201' title='bbox 1695 1146 1757 1168; x_wconf 91' lang='lat' dir='ltr'>non</span> <span class='ocrx_word' id='word_1_202' title='bbox 1792 1141 1941 1169; x_wconf 81' lang='lat' dir='ltr'>contem-</span> 
     </span>
     <span class='ocr_line' id='line_1_38' title="bbox 436 1172 1941 1228; baseline -0.003 -8"><span class='ocrx_word' id='word_1_203' title='bbox 436 1184 566 1220; x_wconf 80' lang='lat' dir='ltr'>piscopis,</span> <span class='ocrx_word' id='word_1_204' title='bbox 587 1183 730 1219; x_wconf 81' lang='lat' dir='ltr'>episcopis,</span> <span class='ocrx_word' id='word_1_205' title='bbox 748 1183 869 1215; x_wconf 75' lang='lat' dir='ltr'>ducibus,</span> <span class='ocrx_word' id='word_1_206' title='bbox 890 1183 1033 1211; x_wconf 71' lang='lat' dir='ltr'>comitibus</span> <span class='ocrx_word' id='word_1_207' title='bbox 1050 1184 1078 1211; x_wconf 75' lang='grc' dir='ltr'>θῐ</span> <span class='ocrx_word' id='word_1_208' title='bbox 1089 1183 1147 1210; x_wconf 73' lang='lat'>⁰1¹¹·</span> <span class='ocrx_word' id='word_1_209' title='bbox 1167 1172 1172 1203; x_wconf 73' lang='lat'>¹</span> <span class='ocrx_word' id='word_1_210' title='bbox 1190 1182 1286 1228; x_wconf 87' lang='lat' dir='ltr'>pserit</span> <span class='ocrx_word' id='word_1_211' title='bbox 1312 1182 1552 1225; x_wconf 72' lang='lat' dir='ltr'>(indubitanter,</span> <span class='ocrx_word' id='word_1_212' title='bbox 1575 1183 1659 1217; x_wconf 88' lang='lat' dir='ltr'>enim</span> <span class='ocrx_word' id='word_1_213' title='bbox 1679 1183 1848 1222; x_wconf 78' lang='lat' dir='ltr'>eredimus,</span> <span class='ocrx_word' id='word_1_214' title='bbox 1867 1182 1941 1217; x_wconf 91' lang='lat' dir='ltr'>ubi-</span> 
     </span>
     <span class='ocr_line' id='line_1_39' title="bbox 436 1208 1939 1278; baseline -0.002 -21"><span class='ocrx_word' id='word_1_215' title='bbox 436 1229 524 1257; x_wconf 84' lang='lat' dir='ltr'>versis</span> <span class='ocrx_word' id='word_1_216' title='bbox 543 1227 771 1256; x_wconf 78' lang='lat' dir='ltr'>christifidelibus</span> <span class='ocrx_word' id='word_1_217' title='bbox 797 1227 903 1255; x_wconf 81' lang='lat' dir='ltr'>clericis</span> <span class='ocrx_word' id='word_1_218' title='bbox 923 1229 950 1255; x_wconf 84' lang='lat' dir='ltr'>et</span> <span class='ocrx_word' id='word_1_219' title='bbox 968 1227 1049 1255; x_wconf 80' lang='lat' dir='ltr'>laicis</span> <span class='ocrx_word' id='word_1_220' title='bbox 1062 1247 1069 1259; x_wconf 84' lang='lat'>.</span> <span class='ocrx_word' id='word_1_221' title='bbox 1088 1228 1147 1255; x_wconf 81' lang='lat' dir='ltr'>tam</span> <span class='ocrx_word' id='word_1_222' title='bbox 1167 1208 1171 1251; x_wconf 88' lang='lat' dir='ltr'>l</span> <span class='ocrx_word' id='word_1_223' title='bbox 1189 1243 1314 1278; x_wconf 62' lang='lat' dir='ltr'>cunque</span> <span class='ocrx_word' id='word_1_224' title='bbox 1337 1231 1400 1267; x_wconf 74' lang='lat' dir='ltr'>duo</span> <span class='ocrx_word' id='word_1_225' title='bbox 1428 1232 1475 1266; x_wconf 72' lang='lat' dir='ltr'>vel</span> <span class='ocrx_word' id='word_1_226' title='bbox 1508 1240 1569 1266; x_wconf 60' lang='lat' dir='ltr'>[res</span> <span class='ocrx_word' id='word_1_227' title='bbox 1598 1233 1628 1266; x_wconf 71' lang='lat' dir='ltr'>jn</span> <span class='ocrx_word' id='word_1_228' title='bbox 1657 1232 1784 1266; x_wconf 62' lang='lat' dir='ltr'>nomine</span> <span class='ocrx_word' id='word_1_229' title='bbox 1810 1231 1939 1266; x_wconf 63' lang='lat' dir='ltr'>Domini</span> 
     </span>
    </p>
   </div>
   <div class='ocr_carea' id='block_1_9' title="bbox 438 1272 1942 1378">
    <p class='ocr_par' dir='ltr' id='par_1_10' title="bbox 438 1272 1942 1378">
     <span class='ocr_line' id='line_1_40' title="bbox 439 1272 1940 1328; baseline 0.002 -17"><span class='ocrx_word' id='word_1_230' title='bbox 439 1273 586 1323; x_wconf 53' lang='lat' dir='ltr'>flfffllfflbus</span> <span class='ocrx_word' id='word_1_231' title='bbox 611 1279 690 1323; x_wconf 33' lang='lat' dir='ltr'>‘lu-³¹1¹</span> <span class='ocrx_word' id='word_1_232' title='bbox 709 1272 859 1322; x_wconf 47' lang='lat' dir='ltr'>uli¹¹⁰¹sib¹¹⁵</span> <span class='ocrx_word' id='word_1_233' title='bbox 878 1272 906 1299; x_wconf 55' lang='lat'>1¹¹</span> <span class='ocrx_word' id='word_1_234' title='bbox 925 1272 1014 1307; x_wconf 60' lang='lat'><strong>30800</strong></span> <span class='ocrx_word' id='word_1_235' title='bbox 1034 1272 1147 1300; x_wconf 61' lang='lat' dir='ltr'><strong>Theuw&#39;</strong></span> <span class='ocrx_word' id='word_1_236' title='bbox 1167 1312 1171 1319; x_wconf 87' lang='grc'>,</span> <span class='ocrx_word' id='word_1_237' title='bbox 1189 1282 1369 1327; x_wconf 80' lang='lat' dir='ltr'>congregati</span> <span class='ocrx_word' id='word_1_238' title='bbox 1393 1281 1505 1316; x_wconf 83' lang='lat' dir='ltr'>fuerint</span> <span class='ocrx_word' id='word_1_239' title='bbox 1528 1283 1581 1325; x_wconf 84' lang='lat' dir='ltr'>(b),</span> <span class='ocrx_word' id='word_1_240' title='bbox 1608 1281 1783 1328; x_wconf 84' lang='lat' dir='ltr'>praesentia</span> <span class='ocrx_word' id='word_1_241' title='bbox 1809 1281 1879 1315; x_wconf 83' lang='lat' dir='ltr'>eius</span> <span class='ocrx_word' id='word_1_242' title='bbox 1898 1280 1940 1315; x_wconf 88' lang='lat' dir='ltr'>il-</span> 
     </span>
     <span class='ocr_line' id='line_1_41' title="bbox 438 1317 1942 1378; baseline 0.001 -32"><span class='ocrx_word' id='word_1_243' title='bbox 438 1324 559 1346; x_wconf 82' lang='lat' dir='ltr'>nteorum</span> <span class='ocrx_word' id='word_1_244' title='bbox 578 1317 804 1350; x_wconf 81' lang='lat' dir='ltr'>consistentibus,</span> <span class='ocrx_word' id='word_1_245' title='bbox 826 1317 942 1345; x_wconf 81' lang='lat' dir='ltr'>salutem</span> <span class='ocrx_word' id='word_1_246' title='bbox 968 1318 995 1346; x_wconf 83' lang='lat' dir='ltr'>et</span> <span class='ocrx_word' id='word_1_247' title='bbox 1018 1317 1147 1352; x_wconf 83' lang='lat' dir='ltr'>apostoli·</span> <span class='ocrx_word' id='word_1_248' title='bbox 1167 1327 1171 1359; x_wconf 70' lang='grc' dir='ltr'>Ι</span> <span class='ocrx_word' id='word_1_249' title='bbox 1189 1330 1408 1375; x_wconf 40' lang='lat' dir='ltr'>luminatum),</span> <span class='ocrx_word' id='word_1_250' title='bbox 1433 1330 1492 1372; x_wconf 49' lang='lat' dir='ltr'>iffi,</span> <span class='ocrx_word' id='word_1_251' title='bbox 1516 1331 1662 1378; x_wconf 48' lang='lat' dir='ltr'>inquam,</span> <span class='ocrx_word' id='word_1_252' title='bbox 1697 1330 1876 1370; x_wconf 41' lang='lat' dir='ltr'>servitium,</span> <span class='ocrx_word' id='word_1_253' title='bbox 1911 1337 1942 1364; x_wconf 59' lang='lat' dir='ltr'>et</span> 
     </span>
    </p>
   </div>
   <div class='ocr_carea' id='block_1_10' title="bbox 437 1362 1940 1426">
    <p class='ocr_par' dir='ltr' id='par_1_11' title="bbox 437 1362 1940 1426">
     <span class='ocr_line' id='line_1_42' title="bbox 437 1362 1831 1395; baseline -0.005 -4"><span class='ocrx_word' id='word_1_254' title='bbox 437 1370 495 1391; x_wconf 78' lang='lat' dir='ltr'>cam</span> <span class='ocrx_word' id='word_1_255' title='bbox 516 1362 738 1391; x_wconf 78' lang='lat' dir='ltr'>benedictionem.</span> <span class='ocrx_word' id='word_1_256' title='bbox 1167 1374 1171 1395; x_wconf 78' lang='lat' dir='ltr'>t</span> <span class='ocrx_word' id='word_1_257' title='bbox 1336 1380 1342 1385; x_wconf 93' lang='lat'>.</span> <span class='ocrx_word' id='word_1_258' title='bbox 1825 1380 1831 1385; x_wconf 93' lang='lat'><em>.</em></span> 
     </span>
     <span class='ocr_line' id='line_1_43' title="bbox 1190 1380 1940 1426; baseline 0 -14"><span class='ocrx_word' id='word_1_259' title='bbox 1190 1388 1407 1422; x_wconf 83' lang='lat' dir='ltr'>reverentiam,</span> <span class='ocrx_word' id='word_1_260' title='bbox 1429 1380 1604 1414; x_wconf 85' lang='lat' dir='ltr'>secundum</span> <span class='ocrx_word' id='word_1_261' title='bbox 1627 1380 1711 1426; x_wconf 88' lang='lat' dir='ltr'>quod</span> <span class='ocrx_word' id='word_1_262' title='bbox 1735 1387 1831 1414; x_wconf 77' lang='lat' dir='ltr'>nostri</span> <span class='ocrx_word' id='word_1_263' title='bbox 1853 1391 1940 1426; x_wconf 87' lang='lat' dir='ltr'>prae-</span> 
     </span>
    </p>
   </div>
   <div class='ocr_carea' id='block_1_11' title="bbox 444 1403 1939 1474">
    <p class='ocr_par' dir='ltr' id='par_1_12' title="bbox 444 1403 1939 1474">
     <span class='ocr_line' id='line_1_44' title="bbox 444 1403 1939 1474; baseline -0.003 -14"><span class='ocrx_word' id='word_1_264' title='bbox 444 1425 562 1460; x_wconf 86' lang='lat' dir='ltr'>Notum</span> <span class='ocrx_word' id='word_1_265' title='bbox 579 1425 645 1460; x_wconf 77' lang='lat' dir='ltr'>sieri</span> <span class='ocrx_word' id='word_1_266' title='bbox 662 1424 751 1459; x_wconf 76' lang='lat' dir='ltr'>vohis</span> <span class='ocrx_word' id='word_1_267' title='bbox 766 1424 922 1461; x_wconf 78' lang='lat' dir='ltr'>volumus,</span> <span class='ocrx_word' id='word_1_268' title='bbox 946 1424 1055 1458; x_wconf 80' lang='lat' dir='ltr'>fratres</span> <span class='ocrx_word' id='word_1_269' title='bbox 1072 1423 1148 1458; x_wconf 87' lang='lat' dir='ltr'>eha-</span> <span class='ocrx_word' id='word_1_270' title='bbox 1166 1403 1171 1471; x_wconf 72' lang='lat' dir='ltr'>l</span> <span class='ocrx_word' id='word_1_271' title='bbox 1189 1427 1240 1462; x_wconf 73' lang='lat' dir='ltr'>fati</span> <span class='ocrx_word' id='word_1_272' title='bbox 1265 1427 1371 1474; x_wconf 67' lang='lat' dir='ltr'>Legati</span> <span class='ocrx_word' id='word_1_273' title='bbox 1393 1429 1598 1467; x_wconf 60' lang='lat' dir='ltr'>decreverim,</span> <span class='ocrx_word' id='word_1_274' title='bbox 1617 1428 1773 1469; x_wconf 45' lang='lat' dir='ltr'>extimam</span> <span class='ocrx_word' id='word_1_275' title='bbox 1796 1429 1939 1463; x_wconf 69' lang='lat' dir='ltr'>anniten-</span> 
     </span>
    </p>
   </div>
   <div class='ocr_carea' id='block_1_12' title="bbox 211 1473 1940 1573">
    <p class='ocr_par' dir='ltr' id='par_1_13' title="bbox 211 1473 1940 1573">
     <span class='ocr_line' id='line_1_45' title="bbox 312 1473 1938 1524; baseline -0.002 -11"><span class='ocrx_word' id='word_1_276' title='bbox 312 1478 314 1489; x_wconf 91' lang='lat'>&#39;</span> <span class='ocrx_word' id='word_1_277' title='bbox 339 1477 368 1513; x_wconf 53' lang='lat'>1⁴*</span> <span class='ocrx_word' id='word_1_278' title='bbox 394 1475 522 1514; x_wconf 73' lang='lat' dir='ltr'>tissimi,</span> <span class='ocrx_word' id='word_1_279' title='bbox 545 1475 617 1521; x_wconf 90' lang='lat' dir='ltr'>quia</span> <span class='ocrx_word' id='word_1_280' title='bbox 645 1474 755 1519; x_wconf 77' lang='lat' dir='ltr'>legatis</span> <span class='ocrx_word' id='word_1_281' title='bbox 778 1474 905 1511; x_wconf 77' lang='lat' dir='ltr'>nostris.</span> <span class='ocrx_word' id='word_1_282' title='bbox 929 1473 1090 1508; x_wconf 79' lang='lat' dir='ltr'>Bernardo</span> <span class='ocrx_word' id='word_1_283' title='bbox 1107 1473 1149 1506; x_wconf 88' lang='lat' dir='ltr'>vi·</span> <span class='ocrx_word' id='word_1_284' title='bbox 1167 1474 1171 1506; x_wconf 90' lang='lat' dir='ltr'>l</span> <span class='ocrx_word' id='word_1_285' title='bbox 1188 1484 1246 1520; x_wconf 71' lang='lat' dir='ltr'>tes,</span> <span class='ocrx_word' id='word_1_286' title='bbox 1268 1485 1298 1511; x_wconf 90' lang='lat' dir='ltr'>et</span> <span class='ocrx_word' id='word_1_287' title='bbox 1320 1478 1423 1512; x_wconf 88' lang='lat' dir='ltr'>modis</span> <span class='ocrx_word' id='word_1_288' title='bbox 1442 1478 1590 1512; x_wconf 85' lang='lat' dir='ltr'>omnibus</span> <span class='ocrx_word' id='word_1_289' title='bbox 1612 1478 1639 1512; x_wconf 88' lang='lat' dir='ltr'>ei</span> <span class='ocrx_word' id='word_1_290' title='bbox 1662 1477 1885 1524; x_wconf 75' lang='lat' dir='ltr'>obsequentes,</span> <span class='ocrx_word' id='word_1_291' title='bbox 1905 1485 1938 1511; x_wconf 91' lang='lat' dir='ltr'>ut</span> 
     </span>
     <span class='ocr_line' id='line_1_46' title="bbox 211 1522 1940 1573; baseline -0.006 -3"><span class='ocrx_word' id='word_1_292' title='bbox 211 1558 223 1570; x_wconf 50' lang='lat' dir='ltr'>i</span> <span class='ocrx_word' id='word_1_293' title='bbox 275 1530 368 1569; x_wconf 53' lang='grc' dir='ltr'>ημῖῗζῃῖ</span> <span class='ocrx_word' id='word_1_294' title='bbox 394 1525 510 1558; x_wconf 58' lang='grc' dir='ltr'>(ἷθιῖὓθῑ</span> <span class='ocrx_word' id='word_1_295' title='bbox 531 1524 667 1558; x_wconf 78' lang='lat' dir='ltr'>Sanctae</span> <span class='ocrx_word' id='word_1_296' title='bbox 689 1522 850 1557; x_wconf 70' lang='lat' dir='ltr'>ROffissssssss</span> <span class='ocrx_word' id='word_1_297' title='bbox 873 1522 1034 1557; x_wconf 62' lang='lat' dir='ltr'>Ecclessissss</span> <span class='ocrx_word' id='word_1_298' title='bbox 1063 1522 1145 1556; x_wconf 63' lang='lat' dir='ltr'>fideli</span> <span class='ocrx_word' id='word_1_299' title='bbox 1189 1527 1307 1572; x_wconf 78' lang='lat' dir='ltr'>regiam</span> <span class='ocrx_word' id='word_1_300' title='bbox 1323 1527 1507 1573; x_wconf 75' lang='lat' dir='ltr'>dignitatem</span> <span class='ocrx_word' id='word_1_301' title='bbox 1523 1527 1653 1561; x_wconf 87' lang='lat' dir='ltr'>honeste</span> <span class='ocrx_word' id='word_1_302' title='bbox 1674 1527 1940 1573; x_wconf 81' lang='lat' dir='ltr'>possitohtinere,</span> 
     </span>
    </p>
   </div>
   <div class='ocr_carea' id='block_1_13' title="bbox 178 1440 372 1601">
    <p class='ocr_par' dir='ltr' id='par_1_14' title="bbox 178 1440 372 1601">
     <span class='ocr_line' id='line_1_47' title="bbox 178 1440 372 1601; baseline 0 1604"><span class='ocrx_word' id='word_1_303' title='bbox 178 1440 372 1601; x_wconf 95' lang='lat' dir='ltr'> </span> 
     </span>
    </p>
   </div>
   <div class='ocr_carea' id='block_1_14' title="bbox 183 1713 369 1761">
    <p class='ocr_par' dir='ltr' id='par_1_15' title="bbox 183 1713 369 1761">
     <span class='ocr_line' id='line_1_48' title="bbox 210 1713 369 1733; baseline -0.006 0"><span class='ocrx_word' id='word_1_304' title='bbox 210 1714 279 1733; x_wconf 72' lang='lat' dir='ltr'>Causa</span> <span class='ocrx_word' id='word_1_305' title='bbox 298 1713 369 1733; x_wconf 77' lang='lat' dir='ltr'>huius-</span> 
     </span>
     <span class='ocr_line' id='line_1_49' title="bbox 183 1740 343 1761; baseline -0.019 0"><span class='ocrx_word' id='word_1_306' title='bbox 183 1740 240 1761; x_wconf 84' lang='lat' dir='ltr'>modi</span> <span class='ocrx_word' id='word_1_307' title='bbox 256 1740 343 1760; x_wconf 72' lang='lat' dir='ltr'>itineris.</span> 
     </span>
    </p>
   </div>
   <div class='ocr_carea' id='block_1_15' title="bbox 393 1569 1943 2062">
    <p class='ocr_par' dir='ltr' id='par_1_16' title="bbox 393 1569 1943 2062">
     <span class='ocr_line' id='line_1_50' title="bbox 394 1569 1939 1624; baseline -0.001 -17"><span class='ocrx_word' id='word_1_308' title='bbox 394 1574 459 1607; x_wconf 81' lang='lat' dir='ltr'>silio</span> <span class='ocrx_word' id='word_1_309' title='bbox 483 1582 512 1608; x_wconf 86' lang='lat' dir='ltr'>et</span> <span class='ocrx_word' id='word_1_310' title='bbox 526 1573 673 1613; x_wconf 84' lang='lat' dir='ltr'>diacono,</span> <span class='ocrx_word' id='word_1_311' title='bbox 697 1573 834 1619; x_wconf 83' lang='lat' dir='ltr'>itemque</span> <span class='ocrx_word' id='word_1_312' title='bbox 858 1572 1019 1606; x_wconf 73' lang='lat' dir='ltr'>Bernartlo</span> <span class='ocrx_word' id='word_1_313' title='bbox 1042 1571 1146 1606; x_wconf 84' lang='lat' dir='ltr'>abbati</span> <span class='ocrx_word' id='word_1_314' title='bbox 1166 1569 1170 1624; x_wconf 69' lang='grc' dir='ltr'>ξ</span> <span class='ocrx_word' id='word_1_315' title='bbox 1188 1584 1218 1609; x_wconf 81' lang='lat' dir='ltr'>et</span> <span class='ocrx_word' id='word_1_316' title='bbox 1252 1584 1377 1611; x_wconf 71' lang='lat' dir='ltr'>sanetae</span> <span class='ocrx_word' id='word_1_317' title='bbox 1410 1576 1572 1611; x_wconf 64' lang='lat' dir='ltr'>Ecclesiae</span> <span class='ocrx_word' id='word_1_318' title='bbox 1616 1576 1675 1610; x_wconf 81' lang='lat' dir='ltr'>iam</span> <span class='ocrx_word' id='word_1_319' title='bbox 1709 1588 1789 1622; x_wconf 77' lang='lat' dir='ltr'>pene</span> <span class='ocrx_word' id='word_1_320' title='bbox 1823 1575 1939 1610; x_wconf 75' lang='lat' dir='ltr'>labenti</span> 
     </span>
     <span class='ocr_line' id='line_1_51' title="bbox 395 1620 1940 1668; baseline -0.001 -11"><span class='ocrx_word' id='word_1_321' title='bbox 395 1622 547 1668; x_wconf 77' lang='lat' dir='ltr'>religioso</span> <span class='ocrx_word' id='word_1_322' title='bbox 569 1621 776 1656; x_wconf 77' lang='lat' dir='ltr'>Massiliensis</span> <span class='ocrx_word' id='word_1_323' title='bbox 803 1620 995 1660; x_wconf 75' lang='lat' dir='ltr'>monasterii,</span> <span class='ocrx_word' id='word_1_324' title='bbox 1020 1621 1384 1668; x_wconf 73' lang='lat' dir='ltr'>praeci—&#39;succurrere,</span> <span class='ocrx_word' id='word_1_325' title='bbox 1420 1625 1490 1660; x_wconf 81' lang='lat' dir='ltr'>Non</span> <span class='ocrx_word' id='word_1_326' title='bbox 1528 1626 1611 1660; x_wconf 75' lang='lat' dir='ltr'>enim</span> <span class='ocrx_word' id='word_1_327' title='bbox 1648 1637 1663 1659; x_wconf 81' lang='lat' dir='ltr'>a</span> <span class='ocrx_word' id='word_1_328' title='bbox 1699 1624 1793 1659; x_wconf 81' lang='lat' dir='ltr'>corde</span> <span class='ocrx_word' id='word_1_329' title='bbox 1832 1632 1940 1659; x_wconf 76' lang='lat' dir='ltr'>nostro</span> 
     </span>
     <span class='ocr_line' id='line_1_52' title="bbox 395 1649 1938 1721; baseline 0.003 -18"><span class='ocrx_word' id='word_1_330' title='bbox 395 1672 520 1719; x_wconf 83' lang='lat' dir='ltr'>pimus,</span> <span class='ocrx_word' id='word_1_331' title='bbox 548 1678 581 1705; x_wconf 91' lang='lat' dir='ltr'>ut</span> <span class='ocrx_word' id='word_1_332' title='bbox 615 1678 786 1717; x_wconf 90' lang='lat' dir='ltr'>utrumque</span> <span class='ocrx_word' id='word_1_333' title='bbox 822 1682 939 1716; x_wconf 76' lang='lat' dir='ltr'>regem.</span> <span class='ocrx_word' id='word_1_334' title='bbox 974 1670 1146 1704; x_wconf 81' lang='lat' dir='ltr'>Henricum</span> <span class='ocrx_word' id='word_1_335' title='bbox 1166 1649 1170 1702; x_wconf 81' lang='lat' dir='ltr'>l</span> <span class='ocrx_word' id='word_1_336' title='bbox 1189 1674 1283 1708; x_wconf 85' lang='lat' dir='ltr'>debet</span> <span class='ocrx_word' id='word_1_337' title='bbox 1301 1674 1458 1716; x_wconf 82' lang='lat' dir='ltr'>excidere,</span> <span class='ocrx_word' id='word_1_338' title='bbox 1477 1675 1559 1721; x_wconf 86' lang='lat' dir='ltr'>quod</span> <span class='ocrx_word' id='word_1_339' title='bbox 1577 1675 1629 1721; x_wconf 90' lang='lat' dir='ltr'>qui</span> <span class='ocrx_word' id='word_1_340' title='bbox 1645 1674 1847 1720; x_wconf 80' lang='lat' dir='ltr'>Apostolicae</span> <span class='ocrx_word' id='word_1_341' title='bbox 1861 1673 1938 1708; x_wconf 87' lang='lat' dir='ltr'>Sedi</span> 
     </span>
     <span class='ocr_line' id='line_1_53' title="bbox 393 1711 1940 1767; baseline 0.001 -12"><span class='ocrx_word' id='word_1_342' title='bbox 393 1720 541 1755; x_wconf 84' lang='lat' dir='ltr'>videlieet</span> <span class='ocrx_word' id='word_1_343' title='bbox 567 1728 597 1754; x_wconf 90' lang='lat' dir='ltr'>et</span> <span class='ocrx_word' id='word_1_344' title='bbox 625 1719 848 1766; x_wconf 81' lang='lat' dir='ltr'>Rodulphum,</span> <span class='ocrx_word' id='word_1_345' title='bbox 877 1727 929 1753; x_wconf 79' lang='lat' dir='ltr'>aut</span> <span class='ocrx_word' id='word_1_346' title='bbox 964 1731 1019 1766; x_wconf 73' lang='lat' dir='ltr'>per</span> <span class='ocrx_word' id='word_1_347' title='bbox 1040 1731 1073 1753; x_wconf 78' lang='lat' dir='ltr'>se</span> <span class='ocrx_word' id='word_1_348' title='bbox 1096 1727 1148 1753; x_wconf 77' lang='lat' dir='ltr'>aut</span> <span class='ocrx_word' id='word_1_349' title='bbox 1166 1711 1170 1767; x_wconf 68' lang='lat' dir='ltr'>i</span> <span class='ocrx_word' id='word_1_350' title='bbox 1188 1723 1316 1758; x_wconf 87' lang='lat' dir='ltr'>obedire</span> <span class='ocrx_word' id='word_1_351' title='bbox 1338 1725 1521 1763; x_wconf 86' lang='lat' dir='ltr'>contemnit,</span> <span class='ocrx_word' id='word_1_352' title='bbox 1549 1724 1651 1758; x_wconf 82' lang='lat' dir='ltr'>scelus</span> <span class='ocrx_word' id='word_1_353' title='bbox 1674 1723 1868 1758; x_wconf 85' lang='lat' dir='ltr'>idololatriae</span> <span class='ocrx_word' id='word_1_354' title='bbox 1886 1724 1940 1757; x_wconf 90' lang='lat' dir='ltr'>in-</span> 
     </span>
     <span class='ocr_line' id='line_1_54' title="bbox 393 1768 1943 1820; baseline 0.001 -16"><span class='ocrx_word' id='word_1_355' title='bbox 393 1782 452 1818; x_wconf 86' lang='lat' dir='ltr'>per</span> <span class='ocrx_word' id='word_1_356' title='bbox 490 1769 623 1804; x_wconf 88' lang='lat' dir='ltr'>idoneos</span> <span class='ocrx_word' id='word_1_357' title='bbox 656 1768 792 1803; x_wconf 88' lang='lat' dir='ltr'>nuncios</span> <span class='ocrx_word' id='word_1_358' title='bbox 833 1769 1038 1809; x_wconf 83' lang='lat' dir='ltr'>admoneant,</span> <span class='ocrx_word' id='word_1_359' title='bbox 1069 1769 1303 1816; x_wconf 57' lang='lat' dir='ltr'>qtia-ict1rrit,</span> <span class='ocrx_word' id='word_1_360' title='bbox 1333 1781 1362 1807; x_wconf 91' lang='lat' dir='ltr'>et</span> <span class='ocrx_word' id='word_1_361' title='bbox 1385 1773 1467 1820; x_wconf 91' lang='lat' dir='ltr'>quod</span> <span class='ocrx_word' id='word_1_362' title='bbox 1492 1773 1602 1808; x_wconf 87' lang='lat' dir='ltr'>beatus</span> <span class='ocrx_word' id='word_1_363' title='bbox 1628 1772 1802 1818; x_wconf 84' lang='lat' dir='ltr'>Gregorius</span> <span class='ocrx_word' id='word_1_364' title='bbox 1832 1772 1943 1807; x_wconf 80' lang='lat' dir='ltr'>doctor</span> 
     </span>
     <span class='ocr_line' id='line_1_55' title="bbox 394 1816 1942 1868; baseline -0.001 -10"><span class='ocrx_word' id='word_1_365' title='bbox 394 1829 486 1854; x_wconf 72' lang='lat' dir='ltr'>tenus</span> <span class='ocrx_word' id='word_1_366' title='bbox 503 1819 584 1853; x_wconf 69' lang='lat' dir='ltr'>Viam</span> <span class='ocrx_word' id='word_1_367' title='bbox 608 1817 686 1852; x_wconf 74' lang='lat' dir='ltr'>mihi</span> <span class='ocrx_word' id='word_1_368' title='bbox 709 1830 764 1864; x_wconf 67' lang='lat'>[³¹¹0</span> <span class='ocrx_word' id='word_1_369' title='bbox 789 1817 986 1853; x_wconf 84' lang='lat' dir='ltr'>discutiendo</span> <span class='ocrx_word' id='word_1_370' title='bbox 1010 1818 1146 1863; x_wconf 67' lang='grc' dir='ltr'>Πθὲθῑῑῡ,</span> <span class='ocrx_word' id='word_1_371' title='bbox 1166 1816 1170 1848; x_wconf 59' lang='grc' dir='ltr'><strong><em>ἶ</em></strong></span> <span class='ocrx_word' id='word_1_372' title='bbox 1188 1831 1316 1856; x_wconf 86' lang='lat' dir='ltr'>sanctus</span> <span class='ocrx_word' id='word_1_373' title='bbox 1339 1831 1368 1856; x_wconf 90' lang='lat' dir='ltr'>et</span> <span class='ocrx_word' id='word_1_374' title='bbox 1396 1822 1613 1866; x_wconf 79' lang='lat' dir='ltr'>humillimus,</span> <span class='ocrx_word' id='word_1_375' title='bbox 1646 1834 1736 1868; x_wconf 83' lang='lat' dir='ltr'>reges</span> <span class='ocrx_word' id='word_1_376' title='bbox 1764 1822 1904 1856; x_wconf 88' lang='lat' dir='ltr'>decrevit</span> <span class='ocrx_word' id='word_1_377' title='bbox 1925 1834 1942 1856; x_wconf 86' lang='lat' dir='ltr'>a</span> 
     </span>
     <span class='ocr_line' id='line_1_56' title="bbox 394 1867 1943 1918; baseline 0.002 -15"><span class='ocrx_word' id='word_1_378' title='bbox 394 1868 479 1916; x_wconf 92' lang='lat' dir='ltr'>quod</span> <span class='ocrx_word' id='word_1_379' title='bbox 502 1867 638 1915; x_wconf 84' lang='lat' dir='ltr'>peccatis</span> <span class='ocrx_word' id='word_1_380' title='bbox 656 1867 846 1902; x_wconf 81' lang='lat' dir='ltr'>facientibus</span> <span class='ocrx_word' id='word_1_381' title='bbox 868 1867 948 1901; x_wconf 82' lang='lat' dir='ltr'>inter</span> <span class='ocrx_word' id='word_1_382' title='bbox 967 1879 1021 1902; x_wconf 86' lang='lat' dir='ltr'>eos</span> <span class='ocrx_word' id='word_1_383' title='bbox 1043 1874 1145 1901; x_wconf 88' lang='lat' dir='ltr'>ortum</span> <span class='ocrx_word' id='word_1_384' title='bbox 1188 1871 1254 1905; x_wconf 86' lang='lat' dir='ltr'>suis</span> <span class='ocrx_word' id='word_1_385' title='bbox 1276 1871 1483 1918; x_wconf 78' lang='lat' dir='ltr'>dignitatibus</span> <span class='ocrx_word' id='word_1_386' title='bbox 1506 1872 1628 1915; x_wconf 81' lang='lat' dir='ltr'>cadere,</span> <span class='ocrx_word' id='word_1_387' title='bbox 1650 1880 1681 1906; x_wconf 86' lang='lat' dir='ltr'>et</span> <span class='ocrx_word' id='word_1_388' title='bbox 1703 1871 1943 1918; x_wconf 80' lang='lat' dir='ltr'>participatione</span> 
     </span>
     <span class='ocr_line' id='line_1_57' title="bbox 393 1915 1938 1984; baseline 0.001 -31"><span class='ocrx_word' id='word_1_389' title='bbox 393 1926 451 1962; x_wconf 85' lang='lat' dir='ltr'>est,</span> <span class='ocrx_word' id='word_1_390' title='bbox 473 1917 512 1952; x_wconf 86' lang='lat' dir='ltr'>ad</span> <span class='ocrx_word' id='word_1_391' title='bbox 539 1929 607 1962; x_wconf 82' lang='lat' dir='ltr'>vos,</span> <span class='ocrx_word' id='word_1_392' title='bbox 630 1915 698 1952; x_wconf 90' lang='lat' dir='ltr'>Deo</span> <span class='ocrx_word' id='word_1_393' title='bbox 720 1916 854 1957; x_wconf 86' lang='lat' dir='ltr'>favente,</span> <span class='ocrx_word' id='word_1_394' title='bbox 868 1929 984 1951; x_wconf 69' lang='lat' dir='ltr'>‘secure</span> <span class='ocrx_word' id='word_1_395' title='bbox 1001 1916 1146 1950; x_wconf 73' lang='lat' dir='ltr'>veniendi</span> <span class='ocrx_word' id='word_1_396' title='bbox 1166 1925 1170 1984; x_wconf 81' lang='grc' dir='ltr'>Ι</span> <span class='ocrx_word' id='word_1_397' title='bbox 1188 1922 1331 1967; x_wconf 84' lang='lat' dir='ltr'>corporis</span> <span class='ocrx_word' id='word_1_398' title='bbox 1353 1929 1383 1956; x_wconf 87' lang='lat' dir='ltr'>et</span> <span class='ocrx_word' id='word_1_399' title='bbox 1410 1921 1571 1967; x_wconf 82' lang='lat' dir='ltr'>sanguinis</span> <span class='ocrx_word' id='word_1_400' title='bbox 1593 1919 1722 1955; x_wconf 89' lang='lat' dir='ltr'>Domini</span> <span class='ocrx_word' id='word_1_401' title='bbox 1745 1921 1840 1955; x_wconf 85' lang='lat' dir='ltr'>nostri</span> <span class='ocrx_word' id='word_1_402' title='bbox 1869 1920 1938 1954; x_wconf 86' lang='lat' dir='ltr'>lesu</span> 
     </span>
     <span class='ocr_line' id='line_1_58' title="bbox 395 1965 1943 2016; baseline 0.001 -14"><span class='ocrx_word' id='word_1_403' title='bbox 395 1966 580 2015; x_wconf 81' lang='lat' dir='ltr'>praebeant.</span> <span class='ocrx_word' id='word_1_404' title='bbox 628 1965 662 2000; x_wconf 85' lang='lat' dir='ltr'>ln</span> <span class='ocrx_word' id='word_1_405' title='bbox 690 1978 803 2012; x_wconf 76' lang='lat' dir='ltr'>magna</span> <span class='ocrx_word' id='word_1_406' title='bbox 836 1966 919 2000; x_wconf 84' lang='lat' dir='ltr'>enim</span> <span class='ocrx_word' id='word_1_407' title='bbox 956 1965 1081 2000; x_wconf 75' lang='lat' dir='ltr'>triStitia</span> <span class='ocrx_word' id='word_1_408' title='bbox 1117 1973 1147 2000; x_wconf 77' lang='lat' dir='ltr'>et</span> <span class='ocrx_word' id='word_1_409' title='bbox 1188 1969 1303 2004; x_wconf 86' lang='lat' dir='ltr'>Christi</span> <span class='ocrx_word' id='word_1_410' title='bbox 1334 1981 1461 2010; x_wconf 82' lang='lat' dir='ltr'>carere,</span> <span class='ocrx_word' id='word_1_411' title='bbox 1489 1970 1514 2004; x_wconf 89' lang='lat' dir='ltr'>si</span> <span class='ocrx_word' id='word_1_412' title='bbox 1542 1977 1778 2016; x_wconf 79' lang='lat' dir='ltr'>praesumerent</span> <span class='ocrx_word' id='word_1_413' title='bbox 1804 1969 1943 2015; x_wconf 85' lang='lat' dir='ltr'>Aposto-</span> 
     </span>
     <span class='ocr_line' id='line_1_59' title="bbox 396 2015 1939 2062; baseline 0 -10"><span class='ocrx_word' id='word_1_414' title='bbox 396 2016 506 2051; x_wconf 85' lang='lat' dir='ltr'>dolore</span> <span class='ocrx_word' id='word_1_415' title='bbox 527 2027 582 2050; x_wconf 85' lang='lat' dir='ltr'>cor</span> <span class='ocrx_word' id='word_1_416' title='bbox 603 2023 746 2050; x_wconf 87' lang='lat' dir='ltr'>nostrum</span> <span class='ocrx_word' id='word_1_417' title='bbox 769 2016 911 2058; x_wconf 82' lang='lat' dir='ltr'>fluctuat,</span> <span class='ocrx_word' id='word_1_418' title='bbox 933 2015 956 2049; x_wconf 85' lang='lat' dir='ltr'>si</span> <span class='ocrx_word' id='word_1_419' title='bbox 973 2027 1028 2062; x_wconf 83' lang='lat' dir='ltr'>per</span> <span class='ocrx_word' id='word_1_420' title='bbox 1055 2015 1148 2049; x_wconf 87' lang='lat' dir='ltr'>unius</span> <span class='ocrx_word' id='word_1_421' title='bbox 1188 2018 1265 2053; x_wconf 85' lang='lat' dir='ltr'>licae</span> <span class='ocrx_word' id='word_1_422' title='bbox 1288 2018 1380 2053; x_wconf 81' lang='lat' dir='ltr'>Sedis</span> <span class='ocrx_word' id='word_1_423' title='bbox 1403 2019 1526 2054; x_wconf 79' lang='lat' dir='ltr'>decreta</span> <span class='ocrx_word' id='word_1_424' title='bbox 1549 2028 1761 2054; x_wconf 83' lang='lat' dir='ltr'>contemnere.</span> <span class='ocrx_word' id='word_1_425' title='bbox 1792 2018 1826 2053; x_wconf 86' lang='lat' dir='ltr'>Si</span> <span class='ocrx_word' id='word_1_426' title='bbox 1854 2018 1939 2052; x_wconf 80' lang='lat' dir='ltr'>enim</span> 
     </span>
    </p>
   </div>
   <div class='ocr_carea' id='block_1_16' title="bbox 392 2064 1942 2210">
    <p class='ocr_par' dir='ltr' id='par_1_17' title="bbox 392 2064 1942 2210">
     <span class='ocr_line' id='line_1_60' title="bbox 392 2064 1940 2115; baseline -0.001 -15"><span class='ocrx_word' id='word_1_427' title='bbox 392 2065 532 2100; x_wconf 89' lang='lat' dir='ltr'>hominis</span> <span class='ocrx_word' id='word_1_428' title='bbox 567 2064 747 2112; x_wconf 87' lang='lat' dir='ltr'>superbiam</span> <span class='ocrx_word' id='word_1_429' title='bbox 784 2072 828 2099; x_wconf 91' lang='lat' dir='ltr'>tot</span> <span class='ocrx_word' id='word_1_430' title='bbox 856 2064 952 2098; x_wconf 87' lang='lat' dir='ltr'>millia</span> <span class='ocrx_word' id='word_1_431' title='bbox 981 2064 1146 2098; x_wconf 90' lang='lat' dir='ltr'>hominum</span> <span class='ocrx_word' id='word_1_432' title='bbox 1166 2067 1330 2102; x_wconf 67' lang='lat' dir='ltr'>»caelestia</span> <span class='ocrx_word' id='word_1_433' title='bbox 1354 2077 1384 2102; x_wconf 74' lang='grc' dir='ltr'>ρῑ</span> <span class='ocrx_word' id='word_1_434' title='bbox 1413 2068 1586 2115; x_wconf 68' lang='lat' dir='ltr'>spiritualia</span> <span class='ocrx_word' id='word_1_435' title='bbox 1619 2068 1719 2103; x_wconf 73' lang='lat' dir='ltr'>Sedes</span> <span class='ocrx_word' id='word_1_436' title='bbox 1749 2067 1828 2101; x_wconf 77' lang='lat' dir='ltr'>beati</span> <span class='ocrx_word' id='word_1_437' title='bbox 1855 2066 1940 2102; x_wconf 77' lang='lat' dir='ltr'>Petri</span> 
     </span>
     <span class='ocr_line' id='line_1_61' title="bbox 393 2113 1940 2165; baseline -0.001 -16"><span class='ocrx_word' id='word_1_438' title='bbox 393 2115 639 2150; x_wconf 86' lang='lat' dir='ltr'>christianorum</span> <span class='ocrx_word' id='word_1_439' title='bbox 661 2113 828 2161; x_wconf 87' lang='lat' dir='ltr'>temporali</span> <span class='ocrx_word' id='word_1_440' title='bbox 847 2121 877 2148; x_wconf 88' lang='lat' dir='ltr'>et</span> <span class='ocrx_word' id='word_1_441' title='bbox 891 2121 1036 2148; x_wconf 75' lang='lat' dir='ltr'>aeternae</span> <span class='ocrx_word' id='word_1_442' title='bbox 1054 2113 1146 2147; x_wconf 90' lang='lat' dir='ltr'>morti</span> <span class='ocrx_word' id='word_1_443' title='bbox 1188 2117 1279 2151; x_wconf 83' lang='lat' dir='ltr'>solvit</span> <span class='ocrx_word' id='word_1_444' title='bbox 1301 2125 1331 2152; x_wconf 77' lang='lat' dir='ltr'>et</span> <span class='ocrx_word' id='word_1_445' title='bbox 1353 2118 1480 2157; x_wconf 76' lang='lat' dir='ltr'>iudicat,</span> <span class='ocrx_word' id='word_1_446' title='bbox 1504 2126 1623 2165; x_wconf 75' lang='lat' dir='ltr'>quanto</span> <span class='ocrx_word' id='word_1_447' title='bbox 1645 2116 1745 2162; x_wconf 80' lang='lat' dir='ltr'>magis</span> <span class='ocrx_word' id='word_1_448' title='bbox 1766 2124 1889 2151; x_wconf 78' lang='lat' dir='ltr'>terrena</span> <span class='ocrx_word' id='word_1_449' title='bbox 1910 2124 1940 2150; x_wconf 86' lang='lat' dir='ltr'>et</span> 
     </span>
     <span class='ocr_line' id='line_1_62' title="bbox 393 2151 1942 2210; baseline -0.001 -10"><span class='ocrx_word' id='word_1_450' title='bbox 393 2164 573 2208; x_wconf 76' lang='lat' dir='ltr'>traduntur,</span> <span class='ocrx_word' id='word_1_451' title='bbox 596 2171 627 2209; x_wconf 72' lang='lat' dir='ltr'>et</span> <span class='ocrx_word' id='word_1_452' title='bbox 648 2163 818 2198; x_wconf 79' lang='lat' dir='ltr'>christiana</span> <span class='ocrx_word' id='word_1_453' title='bbox 842 2163 952 2210; x_wconf 75' lang='lat' dir='ltr'>religio</span> <span class='ocrx_word' id='word_1_454' title='bbox 979 2162 1148 2197; x_wconf 79' lang='lat' dir='ltr'>confundi-</span> <span class='ocrx_word' id='word_1_455' title='bbox 1166 2151 1170 2181; x_wconf 70' lang='grc' dir='ltr'>Ι</span> <span class='ocrx_word' id='word_1_456' title='bbox 1188 2167 1377 2201; x_wconf 81' lang='lat' dir='ltr'>saecularia?</span> <span class='ocrx_word' id='word_1_457' title='bbox 1409 2166 1502 2201; x_wconf 83' lang='lat' dir='ltr'>Scitis</span> <span class='ocrx_word' id='word_1_458' title='bbox 1535 2174 1653 2207; x_wconf 85' lang='lat' dir='ltr'>autem,</span> <span class='ocrx_word' id='word_1_459' title='bbox 1687 2166 1797 2200; x_wconf 84' lang='lat' dir='ltr'>fratres</span> <span class='ocrx_word' id='word_1_460' title='bbox 1823 2165 1942 2200; x_wconf 85' lang='lat' dir='ltr'>charis-</span> 
     </span>
    </p>
   </div>
   <div class='ocr_carea' id='block_1_17' title="bbox 394 2211 1149 2604">
    <p class='ocr_par' dir='ltr' id='par_1_18' title="bbox 394 2211 1149 2604">
     <span class='ocr_line' id='line_1_63' title="bbox 396 2211 1148 2259; baseline -0.003 -11"><span class='ocrx_word' id='word_1_461' title='bbox 396 2222 462 2258; x_wconf 83' lang='lat' dir='ltr'>tur,</span> <span class='ocrx_word' id='word_1_462' title='bbox 490 2224 720 2259; x_wconf 85' lang='lat' dir='ltr'>romanumque</span> <span class='ocrx_word' id='word_1_463' title='bbox 749 2212 915 2259; x_wconf 87' lang='lat' dir='ltr'>imperium</span> <span class='ocrx_word' id='word_1_464' title='bbox 938 2211 976 2246; x_wconf 87' lang='lat' dir='ltr'>ad</span> <span class='ocrx_word' id='word_1_465' title='bbox 1000 2211 1148 2258; x_wconf 89' lang='lat' dir='ltr'>perditio-</span> 
     </span>
     <span class='ocr_line' id='line_1_64' title="bbox 394 2261 1147 2310; baseline -0.003 -13"><span class='ocrx_word' id='word_1_466' title='bbox 394 2274 468 2297; x_wconf 87' lang='lat' dir='ltr'>nem</span> <span class='ocrx_word' id='word_1_467' title='bbox 495 2261 688 2310; x_wconf 86' lang='lat' dir='ltr'>perducitur.</span> <span class='ocrx_word' id='word_1_468' title='bbox 712 2261 853 2309; x_wconf 84' lang='lat' dir='ltr'>Uterque</span> <span class='ocrx_word' id='word_1_469' title='bbox 881 2273 1017 2307; x_wconf 84' lang='lat' dir='ltr'>namque</span> <span class='ocrx_word' id='word_1_470' title='bbox 1050 2273 1103 2295; x_wconf 86' lang='lat' dir='ltr'>rex</span> <span class='ocrx_word' id='word_1_471' title='bbox 1130 2273 1147 2295; x_wconf 88' lang='lat' dir='ltr'>a</span> 
     </span>
     <span class='ocr_line' id='line_1_65' title="bbox 395 2310 1148 2358; baseline -0.003 -12"><span class='ocrx_word' id='word_1_472' title='bbox 395 2311 499 2356; x_wconf 76' lang='lat' dir='ltr'>nobis,</span> <span class='ocrx_word' id='word_1_473' title='bbox 523 2311 620 2346; x_wconf 87' lang='lat' dir='ltr'>immo</span> <span class='ocrx_word' id='word_1_474' title='bbox 642 2311 681 2346; x_wconf 92' lang='lat' dir='ltr'>ab</span> <span class='ocrx_word' id='word_1_475' title='bbox 707 2310 888 2358; x_wconf 85' lang='lat' dir='ltr'>Apostolica</span> <span class='ocrx_word' id='word_1_476' title='bbox 911 2310 1006 2351; x_wconf 89' lang='lat' dir='ltr'>Sede,</span> <span class='ocrx_word' id='word_1_477' title='bbox 1035 2310 1086 2345; x_wconf 87' lang='lat' dir='ltr'>eui</span> <span class='ocrx_word' id='word_1_478' title='bbox 1111 2310 1148 2344; x_wconf 92' lang='lat' dir='ltr'>li-</span> 
     </span>
     <span class='ocr_line' id='line_1_66' title="bbox 397 2359 1148 2407; baseline -0.001 -12"><span class='ocrx_word' id='word_1_479' title='bbox 397 2369 446 2396; x_wconf 90' lang='lat' dir='ltr'>cet</span> <span class='ocrx_word' id='word_1_480' title='bbox 473 2360 593 2406; x_wconf 86' lang='lat' dir='ltr'>indigni</span> <span class='ocrx_word' id='word_1_481' title='bbox 621 2360 853 2407; x_wconf 81' lang='lat' dir='ltr'>praesidemus,</span> <span class='ocrx_word' id='word_1_482' title='bbox 881 2359 1073 2394; x_wconf 87' lang='lat' dir='ltr'>adiutorium</span> <span class='ocrx_word' id='word_1_483' title='bbox 1096 2371 1148 2394; x_wconf 89' lang='lat' dir='ltr'>re-</span> 
     </span>
     <span class='ocr_line' id='line_1_67' title="bbox 396 2408 1149 2456; baseline -0.003 -12"><span class='ocrx_word' id='word_1_484' title='bbox 396 2411 503 2456; x_wconf 87' lang='lat' dir='ltr'>quirit.</span> <span class='ocrx_word' id='word_1_485' title='bbox 530 2410 571 2444; x_wconf 89' lang='lat' dir='ltr'>Et</span> <span class='ocrx_word' id='word_1_486' title='bbox 594 2422 650 2444; x_wconf 89' lang='lat' dir='ltr'>nos</span> <span class='ocrx_word' id='word_1_487' title='bbox 677 2409 716 2443; x_wconf 88' lang='lat' dir='ltr'>‹le</span> <span class='ocrx_word' id='word_1_488' title='bbox 751 2409 965 2444; x_wconf 85' lang='lat' dir='ltr'>misericordia</span> <span class='ocrx_word' id='word_1_489' title='bbox 1001 2408 1149 2455; x_wconf 88' lang='lat' dir='ltr'>omnipo-</span> 
     </span>
     <span class='ocr_line' id='line_1_68' title="bbox 398 2457 1148 2499; baseline -0.003 -6"><span class='ocrx_word' id='word_1_490' title='bbox 398 2460 494 2493; x_wconf 73' lang='lat' dir='ltr'>tentis</span> <span class='ocrx_word' id='word_1_491' title='bbox 512 2459 583 2499; x_wconf 79' lang='lat' dir='ltr'>Dei,</span> <span class='ocrx_word' id='word_1_492' title='bbox 611 2466 641 2493; x_wconf 83' lang='lat' dir='ltr'>et</span> <span class='ocrx_word' id='word_1_493' title='bbox 655 2458 810 2493; x_wconf 84' lang='lat' dir='ltr'>adiutorio</span> <span class='ocrx_word' id='word_1_494' title='bbox 832 2458 912 2493; x_wconf 81' lang='lat' dir='ltr'>beati</span> <span class='ocrx_word' id='word_1_495' title='bbox 936 2458 1020 2492; x_wconf 86' lang='lat' dir='ltr'>Petri</span> <span class='ocrx_word' id='word_1_496' title='bbox 1043 2457 1148 2492; x_wconf 72' lang='lat' dir='ltr'>eonst-</span> 
     </span>
     <span class='ocr_line' id='line_1_69' title="bbox 398 2507 1147 2554; baseline -0.003 -12"><span class='ocrx_word' id='word_1_497' title='bbox 398 2508 521 2548; x_wconf 85' lang='lat' dir='ltr'>dentes,</span> <span class='ocrx_word' id='word_1_498' title='bbox 544 2508 641 2554; x_wconf 87' lang='lat' dir='ltr'>parati</span> <span class='ocrx_word' id='word_1_499' title='bbox 664 2520 775 2542; x_wconf 90' lang='lat' dir='ltr'>sumus</span> <span class='ocrx_word' id='word_1_500' title='bbox 797 2519 867 2542; x_wconf 89' lang='lat' dir='ltr'>cum</span> <span class='ocrx_word' id='word_1_501' title='bbox 888 2515 989 2542; x_wconf 77' lang='lat' dir='ltr'>vestro</span> <span class='ocrx_word' id='word_1_502' title='bbox 1005 2507 1147 2547; x_wconf 67' lang='lat' dir='ltr'>consilio,</span> 
     </span>
     <span class='ocr_line' id='line_1_70' title="bbox 399 2556 1148 2604; baseline -0.001 -14"><span class='ocrx_word' id='word_1_503' title='bbox 399 2558 453 2604; x_wconf 92' lang='lat' dir='ltr'>qui</span> <span class='ocrx_word' id='word_1_504' title='bbox 482 2557 584 2591; x_wconf 81' lang='lat' dir='ltr'>Deum</span> <span class='ocrx_word' id='word_1_505' title='bbox 608 2557 744 2600; x_wconf 83' lang='lat' dir='ltr'>timetis,</span> <span class='ocrx_word' id='word_1_506' title='bbox 775 2565 805 2591; x_wconf 83' lang='lat' dir='ltr'>et</span> <span class='ocrx_word' id='word_1_507' title='bbox 827 2556 1029 2592; x_wconf 82' lang='lat' dir='ltr'>christianam</span> <span class='ocrx_word' id='word_1_508' title='bbox 1053 2556 1148 2590; x_wconf 82' lang='lat' dir='ltr'>iidem</span> 
     </span>
    </p>
   </div>
   <div class='ocr_carea' id='block_1_18' title="bbox 436 2621 843 2658">
    <p class='ocr_par' dir='ltr' id='par_1_19' title="bbox 436 2621 843 2658">
     <span class='ocr_line' id='line_1_71' title="bbox 436 2621 843 2658; baseline 0.005 -11"><span class='ocrx_word' id='word_1_509' title='bbox 436 2623 476 2658; x_wconf 74' lang='lat'>(1)</span> <span class='ocrx_word' id='word_1_510' title='bbox 494 2621 532 2649; x_wconf 79' lang='lat' dir='ltr'>Ex</span> <span class='ocrx_word' id='word_1_511' title='bbox 545 2621 609 2648; x_wconf 86' lang='lat' dir='ltr'>edit.</span> <span class='ocrx_word' id='word_1_512' title='bbox 631 2621 708 2650; x_wconf 82' lang='lat' dir='ltr'>card.</span> <span class='ocrx_word' id='word_1_513' title='bbox 727 2622 843 2649; x_wconf 81' lang='lat' dir='ltr'>Carasae.</span> 
     </span>
    </p>
   </div>
   <div class='ocr_carea' id='block_1_19' title="bbox 1166 2214 1945 2658">
    <p class='ocr_par' dir='ltr' id='par_1_20' title="bbox 1166 2214 1945 2658">
     <span class='ocr_line' id='line_1_72' title="bbox 1166 2214 1944 2263; baseline -0.003 -14"><span class='ocrx_word' id='word_1_514' title='bbox 1166 2216 1278 2256; x_wconf 76' lang='lat' dir='ltr'>tsimi,</span> <span class='ocrx_word' id='word_1_515' title='bbox 1301 2216 1372 2263; x_wconf 88' lang='lat' dir='ltr'>quia</span> <span class='ocrx_word' id='word_1_516' title='bbox 1400 2228 1438 2251; x_wconf 76' lang='lat' dir='ltr'>ex</span> <span class='ocrx_word' id='word_1_517' title='bbox 1464 2228 1527 2263; x_wconf 87' lang='lat' dir='ltr'>quo</span> <span class='ocrx_word' id='word_1_518' title='bbox 1551 2223 1692 2263; x_wconf 86' lang='lat' dir='ltr'>tempore</span> <span class='ocrx_word' id='word_1_519' title='bbox 1711 2215 1748 2249; x_wconf 87' lang='lat' dir='ltr'>ab</span> <span class='ocrx_word' id='word_1_520' title='bbox 1770 2214 1847 2249; x_wconf 82' lang='lat' dir='ltr'>urbe</span> <span class='ocrx_word' id='word_1_521' title='bbox 1875 2215 1944 2248; x_wconf 82' lang='lat' dir='ltr'>exi-</span> 
     </span>
     <span class='ocr_line' id='line_1_73' title="bbox 1189 2263 1938 2312; baseline -0.001 -14"><span class='ocrx_word' id='word_1_522' title='bbox 1189 2265 1308 2309; x_wconf 71' lang='lat' dir='ltr'>vimus,</span> <span class='ocrx_word' id='word_1_523' title='bbox 1337 2266 1367 2299; x_wconf 82' lang='lat' dir='ltr'>in</span> <span class='ocrx_word' id='word_1_524' title='bbox 1391 2278 1503 2311; x_wconf 79' lang='lat' dir='ltr'>magno</span> <span class='ocrx_word' id='word_1_525' title='bbox 1526 2265 1664 2312; x_wconf 78' lang='lat' dir='ltr'>periculo</span> <span class='ocrx_word' id='word_1_526' title='bbox 1688 2265 1769 2299; x_wconf 81' lang='lat' dir='ltr'>inter</span> <span class='ocrx_word' id='word_1_527' title='bbox 1791 2263 1938 2298; x_wconf 80' lang='lat' dir='ltr'>inimicos</span> 
     </span>
     <span class='ocr_line' id='line_1_74' title="bbox 1189 2314 1940 2355; baseline -0.003 -7"><span class='ocrx_word' id='word_1_528' title='bbox 1189 2314 1376 2349; x_wconf 86' lang='lat' dir='ltr'>christianae</span> <span class='ocrx_word' id='word_1_529' title='bbox 1415 2314 1486 2349; x_wconf 84' lang='lat' dir='ltr'>fidei</span> <span class='ocrx_word' id='word_1_530' title='bbox 1533 2314 1727 2355; x_wconf 67' lang='lat' dir='ltr'>mansimus,</span> <span class='ocrx_word' id='word_1_531' title='bbox 1769 2321 1800 2347; x_wconf 88' lang='lat' dir='ltr'>et</span> <span class='ocrx_word' id='word_1_532' title='bbox 1835 2321 1940 2347; x_wconf 89' lang='lat' dir='ltr'>tamen</span> 
     </span>
     <span class='ocr_line' id='line_1_75' title="bbox 1189 2363 1943 2410; baseline -0.003 -13"><span class='ocrx_word' id='word_1_533' title='bbox 1189 2365 1291 2397; x_wconf 84' lang='lat' dir='ltr'>neutri</span> <span class='ocrx_word' id='word_1_534' title='bbox 1310 2363 1540 2410; x_wconf 79' lang='lat' dir='ltr'>praedictorum</span> <span class='ocrx_word' id='word_1_535' title='bbox 1565 2375 1674 2410; x_wconf 80' lang='lat' dir='ltr'>regum</span> <span class='ocrx_word' id='word_1_536' title='bbox 1698 2374 1800 2409; x_wconf 89' lang='lat' dir='ltr'>neque</span> <span class='ocrx_word' id='word_1_537' title='bbox 1823 2369 1943 2396; x_wconf 88' lang='lat' dir='ltr'>terrore</span> 
     </span>
     <span class='ocr_line' id='line_1_76' title="bbox 1169 2410 1940 2460; baseline -0.003 -14"><span class='ocrx_word' id='word_1_538' title='bbox 1169 2424 1291 2459; x_wconf 20' lang='lat' dir='ltr'>‘neque</span> <span class='ocrx_word' id='word_1_539' title='bbox 1318 2425 1424 2448; x_wconf 81' lang='lat' dir='ltr'>amore</span> <span class='ocrx_word' id='word_1_540' title='bbox 1452 2413 1535 2453; x_wconf 73' lang='lat' dir='ltr'>llexi,</span> <span class='ocrx_word' id='word_1_541' title='bbox 1557 2412 1684 2460; x_wconf 83' lang='lat' dir='ltr'>aliquod</span> <span class='ocrx_word' id='word_1_542' title='bbox 1708 2419 1816 2446; x_wconf 87' lang='lat' dir='ltr'>contra</span> <span class='ocrx_word' id='word_1_543' title='bbox 1846 2410 1940 2445; x_wconf 90' lang='lat' dir='ltr'>iusti-</span> 
     </span>
     <span class='ocr_line' id='line_1_77' title="bbox 1167 2459 1942 2512; baseline -0.001 -17"><span class='ocrx_word' id='word_1_544' title='bbox 1167 2461 1263 2512; x_wconf 66' lang='lat' dir='ltr'>}tiam</span> <span class='ocrx_word' id='word_1_545' title='bbox 1299 2471 1327 2496; x_wconf 88' lang='lat' dir='ltr'>et</span> <span class='ocrx_word' id='word_1_546' title='bbox 1360 2463 1549 2497; x_wconf 79' lang='lat' dir='ltr'>adiutorium</span> <span class='ocrx_word' id='word_1_547' title='bbox 1590 2461 1804 2508; x_wconf 84' lang='lat' dir='ltr'>promisimus.</span> <span class='ocrx_word' id='word_1_548' title='bbox 1841 2459 1942 2505; x_wconf 78' lang='lat' dir='ltr'>Magis</span> 
     </span>
     <span class='ocr_line' id='line_1_78' title="bbox 1190 2510 1940 2556; baseline -0.005 -11"><span class='ocrx_word' id='word_1_549' title='bbox 1190 2511 1272 2545; x_wconf 82' lang='lat' dir='ltr'>enim</span> <span class='ocrx_word' id='word_1_550' title='bbox 1297 2512 1442 2546; x_wconf 79' lang='lat' dir='ltr'>volumus</span> <span class='ocrx_word' id='word_1_551' title='bbox 1474 2519 1606 2546; x_wconf 84' lang='lat' dir='ltr'>mortem</span> <span class='ocrx_word' id='word_1_552' title='bbox 1642 2511 1682 2553; x_wconf 77' lang='lat' dir='ltr'>(si</span> <span class='ocrx_word' id='word_1_553' title='bbox 1713 2510 1772 2544; x_wconf 80' lang='lat' dir='ltr'>hoe</span> <span class='ocrx_word' id='word_1_554' title='bbox 1799 2517 1940 2556; x_wconf 64' lang='lat' dir='ltr'>oportet)</span> 
     </span>
     <span class='ocr_line' id='line_1_79' title="bbox 1190 2557 1945 2608; baseline -0.004 -14"><span class='ocrx_word' id='word_1_555' title='bbox 1190 2560 1314 2601; x_wconf 67' lang='lat' dir='ltr'>subire,</span> <span class='ocrx_word' id='word_1_556' title='bbox 1344 2574 1436 2608; x_wconf 68' lang='lat' dir='ltr'>quem</span> <span class='ocrx_word' id='word_1_557' title='bbox 1467 2561 1589 2608; x_wconf 58' lang='lat' dir='ltr'>proprisi</span> <span class='ocrx_word' id='word_1_558' title='bbox 1623 2560 1783 2594; x_wconf 72' lang='lat' dir='ltr'>voiuntate</span> <span class='ocrx_word' id='word_1_559' title='bbox 1811 2557 1945 2607; x_wconf 69' lang='lat' dir='ltr'>devicti,</span> 
     </span>
     <span class='ocr_line' id='line_1_80' title="bbox 1228 2622 1633 2658; baseline 0 -11"><span class='ocrx_word' id='word_1_560' title='bbox 1228 2622 1266 2658; x_wconf 72' lang='lat' dir='ltr'>(e)</span> <span class='ocrx_word' id='word_1_561' title='bbox 1284 2622 1335 2649; x_wconf 61' lang='lat' dir='ltr'>lic.</span> <span class='ocrx_word' id='word_1_562' title='bbox 1354 2624 1379 2650; x_wconf 74' lang='lat'>¹⁴.</span> <span class='ocrx_word' id='word_1_563' title='bbox 1420 2622 1457 2657; x_wconf 74' lang='lat' dir='ltr'>(b)</span> <span class='ocrx_word' id='word_1_564' title='bbox 1476 2623 1569 2648; x_wconf 60' lang='lat' dir='ltr'>Metui.</span> <span class='ocrx_word' id='word_1_565' title='bbox 1592 2623 1633 2647; x_wconf 68' lang='lat' dir='ltr'>ts.</span> 
     </span>
    </p>
   </div>
   <div class='ocr_carea' id='block_1_20' title="bbox 1166 2258 1171 2451">
    <p class='ocr_par' dir='ltr' id='par_1_21' title="bbox 1166 2258 1171 2451">
     <span class='ocr_line' id='line_1_81' title="bbox 1166 2258 1171 2451; baseline 0 754"><span class='ocrx_word' id='word_1_566' title='bbox 1166 2258 1171 2451; x_wconf 95' lang='lat' dir='ltr'> </span> 
     </span>
    </p>
   </div>
   <div class='ocr_carea' id='block_1_21' title="bbox 1167 2519 1174 2672">
    <p class='ocr_par' dir='ltr' id='par_1_22' title="bbox 1167 2519 1174 2672">
     <span class='ocr_line' id='line_1_82' title="bbox 1167 2519 1174 2672; baseline 0 533"><span class='ocrx_word' id='word_1_567' title='bbox 1167 2519 1174 2672; x_wconf 95' lang='lat' dir='ltr'> </span> 
     </span>
    </p>
   </div>
   <div class='ocr_carea' id='block_1_22' title="bbox 1960 235 2144 263">
    <p class='ocr_par' dir='ltr' id='par_1_23' title="bbox 1960 235 2144 263">
     <span class='ocr_line' id='line_1_83' title="bbox 1960 235 2144 263; baseline 0.005 -1"><span class='ocrx_word' id='word_1_568' title='bbox 1960 236 2009 262; x_wconf 83' lang='lat' dir='ltr'>An.</span> <span class='ocrx_word' id='word_1_569' title='bbox 2030 235 2058 263; x_wconf 92' lang='lat' dir='ltr'>C.</span> <span class='ocrx_word' id='word_1_570' title='bbox 2076 235 2144 263; x_wconf 87' lang='grc'><strong>1076</strong></span> 
     </span>
    </p>
   </div>
   <div class='ocr_carea' id='block_1_23' title="bbox 1961 620 2146 775">
    <p class='ocr_par' dir='ltr' id='par_1_24' title="bbox 1974 620 2145 668">
     <span class='ocr_line' id='line_1_84' title="bbox 1974 620 2145 668; baseline 0 -27"><span class='ocrx_word' id='word_1_571' title='bbox 1974 621 2003 642; x_wconf 80' lang='lat' dir='ltr'>Ex</span> <span class='ocrx_word' id='word_1_572' title='bbox 2014 620 2099 647; x_wconf 72' lang='lat' dir='ltr'>regibus</span> <span class='ocrx_word' id='word_1_573' title='bbox 2108 620 2145 668; x_wconf 65' lang='lat' dir='ltr'>gui</span> 
     </span>
    </p>

    <p class='ocr_par' dir='ltr' id='par_1_25' title="bbox 1961 648 2146 775">
     <span class='ocr_line' id='line_1_85' title="bbox 1961 648 2146 673; baseline -0.005 -5"><span class='ocrx_word' id='word_1_574' title='bbox 1961 648 2095 673; x_wconf 68' lang='lat' dir='ltr'>Apostolicae</span> <span class='ocrx_word' id='word_1_575' title='bbox 2125 653 2146 667; x_wconf 81' lang='lat' dir='ltr'>e-</span> 
     </span>
     <span class='ocr_line' id='line_1_86' title="bbox 1970 674 2138 695; baseline 0 -1"><span class='ocrx_word' id='word_1_576' title='bbox 1970 675 1991 694; x_wconf 80' lang='lat' dir='ltr'>di</span> <span class='ocrx_word' id='word_1_577' title='bbox 2014 674 2138 695; x_wconf 76' lang='lat' dir='ltr'>inobediens</span> 
     </span>
     <span class='ocr_line' id='line_1_87' title="bbox 1962 701 2146 723; baseline -0.005 -2"><span class='ocrx_word' id='word_1_578' title='bbox 1962 701 2068 723; x_wconf 72' lang='lat' dir='ltr'>extiterit.</span> <span class='ocrx_word' id='word_1_579' title='bbox 2099 706 2146 721; x_wconf 87' lang='lat' dir='ltr'>cum</span> 
     </span>
     <span class='ocr_line' id='line_1_88' title="bbox 1963 733 2146 748; baseline 0 0"><span class='ocrx_word' id='word_1_580' title='bbox 1963 734 1987 748; x_wconf 77' lang='lat' dir='ltr'>eo</span> <span class='ocrx_word' id='word_1_581' title='bbox 2001 733 2042 748; x_wconf 81' lang='lat' dir='ltr'>nou</span> <span class='ocrx_word' id='word_1_582' title='bbox 2055 733 2146 748; x_wconf 89' lang='lat' dir='ltr'>commu·</span> 
     </span>
     <span class='ocr_line' id='line_1_89' title="bbox 1962 754 2080 775; baseline 0.008 -1"><span class='ocrx_word' id='word_1_583' title='bbox 1962 754 2080 775; x_wconf 71' lang='lat' dir='ltr'>nicentium.</span> 
     </span>
    </p>
   </div>
   <div class='ocr_carea' id='block_1_24' title="bbox 1964 1341 2147 1395">
    <p class='ocr_par' dir='ltr' id='par_1_26' title="bbox 1964 1341 2147 1395">
     <span class='ocr_line' id='line_1_90' title="bbox 1977 1341 2147 1363; baseline 0 -1"><span class='ocrx_word' id='word_1_584' title='bbox 1977 1341 2090 1363; x_wconf 76' lang='lat' dir='ltr'>Obedienti</span> <span class='ocrx_word' id='word_1_585' title='bbox 2098 1347 2147 1362; x_wconf 81' lang='lat' dir='ltr'>vero</span> 
     </span>
     <span class='ocr_line' id='line_1_91' title="bbox 1964 1369 2128 1395; baseline 0 -6"><span class='ocrx_word' id='word_1_586' title='bbox 1964 1369 2128 1395; x_wconf 70' lang='lat' dir='ltr'>obsequendum.</span> 
     </span>
    </p>
   </div>
   <div class='ocr_carea' id='block_1_25' title="bbox 1964 1672 2150 1773">
    <p class='ocr_par' dir='ltr' id='par_1_27' title="bbox 1964 1672 2150 1773">
     <span class='ocr_line' id='line_1_92' title="bbox 2003 1672 2149 1693; baseline -0.007 0"><span class='ocrx_word' id='word_1_587' title='bbox 2003 1672 2149 1693; x_wconf 64' lang='lat' dir='ltr'>inobedientia</span> 
     </span>
     <span class='ocr_line' id='line_1_93' title="bbox 1964 1699 2150 1724; baseline 0.005 -5"><span class='ocrx_word' id='word_1_588' title='bbox 1964 1700 2097 1724; x_wconf 73' lang='lat' dir='ltr'>Apostolicae</span> <span class='ocrx_word' id='word_1_589' title='bbox 2113 1699 2150 1720; x_wconf 73' lang='lat' dir='ltr'>Se-</span> 
     </span>
     <span class='ocr_line' id='line_1_94' title="bbox 1964 1726 2150 1746; baseline 0.011 -2"><span class='ocrx_word' id='word_1_590' title='bbox 1964 1726 1984 1745; x_wconf 80' lang='lat' dir='ltr'>‹li</span> <span class='ocrx_word' id='word_1_591' title='bbox 2000 1727 2069 1746; x_wconf 74' lang='lat' dir='ltr'>scelus</span> <span class='ocrx_word' id='word_1_592' title='bbox 2082 1726 2150 1746; x_wconf 81' lang='lat' dir='ltr'>idolo-</span> 
     </span>
     <span class='ocr_line' id='line_1_95' title="bbox 1964 1752 2046 1773; baseline -0.012 0"><span class='ocrx_word' id='word_1_593' title='bbox 1964 1752 2046 1773; x_wconf 76' lang='lat' dir='ltr'>latriae.</span> 
     </span>
    </p>
   </div>
   <div class='ocr_carea' id='block_1_26' title="bbox 1965 2467 2151 2542">
    <p class='ocr_par' dir='ltr' id='par_1_28' title="bbox 1965 2467 2151 2542">
     <span class='ocr_line' id='line_1_96' title="bbox 1991 2467 2151 2491; baseline -0.006 -4"><span class='ocrx_word' id='word_1_594' title='bbox 1991 2467 2049 2491; x_wconf 75' lang='lat' dir='ltr'>Quod</span> <span class='ocrx_word' id='word_1_595' title='bbox 2066 2467 2092 2487; x_wconf 79' lang='lat' dir='ltr'>sit</span> <span class='ocrx_word' id='word_1_596' title='bbox 2106 2472 2151 2487; x_wconf 85' lang='lat' dir='ltr'>rnu-</span> 
     </span>
     <span class='ocr_line' id='line_1_97' title="bbox 1965 2493 2149 2524; baseline -0.016 -8"><span class='ocrx_word' id='word_1_597' title='bbox 1965 2501 1991 2516; x_wconf 91' lang='lat' dir='ltr'>nu</span> <span class='ocrx_word' id='word_1_598' title='bbox 2000 2510 2002 2513; x_wconf 86' lang='grc'>.</span> <span class='ocrx_word' id='word_1_599' title='bbox 2010 2493 2088 2524; x_wconf 65' lang='lat' dir='ltr'>sumini</span> <span class='ocrx_word' id='word_1_600' title='bbox 2096 2493 2149 2514; x_wconf 87' lang='lat' dir='ltr'>Pon-</span> 
     </span>
     <span class='ocr_line' id='line_1_98' title="bbox 1966 2526 2033 2542; baseline -0.015 0"><span class='ocrx_word' id='word_1_601' title='bbox 1966 2526 2033 2542; x_wconf 64' lang='lat' dir='ltr'>[thr-ts⁴</span> 
     </span>
    </p>
   </div>
  </div>
 </body>
</html>
