2180 3205
34 312 81 337 An.
103 310 130 336 C.
151 308 216 335 1οὓῑῖ

72 429 187 450 Anathemn

32 459 104 478 contra
120 462 156 475 uns
179 461 214 481 qni

32 483 60 504 ab
77 483 170 503 rhu-insin
183 488 215 501 sn·

32 516 70 536 per
83 510 123 530 bac
138 515 159 529 rc
174 509 215 528 ‹llx-

32 536 131 558 sentiunt.

57 1630 176 1655 Exordium.

862 297 1054 320 Λ1,1’“,ΧΑἺΙ)ΕΠ
1085 299 1107 320 11
1138 300 1185 320 ΙῬ.

245 350 430 385 universalis
463 350 622 386 Ecclesiae
651 363 705 398 per
732 352 822 397 longa
850 360 988 399 tempora

242 400 316 434 oliui
345 408 543 447 computasse
567 409 764 435 monstratur.
785 401 864 435 Nam
881 401 905 434 si
919 401 991 447 quis

245 461 387 496 perversa
411 457 441 484 ct
467 449 621 484 obstinata
651 458 754 484 mente
775 462 791 484 a
819 457 903 484 recto
928 458 990 484 tra-

244 499 316 532 mite
338 499 536 545 Apostolicac
552 499 644 533 Sedis
657 499 780 533 deviare
802 498 943 543 voluerit,
960 507 990 534 et

241 548 331 584 aliter
344 559 438 595 quam
451 560 508 582 nos
523 548 552 582 in
573 548 690 594 nuptiis
705 547 902 582 celebrandis
920 560 990 594 gra-

242 597 302 631 ‹lus
322 597 500 644 parentelae
519 609 683 631 numerare
701 597 912 637 contenderit,
932 598 990 644 pri-

242 659 326 681 mum
357 658 412 693 pro
438 658 494 681 sua
527 646 699 681 temeritate
725 646 852 680 caelesti
890 659 989 692 poena

242 696 413 742 plectetur,
442 695 641 742 postmodum
665 707 736 729 vero
772 695 877 741 gladio
911 708 990 742 pei·-

242 745 324 790 petui
348 744 554 779 anathematis
572 756 606 778 sc
629 744 748 779 noverit
770 745 987 791 iugulandum.

242 794 355 828 Datum
378 793 509 837 Romae,
525 802 587 827 etc.

589 937 641 972 111.

241 1013 337 1045 Bulla
360 1022 418 1056 pro
443 1012 609 1045 stabilitate
635 1012 783 1044 bonoram
809 1011 989 1055 Rivipollen-

287 1063 326 1093 sis
348 1061 524 1094 monasterii
550 1068 655 1094 contra
681 1061 893 1104 cuiuscumque
913 1072 987 1105 per-

287 1122 379 1144 sonae
399 1110 624 1154 infestacionem
648 1111 709 1152 (l).

509 1178 724 1210 SUMMARIUM

240 1242 407 1271 Exordium.
433 1257 473 1263 —-
493 1241 761 1270 Excommnnicatio
790 1245 889 1270 contra
911 1240 989 1270 deti-

281 1286 384 1311 nentes
416 1280 491 1310 bona
511 1281 682 1309 monasterii
709 1280 808 1309 huius.
835 1297 875 1302 —
892 1279 990 1309 Abbas

281 1321 442 1350 simoniace
460 1329 517 1350 nou
536 1320 699 1358 eligendus.

242 1388 390 1415 Alexander
408 1387 547 1423 episcopus
567 1393 660 1415 servus
672 1376 811 1415 servorum
825 1386 880 1419 Dei,
893 1385 989 1414 fratri-

285 1432 343 1464 bus,
361 1432 389 1459 in
404 1432 579 1467 Rivipollensi
603 1431 727 1459 coenobio
747 1431 795 1458 sub
813 1430 858 1458 Dei
874 1431 989 1459 Genitri·

283 1476 322 1504 cis
341 1476 456 1505 tuitione
475 1476 644 1511 degentibus,
674 1476 790 1504 salntem
809 1476 837 1503 et
860 1475 988 1511 apostoti-

285 1527 344 1549 cam
360 1521 580 1549 benedictionem.

288 1584 446 1626 Quoniam
474 1583 577 1618 divina
599 1583 720 1618 favente
735 1582 902 1618 clementia
916 1594 988 1617 cnm

239 1634 438 1680 Apostolieae
453 1632 545 1667 Sedis
561 1633 711 1679 regimine
726 1640 909 1667 cunctarum
932 1632 990 1666 Ec-

239 1683 403 1717 clesia1·um
425 1682 593 1718 solicitudo
620 1682 710 1716 nobis
738 1681 905 1722 incumbit,
941 1682 989 1715 id-

239 1733 322 1766 circo
355 1732 444 1766 iustis
479 1732 683 1778 petitionibus
715 1743 988 1778 quorumcumque

239 1781 379 1816 fidelium
401 1778 634 1816 noseonventt
655 1792 807 1823 annuere,
829 1788 860 1814 et
876 1780 914 1814 ad
935 1792 989 1814 no-

238 1838 320 1865 strae
354 1830 476 1877 pietatis
505 1830 656 1864 auxilium
682 1829 899 1876 confugientes
929 1841 988 1863 au-

237 1880 388 1914 ctoritatis
408 1880 598 1927 apostolicae
624 1880 734 1926 clypeo
753 1879 888 1913 munire.
903 1878 989 1920 Quo-

238 1929 320 1963 circa
357 1928 534 1963 dilectionis
564 1940 600 1963 ac
634 1928 837 1963 fraternitatis
870 1936 988 1962 vestrae

238 1978 344 2012 literas
371 1989 424 2024 per
459 1977 584 2012 fratrem
618 1977 652 2012 S.
684 1978 919 2023 suscipientes,
958 1985 988 2011 et

238 2027 324 2073 quod
345 2028 375 2061 in
397 2027 442 2061 eis
463 2035 609 2074 expetere
625 2026 829 2069 videbamini,
851 2026 989 2071 diligen-

240 2076 359 2111 tissime
381 2076 623 2123 perpendentes,
639 2076 788 2122 quoniam
804 2075 915 2109 iustam
932 2087 951 2121 p
962 2088 988 2108 ¹.-

240 2125 395 2166 titionem,
421 2133 452 2159 et
477 2125 661 2159 auctoritate
687 2132 792 2158 nostra
817 2124 854 2158 ad
893 2125 988 2170 perli-

240 2174 387 2208 ciendum
413 2185 477 2208 non
503 2173 663 2219 indignam
691 2173 910 2217 iudicavimus,
932 2186 988 2208 ve—

240 2223 312 2257 stris
330 2222 536 2269 petitionibus
561 2222 764 2269 adquiescere
797 2234 859 2256 non
895 2234 989 2256 recu-

240 2273 389 2306 savimus.
412 2271 504 2306 Unde
526 2283 579 2306 vos
600 2271 706 2305 debita
733 2271 882 2305 charitate
919 2283 988 2305 mo·-

241 2333 365 2363 nemus,
378 2329 412 2354 ut
423 2320 625 2367 professionis
639 2328 764 2354 sanctae
779 2320 987 2366 propositum,
1008 2337 1011 2371 Ι

240 2370 324 2417 quod
347 2370 415 2404 Deo
435 2370 592 2416 aspirante
613 2370 809 2416 suscepistis,
833 2381 887 2414 pro
916 2369 990 2403 viri·
1008 2375 1012 2412 ι

1690 293 1727 324 21

1033 360 1118 387 terna
1141 355 1342 390 solicitudine
1364 368 1616 399 commonemus,
1636 366 1670 392 ut
1692 359 1783 395 vestri

1033 407 1177 441 coenobii
1204 421 1330 457 semper
1369 411 1399 444 in
1428 411 1576 446 omnihus
1601 412 1784 452 adiutores,

1032 460 1214 496 defensores
1246 475 1280 497 ac
1322 472 1545 511 propagatores
1582 467 1730 511 existant,
1755 476 1785 502 et

1031 527 1249 563 quoscumque
1272 519 1457 560 contrarios,
1480 520 1527 554 vel
1548 520 1585 555 ad
1602 522 1782 556 nocendum

1031 569 1233 605 avidissimos
1259 583 1326 606 esse
1350 573 1494 613 viderint,
1522 575 1617 622 digna
1651 588 1782 611 censura

1032 632 1207 665 coerceant,
1240 626 1389 672 quatinus
1411 637 1441 661 et
1468 641 1484 662 a
1511 629 1578 664 Deo
1602 631 1784 665 retributio-

1032 689 1103 711 nem
1133 679 1319 725 percipiant,
1347 688 1378 714 et
1403 683 1594 727 apostolieae
1632 685 1725 719 simul
1748 697 1784 719 ac

1033 739 1157 766 nostrae
1173 732 1404 769 benedictionis
1422 737 1618 783 participium
1636 738 1782 773 habeant.

1032 785 1105 819 lllos
1127 798 1211 826 vero,
1225 787 1278 833 qui
1292 787 1432 834 praedia,
1451 802 1531 836 quae
1545 792 1632 826 vohis
1652 793 1718 826 iure
1733 792 1785 827 de-

1031 839 1156 884 bentur,
1179 840 1263 875 dono
1292 841 1440 877 abbatum
1474 856 1536 879 non
1574 847 1649 881 satis
1688 848 1782 894 digne

1032 893 1290 940 praesidentium,
1317 908 1372 930 seu
1395 897 1516 944 rapina,
1544 899 1590 933 vel
1612 900 1782 941 invasione,

1031 947 1095 981 sive
1122 949 1345 996 qualicumque
1367 951 1480 986 iniusta
1508 954 1673 989 occasione
1709 968 1783 1002 pos-

1031 1000 1132 1036 sidere
1146 1002 1304 1047 videntur,
1319 1005 1503 1040 auctoritate
1518 1008 1688 1053 apostolica
1705 1022 1783 1044 con-

1032 1055 1191 1097 venimus,
1214 1064 1244 1091 et
1279 1057 1410 1105 insuper
1433 1060 1666 1096 interminando
1694 1076 1784 1098 man-

1032 1108 1155 1150 damus,
1179 1120 1212 1145 ut
1234 1111 1284 1146 illa
1306 1124 1504 1161 nequaquam
1526 1116 1692 1157 retineant,
1715 1118 1782 1158 sed,

1031 1162 1112 1198 sicut
1129 1164 1185 1199 Dei
1209 1177 1277 1200 esse
1305 1175 1490 1211 noscuntur,
1518 1169 1556 1203 ita
1585 1169 1651 1204 Deo
1687 1183 1784 1217 ‹litan-

1032 1218 1132 1252 tocius
1142 1218 1271 1253 reddere
1285 1219 1442 1255 studeant.
1456 1221 1548 1262 Quod
1569 1224 1593 1257 si
1616 1232 1781 1271 postquam

1032 1272 1113 1307 hanc
1134 1281 1258 1307 nostrae
1281 1275 1476 1320 paternitatis
1495 1277 1781 1313 interminationem

1032 1326 1210 1367 audierint,
1249 1327 1328 1362 infra
1367 1341 1422 1363 sex
1456 1330 1611 1365 mensium
1644 1333 1781 1378 spatium

1033 1380 1162 1415 reddere
1189 1381 1378 1424 distulerint,
1403 1383 1503 1418 sciant
1525 1397 1558 1419 se
1581 1397 1596 1419 a
1612 1387 1708 1420 totius
1724 1386 1783 1421 Ec-

1031 1435 1142 1470 clesiae
1163 1447 1295 1482 corpore
1317 1436 1520 1483 separandos,
1547 1445 1578 1472 et
1612 1448 1782 1486 perpetuae

1031 1490 1368 1525 excommunicationis
1382 1491 1484 1525 iaculo
1498 1491 1666 1533 feriendos,
1681 1492 1782 1528 donec

1032 1543 1227 1590 resipiscant,
1255 1552 1285 1579 et
1316 1545 1410 1591 digna
1438 1545 1643 1591 poenitudine
1665 1548 1782 1583 satisfa-

1030 1597 1123 1631 ciant.
1146 1597 1245 1633 Porro
1266 1610 1518 1640 commonemus,
1546 1607 1577 1635 et
1608 1602 1781 1647 apostolica

1029 1651 1187 1698 simulque
1200 1652 1348 1687 canonica
1362 1653 1546 1688 anctoritate
1556 1656 1780 1701 praecipimus,

1030 1713 1063 1739 ut
1084 1705 1190 1740 nullus
1211 1706 1325 1741 amodo
1352 1715 1383 1742 et
1418 1708 1569 1754 deinceps
1590 1710 1684 1743 vestri
1707 1722 1782 1744 coe-

1031 1759 1117 1794 nobii
1139 1760 1277 1806 regimen
1307 1772 1362 1807 per
1393 1761 1598 1797 simoniacam
1626 1763 1779 1797 haeresim

1029 1813 1179 1857 obtineat,
1202 1826 1260 1848 nec
1286 1814 1511 1862 qualicumque
1546 1816 1675 1862 ingenio
1709 1825 1781 1852 ante

1029 1867 1076 1901 vel
1104 1874 1174 1913 post
1191 1876 1353 1913 acceptum
1374 1868 1526 1903 honorem
1551 1882 1606 1916 per
1628 1872 1780 1917 pecunias

1030 1921 1132 1955 locum
1158 1921 1281 1955 abbatis
1314 1922 1452 1969 arripiat.
1485 1923 1578 1965 Quod
1605 1925 1658 1971 qni
1688 1938 1782 1972 prae-

1029 1976 1210 2022 sumpserit,
1240 1976 1392 2022 quamdin
1431 1977 1565 2012 retinere
1603 1980 1780 2023 tentaverit,

1029 2029 1091 2063 telo
1124 2029 1315 2064 iustissimae
1348 2030 1560 2066 damnationis
1594 2032 1779 2067 subiacebit.

1029 2082 1086 2117 His
1108 2083 1203 2129 igitur
1228 2084 1321 2118 vestrl
1349 2084 1412 2118 voti
1447 2085 1593 2130 peractis,
1620 2085 1782 2120 hortamur

1029 2137 1230 2172 dilectionem
1252 2146 1386 2173 vestram
1403 2166 1411 2179 ,
1440 2147 1473 2172 ut
1494 2151 1621 2185 semper
1647 2139 1683 2173 ad
1712 2151 1782 2174 me-

1029 2191 1106 2226 liora
1128 2193 1281 2239 proficere
1307 2193 1470 2237 studeatis,
1492 2201 1523 2227 et
1545 2205 1601 2239 pro
1624 2193 1726 2231 nobis,
1746 2205 1782 2228 ac

1031 2246 1124 2280 totius
1156 2245 1318 2281 Ecclesiae
1352 2254 1451 2287 statu,
1485 2246 1712 2281 intentissimas
1752 2255 1783 2281 et

1030 2299 1172 2334 assiduas
1198 2312 1309 2346 preces
1336 2300 1599 2335 indeficienterad
1618 2300 1719 2334 Deum
1736 2301 1783 2335 ef-

1031 2353 1162 2388 fundere
1183 2365 1247 2388 non
1268 2354 1452 2400 negligatis,
1482 2361 1637 2400 quatenus
1659 2354 1783 2389 divinae

240 2419 300 2453 bus
314 2430 439 2466 semper
452 2418 644 2462 custodiatis,
668 2430 725 2452 nec
737 2418 775 2452 ab
797 2417 849 2452 illo
866 2419 896 2452 in
917 2430 992 2453 neu-
1033 2407 1234 2466 Ps⁰¹f³9t30¹¹53
1265 2416 1295 2441 et
1329 2407 1519 2466 ³P⁰Sl0¹lffle
1553 2407 1784 2443 benedissllODlS

241 2477 319 2503 tram
336 2476 453 2515 partem
468 2468 530 2502 ullo
546 2467 639 2501 modo
654 2467 837 2502 deflectatis.
861 2467 991 2514 Episco-
1032 2468 1199 2508 pasufflpsss
1217 2473 1286 2496 esse
1313 2461 1451 2496 valeatts-
1475 2461 1587 2495 Amen.

241 2529 298 2564 pos
313 2525 429 2561 autem,
442 2517 585 2555 comites,
602 2517 774 2563 principes,
791 2516 991 2562 magistratus

1130 2514 1209 2549 Data
1234 2527 1280 2549 xu
1307 2514 1366 2549 kal.
1394 2515 1470 2549 iunii
1499 2527 1582 2550 anno
1609 2528 1715 2551 mcxiii
1733 2528 1786 2551 na-

241 2575 272 2601 et
292 2574 447 2614 potentes,
475 2573 575 2601 vestra
591 2566 703 2600 vicinia
726 2565 911 2606 incolentes,
934 2578 992 2612 pa-
1032 2569 1161 2604 tivitatis
1182 2568 1312 2613 Christi,
1334 2568 1509 2604 indictione
1525 2581 1580 2603 xv.

276 2637 315 2672 (1)
331 2637 371 2663 Ex
386 2636 486 2664 archiv.
504 2637 657 2664 monasterii
673 2636 752 2663 huius
775 2635 857 2663 edidit
872 2636 993 2663 Baluzius

240 2682 269 2709 in
283 2681 405 2717 Append.
422 2682 526 2709 Marcae
541 2682 651 2717 Hispan.
670 2690 695 2707 n.
713 2688 800 2707 ccciv.

1108 2631 1169 2661 Dat.
1189 2631 1235 2660 die
1253 2631 1287 2659 21
1307 2631 1375 2660 maii
1399 2640 1475 2660 anno
1491 2630 1605 2660 Domini
1629 2630 1714 2668 1063,

1197 2675 1299 2715 pontif.
1317 2676 1475 2706 Alexandri
1494 2685 1571 2705 anno
1589 2685 1620 2705 ii.

1812 306 1858 332 An.
1881 306 1908 332 C.
1928 305 1994 334 1063

1837 1263 1983 1284 Excomrunni-

1811 1293 1867 1310 catto
1909 1292 1982 1310 contra

1811 1317 1929 1337 detinentes
1945 1317 1982 1336 bn>

1811 1349 1836 1363 ua
1859 1343 1981 1364 monasterii

1811 1370 1880 1391 huius.

1840 1781 1907 1801 abbas
1934 1782 1996 1800 sitiit-

1810 1813 1870 1827 mace
1895 1814 1934 1828 nnn
1959 1808 1996 1827 eh·

1811 1840 1821 1859 g
1824 1841 1854 1853 11111
1854 1834 1863 1853 1
1866 1840 1896 1854 115.
