2180 3205
177 254 226 279 Aa.
247 251 362 278 ‹21116

209 1635 281 1656 Series
290 1635 372 1654 contro·

188 1667 271 1682 vei-suae
281 1662 334 1680 inter
341 1665 374 1679 ca-

187 1690 275 1709 nnnicos
300 1686 374 1707 Sancti

187 1715 272 1738 loannis
301 1713 374 1734 Bisun·

188 1744 226 1763 tin.

222 2367 274 2387 Pars
290 2368 379 2391 utraque

195 2393 262 2414 citata
277 2393 303 2412 ad
314 2391 380 2417 prose-

205 2419 271 2440 tenda
299 2424 371 2439 monu-

196 2448 273 2467 menta.

434 242 506 274 2⁸0

387 305 565 340 dominicae
587 315 670 337 anno
682 313 797 342 ttcxvi,
819 300 1020 347 pontificatus
1034 307 1135 333 autem

387 355 494 390 donini
512 352 672 387 paschalis
688 350 818 385 secundi
836 350 951 394 Papae,
966 361 1046 384 anno
1059 360 1137 383 xvn.

446 410 507 440 Dat.
527 410 573 440 die
595 409 628 438 14
649 408 745 438 martii
765 417 840 437 anno
859 406 974 436 Domini
994 406 1080 443 tito,

538 453 639 494 pontif.
660 453 811 483 Paschalis
833 461 909 482 anno
924 460 991 482 xvii.

720 577 801 612 Lvt.

386 646 567 683 Declaratio
595 646 797 679 maternitatis
825 644 979 677 Ecclesiae
1005 643 1040 677 S.
1070 643 1139 677 Ste-

432 698 533 741 phani
562 695 718 729 Bt'suntin.
755 706 822 727 cum
856 694 993 729 decreto,
1031 699 1064 725 ut
1099 692 1141 725 ibi

435 746 577 780 unit-ersa
619 744 797 789 episcopalis
837 742 1000 776 nzim‘seerii
1036 741 1140 786 officia

435 802 627 840 pcrayanttcr
654 795 708 837 (t).

659 863 874 896 SUMMARtUM

389 929 487 960 Series
512 927 728 957 controversiae
757 927 833 955 inter
860 924 1017 954 canonicos
1040 922 1138 952 Sancti

430 967 571 1007 Stephani
585 971 611 995 et
623 966 781 995 canonicos
793 965 890 995 Sancti
903 963 1022 992 loannis
1034 962 1141 992 Bisun-

428 1009 479 1038 tin.
497 1023 536 1029 —
554 1006 624 1035 Pars
649 1011 773 1044 utraque
796 1006 882 1033 citata
907 1004 943 1032 ad
963 1003 1139 1041 proferenda

430 1050 629 1077 monumenta.
646 1062 686 1066 —
707 1044 899 1074 probationes
913 1052 946 1071 ex
958 1047 1038 1080 parte
1051 1051 1141 1070 cano-

429 1088 562 1116 nicorum
583 1084 681 1114 Sancti
700 1084 849 1121 Stephani.
867 1099 906 1104 —
924 1082 1054 1119 Dignitas
1080 1091 1141 1110 ma—

429 1127 511 1156 tricis
531 1124 679 1154 Ecclesiae
699 1123 727 1154 S.
740 1122 1087 1161 Stephanovadiudicata.
1103 1137 1142 1143 —-

429 1166 555 1195 lrritatio
574 1173 829 1202 quorumcumque
848 1163 877 1192 in
897 1162 1077 1191 contrarium
1100 1160 1142 1189 fa-

429 1205 588 1239 cientium,
620 1209 673 1233 etc.
701 1219 741 1225 —
766 1202 873 1232 Solitae
908 1202 1071 1230 clausulae.
1103 1216 1142 1221 —

434 1244 673 1281 Subscriptiones
690 1242 844 1272 paschalis
867 1241 922 1271 PP.
951 1246 979 1270 et
1004 1239 1032 1270 S.
1054 1239 1086 1268 R.
1110 1239 1141 1268 E.

430 1284 636 1319 cardinalium,
652 1282 945 1321 archiepiscoporum
974 1285 1002 1309 et
1025 1279 1142 1317 episco-

430 1333 548 1362 porum,
571 1324 621 1362 qui
654 1322 723 1351 huic
753 1322 864 1360 synodo
883 1320 1074 1350 Lateranensi
1099 1319 1142 1348 in-

433 1363 607 1393 tersuerunt.

390 1430 527 1458 Paschalis
543 1429 683 1465 episcopus
696 1434 790 1456 servus
807 1433 946 1455 servorum
961 1425 1016 1458 Dei,
1035 1424 1143 1453 dilectis

434 1474 569 1503 fratribus
587 1475 616 1502 et
636 1473 716 1505 filiis,
737 1472 934 1507 suffraganeis.
962 1470 1032 1498 clero
1053 1471 1080 1498 et
1098 1476 1143 1505 po-

435 1520 499 1555 pulo
519 1518 673 1548 Bisuutinae
691 1517 833 1550 Ecclesiae.
859 1516 975 1544 satutem
992 1516 1020 1543 et
1037 1515 1144 1550 aposto-

436 1564 517 1592 licam
536 1563 758 1591 benedictionem.

443 1620 527 1654 Inter
560 1619 667 1655 Sancti
702 1618 855 1666 Stephani
897 1625 927 1651 et
953 1616 1060 1652 Sancti
1087 1616 1146 1650 Io-

395 1670 510 1706 hannis
527 1669 709 1707 canonicos,
732 1668 771 1702 de
796 1666 943 1702 cathedra
962 1665 1145 1713 episcopali,

393 1727 508 1767 quanta
531 1726 561 1753 et
583 1730 675 1765 qnam
691 1717 811 1751 diutina
831 1716 1022 1751 concertatio
1044 1715 1146 1755 fuerit,

395 1768 522 1816 plenius
545 1779 599 1801 vos
620 1766 757 1806 audisse,
785 1778 821 1800 ac
843 1765 960 1800 certius
981 1764 1063 1798 scire
1078 1775 1147 1797 cre-

395 1818 510 1851 dimus.
534 1815 687 1850 Canonici
706 1814 863 1862 siqnidem
880 1813 965 1848 Beati
981 1812 1147 1859 Stephani,

394 1866 615 1901 Romanorum
653 1877 687 1899 se
724 1863 915 1898 Pontificum
955 1862 1147 1909 privilegiis,

395 1928 451 1950 seu
466 1927 574 1960 regum
594 1914 733 1961 scriptis,
755 1913 938 1953 tuebantur,
960 1918 1149 1954 asserentes,

397 1976 453 2012 pro
480 1963 642 1998 Ecclesiae
676 1975 751 1997 snae
778 1961 994 1996 destructione
1023 1960 1150 2005 episco-

397 2025 456 2061 pos
479 2013 565 2046 illinc
587 2011 782 2046 discessisse.
810 2010 900 2045 Unde
915 2009 1094 2054 contigerit,
1117 2016 1151 2042 ut

397 2062 478 2109 apud
513 2061 620 2096 Sancti
657 2060 804 2095 Iohannis
831 2059 998 2094 ecclesiam
1027 2058 1151 2104 episco-

399 2111 477 2157 palis
500 2109 663 2144 ministerii
687 2117 881 2144 sacramenta
903 2108 1149 2142 celebrarentur.

398 2159 532 2202 Contra,
571 2159 659 2193 Beati
692 2158 842 2193 Iohannis
877 2156 1022 2192 canonici
1061 2156 1152 2190 annis

399 2209 542 2255 plurimis
586 2216 708 2254 praeter
756 2206 972 2254 quaestionem
1014 2205 1152 2251 aliquam

398 2270 497 2305 penes
510 2269 543 2291 se
557 2256 736 2292 cathedram
759 2255 972 2303 episcopalem
988 2255 1154 2297 mansisse,

399 2314 429 2341 et
455 2306 632 2341 Ecclesiam
666 2317 754 2340 suam
793 2305 955 2338 matricem
994 2315 1063 2337 esse
1090 2302 1157 2337 cla-

400 2356 537 2390 mabant.
568 2355 615 2389 Ad
644 2355 720 2389 hacc
751 2354 840 2388 Beati
867 2352 1021 2399 Stephani
1045 2351 1156 2386 fratres

400 2404 590 2450 allegabant,
613 2403 793 2450 frequenter
815 2414 912 2448 super
940 2402 999 2435 hoc
1023 2400 1157 2447 praede-

401 2465 545 2488 cessores
566 2465 642 2487 suos
665 2453 712 2486 vel
735 2451 819 2498 apud
843 2447 1046 2497 Apostolicae
1064 2449 1159 2484 Sedis

404 2502 570 2545 vicarium,
604 2501 651 2536 vel
679 2501 762 2548 apud
784 2500 968 2534 Bisontinos
994 2499 1160 2545 episcopos

444 2570 482 2606 (t)
498 2570 570 2597 Inter
588 2570 759 2604 probationes
775 2569 906 2597 Historiae
920 2568 1074 2596 monasterii
1093 2568 1160 2595 Tre-

408 2610 560 2638 norciensis
576 2609 705 2637 Chisssctii.

1927 194 1934 207 1

987 244 1173 269 BULLAmtm
1197 244 1309 266 Romu
1315 245 1357 266 [tm

1182 297 1378 332 reclamasse.
1417 297 1492 332 Post
1518 297 1610 344 longa
1641 298 1735 344 igitur
1772 298 1930 344 discepta-

1181 347 1273 381 tionis
1294 347 1483 389 certamina,
1519 348 1680 381 communi
1713 348 1841 382 fratrum
1865 360 1930 381 no-

1181 405 1315 431 strorum
1338 396 1577 442 episcoporum,
1605 397 1659 443 qui
1681 405 1755 431 tunc
1787 396 1929 444 synodali

1183 446 1344 480 vocatione
1379 453 1608 485 convenerant,
1643 457 1697 479 seu
1720 445 1928 480 cardinalium

1182 495 1309 538 iudicio,
1331 494 1537 528 deliberatum
1560 501 1625 535 est,
1650 503 1683 528 ut
1704 494 1729 529 si
1753 494 1840 529 Beati
1863 494 1932 529 Ste-

1183 544 1276 590 phani
1305 543 1448 578 canonici
1483 543 1604 577 idoneis
1638 543 1770 578 testibus
1799 544 1932 591 probare

1184 601 1322 639 possent,
1344 592 1428 639 quod
1458 600 1526 637 post
1548 592 1844 638 redintegrationem
1866 592 1931 627 Ec-

1181 643 1295 676 clesiae
1322 655 1413 682 suae,
1446 640 1524 675 infra
1551 653 1652 676 annos
1688 642 1813 688 triginta
1836 654 1932 689 super

1182 692 1306 737 querela
1339 691 1397 725 hac
1436 691 1652 738 quaestionem
1689 690 1835 731 fecerint,
1877 703 1932 738 per

1181 752 1275 786 quant
1313 740 1435 774 illorum
1452 739 1617 774 'videretur
1639 740 1811 785 interrupta
1840 752 1932 786 prae-

1183 790 1292 832 tentio,
1315 789 1457 823 videlicet
1477 789 1523 823 vel
1542 796 1614 822 ante
1642 789 1812 823 antistitem
1828 801 1933 832 suum,

1184 838 1229 872 vel
1251 845 1323 872 ante
1357 838 1494 884 legatum
1518 846 1680 881 nostrum,
1716 837 1746 871 in
1771 838 1932 872 communi

1182 887 1351 926 audientia,
1367 899 1403 921 ac
1419 887 1601 933 probatione
1618 895 1754 933 peracta,
1771 887 1932 933 privilegia

1182 948 1290 969 eorum
1319 936 1414 970 robur
1450 945 1638 983 perpetuum
1675 935 1872 978 obtinerent,
1905 943 1936 970 et

1182 985 1370 1031 episcopalis
1393 985 1484 1019 sedes
1508 986 1538 1018 in
1559 993 1721 1031 posterum
1743 984 1828 1031 apud
1849 984 1937 1019 Beati

1182 1034 1334 1080 Stephani
1370 1034 1535 1068 ecclesiam
1571 1033 1761 1073 haberetum
1794 1034 1936 1080 alioquin

1182 1083 1324 1117 canonici
1354 1082 1439 1117 Beati
1469 1082 1617 1117 {ohannis
1651 1083 1690 1116 ab
1720 1082 1778 1117 hac
1805 1082 1934 1129 querela

1183 1132 1271 1166 liberi
1307 1140 1481 1171 manerent,
1517 1140 1548 1166 et
1569 1132 1779 1178 episcopalem
1815 1132 1937 1170 sedem,

1183 1183 1260 1215 sicut
1278 1189 1457 1220 tennerunt,
1474 1181 1831 1223 tenerent.Quatuor(2)
1843 1180 1939 1226 igitur

1183 1230 1322 1264 eiusdem
1339 1230 1502 1264 Ecclesiae
1519 1231 1636 1270 clerici,
1657 1229 1800 1263 videlicet
1821 1230 1935 1263 Petrus

1184 1287 1213 1313 et
1236 1278 1328 1324 Hngo
1357 1279 1527 1326 presbyteri
1553 1279 1738 1318 cardinales,
1767 1278 1937 1312 Bonifilius

1184 1337 1351 1362 succentor
1372 1331 1435 1371 (l),
1460 1336 1489 1362 et
1512 1328 1671 1362 Guarinus
1703 1327 1882 1375 presbyter,
1910 1334 1940 1361 et

1185 1377 1339 1411 Alcfricns
1361 1377 1612 1424 archipresbyter
1630 1376 1669 1411 de
1683 1376 1799 1411 Sancto
1814 1375 1940 1422 Gorgo-

1186 1426 1255 1466 nio,
1289 1426 1430 1472 procincti
1461 1438 1565 1460 coram
1588 1425 1710 1461 clericis
1743 1424 1848 1460 Sancti
1886 1425 1939 1460 Ιο-

1186 1475 1299 1509 hannis
1325 1475 1363 1509 ad
1400 1475 1613 1509 testimonium
1647 1474 1872 1518 asserendum,
1909 1481 1939 1509 et

1186 1535 1258 1557 mox
1293 1525 1462 1570 episcopali
1498 1523 1699 1558 examinandi
1739 1523 1872 1567 iudicio,
1910 1531 1941 1557 et

1188 1573 1291 1607 idonei
1317 1573 1444 1613 inventi,
1468 1572 1651 1607 huiusmodi
1673 1572 1891 1607 testimonium
1908 1572 1944 1606 in'

1187 1630 1360 1668 conspectu
1378 1630 1495 1665 nostro,
1513 1622 1601 1656 tactis
1617 1622 1825 1656 sacrosanctis
1838 1621 1943 1655 Evan-

1188 1670 1291 1716 geliis,
1315 1671 1543 1717 praebuerunt:
1561 1670 1656 1714 (Vidi,
1673 1678 1703 1705 et
1718 1670 1837 1711 audivi,
1857 1669 1942 1716 quod

1188 1719 1282 1764 Hngo
1308 1720 1448 1754 decanus
1474 1719 1580 1754 Sancti
1604 1718 1769 1766 Stephani,
1791 1727 1822 1753 et
1848 1718 1943 1765 Hugo

1190 1769 1228 1803 de
1251 1769 1368 1813 Palma,
1399 1777 1429 1803 et
1456 1768 1629 1813 Ebrardus,
1664 1768 1808 1803 canonici
1836 1767 1941 1803 Sancti

1191 1817 1355 1864 Stephani,
1382 1818 1531 1852 adversus
1566 1818 1735 1852 canonicos
1762 1817 1871 1852 Sancti
1889 1816 1942 1851 Io-

1191 1867 1315 1906 hannis,
1343 1867 1528 1901 Mainerinm
1551 1867 1719 1906 decanum,
1741 1866 1941 1901 Bernardum

1193 1916 1389 1960 magistrum,
1412 1915 1647 1962 etStephanum
1664 1923 1837 1956 cantorem,
1852 1927 1945 1962 quae-

1192 1965 1325 1999 stionem
1354 1964 1495 1998 fecerunt
1519 1965 1557 1999 de
1579 1965 1654 1999 sede
1676 1963 1846 2011 episcopali
1870 1971 1942 1999 ante

1193 2013 1361 2059 Hngonem
1386 2014 1528 2057 tertium,
1554 2013 1752 2048 Bisontinem
1784 2013 1945 2060 archiepi-

1193 2075 1339 2108 scopum,
1362 2062 1486 2097 fratrem
1510 2061 1666 2097 Gnidonis
1687 2062 1878 2097 Viennensis
1897 2074 1944 2096 ar·

1194 2111 1399 2158 chiepiscopi,
1429 2112 1459 2145 in
1484 2111 1618 2146 claustro
1646 2111 1752 2146 Sancti
1775 2111 1948 2155 Iohannis,

1195 2160 1271 2194 infra
1296 2161 1420 2206 triginta
1443 2172 1542 2194 annos
1560 2168 1629 2207 post
1648 2160 1946 2206 redintegrationem

1196 2209 1347 2244 ecclesiae
1369 2209 1474 2245 Sancti
1509 2209 1684 2256 Stephani).
1720 2209 1787 2243 Hac
1817 2208 1946 2243 demum

1198 2258 1459 2304 redintegratione
1492 2267 1658 2304 suscepta,
1693 2258 1855 2293 communi
1884 2257 1947 2292 sra-

1199 2315 1281 2341 trum
1310 2315 1488 2342 nostrornm
1517 2307 1754 2353 episcoporum,
1790 2307 1843 2353 qui
1872 2314 1947 2341 tunc

1201 2357 1324 2402 plurimi
1348 2356 1490 2403 synodali
1523 2357 1686 2391 vocatione
1720 2363 1950 2396 convenerant,

1201 2414 1230 2439 et
1265 2405 1470 2439 cardinalium
1508 2405 1635 2445 iudicio,
1672 2404 1832 2451 privilegia
1866 2403 1951 2438 beati

1202 2454 1354 2501 Stephani
1382 2454 1477 2489 robur
1501 2462 1686 2501 perpetuum
1725 2453 1868 2487 obtinere
1897 2453 1954 2487 de-

1203 2504 1378 2537 crevimus:
1401 2511 1432 2538 et
1453 2503 1665 2550 episcopalem
1687 2502 1822 2549 primam
1844 2501 1953 2537 sedem

1239 2569 1278 2603 (t)
1298 2568 1347 2602 Qui
1365 2569 1388 2595 in
1406 2569 1511 2596 ecclesIa
1525 2572 1584 2604 post
1600 2572 1798 2603 praecentorem
1816 2576 1861 2594 seu
1881 2567 1955 2602 prin-

1205 2608 1314 2643 cipalem
1325 2613 1462 2636 cantorem
1477 2609 1556 2636 canit.
1574 2608 1612 2644 (⁹2)
1641 2608 1708 2642 Lege
1719 2611 1844 2641 qttinque.
1859 2608 1897 2643 (n.
1915 2608 1955 2644 T.)

1954 240 2003 266 An.
2024 241 2052 268 C.
2070 241 2136 268 tue

2003 1669 2142 1691 Probationeu

1969 1703 1993 1718 ex
2007 1699 2067 1723 parte
2088 1701 2152 1716 cano·

1967 1724 2061 1744 nieorum
2079 1722 2152 1744 Sancti

1968 1750 2077 1776 Stephani.

1966 2244 1970 2245 a
1996 2225 2092 2251 Dignitas
2111 2229 2153 2245 ma·
2174 2212 2177 2222 ¹

1970 2252 2028 2272 tricis
2046 2250 2154 2272 Ecclesia·

1971 2279 1993 2299 S.
2004 2277 2112 2304 Stephano
2119 2276 2154 2298 nd·

1970 2305 2071 2326 iudicata.
