2180 3205
70 258 120 287 Αῐι.
137 257 166 285 C.
185 258 250 284 1159

264 320 324 347 tem
354 311 487 353 Bellum,
523 312 849 348 Petram'Fracidam:
880 315 909 347 in
938 314 1007 347 Co-

263 362 347 396 mino
362 361 473 396 Virum
490 362 622 397 Album:
647 363 676 397 in
696 363 849 397 territorio
871 363 1008 398 Carseo-

262 411 332 446 lano
353 411 514 446 castellum
538 412 730 452 Auriculam,
755 412 905 456 piretum,
923 413 1007 447 Βοσ-

261 472 328 495 cam
357 460 593 502 incameratam,
616 470 646 497 et
668 461 951 497 Fossam-Geram:
975 462 1005 496 in

259 510 407 557 Amalplti
429 510 625 546 Fundicum:
654 511 685 545 in
702 512 858 546 territorio
871 512 1006 546 Troiano

260 558 483 595 Castellionem
508 561 546 595 de
570 560 770 603 Baroncello,
803 561 836 595 S.
870 560 1005 606 Iustam,

260 608 363 644 villam
388 610 492 645 Sancti
516 610 648 655 Nic-olai,
670 622 748 658 quae
771 610 809 645 de
831 610 1005 645 Galliciano

33 686 37 690 .
258 658 389 694 dicitur:
418 661 448 694 in
477 668 583 694 monte
604 659 710 694 Sancti
740 659 851 705 Angeli
887 660 1006 706 Hospi-

0 692 2 727 7
79 725 85 731 ·
258 708 333 743 tale:
357 709 387 743 in
423 710 577 744 territorio
604 708 755 756 Capuano
785 709 941 743 Gnaldum
965 709 1003 744 dc

256 757 401 793 Liburia:
437 758 468 792 in
506 759 655 793 comitatu
693 758 848 793 Teanensi
883 766 1002 793 curtem

256 806 364 843 Sancti
379 807 495 843 Felicis
510 820 582 843 cum
597 808 727 843 ecclesia
742 808 848 843 Sancti
865 807 1001 855 Ippoliti.

35 871 38 873 ·
75 859 243 912 &ruff-“22¹
257 856 431 899 Praeterea,
451 866 571 905 patrum
589 867 766 893 nostrorum
780 858 909 904 vestigia
926 857 1004 891 sub-

30 914 33 938 ἶ
62 897 243 949 πζιὶμῗιειζη
256 915 439 954 sequentes,
483 907 654 954 praefatum
694 907 800 942 Sancti
841 907 1002 942 Benedicti

61 953 163 976 ‘⁰⁶²⁰ffi·
181 959 243 974 ΜΕ·
255 957 481 992 monasterium
527 958 659 992 caeteris
703 969 758 1004 per
796 956 1001 991 Occidentem

71 1265 134 1288 unum
167 1265 241 1287 ehiro-
254 1259 439 1293 sententiam
459 1258 596 1306 proferre
607 1259 777 1293 sancimus.
792 1258 892 1293 Usum
909 1259 1000 1293 etiam

26 1297 242 1351 „ffe‘ssffl't‘ffifssss
254 1319 489 1355 compagorum,
517 1321 551 1343 ac
573 1309 783 1352 chirothecae,
818 1308 1001 1343 dalmaticae

12 1332 33 1390 3
59 1360 290 1412 :ffiflflgbffiffiac
322 1358 431 1393 mitrae
460 1366 522 1392 tam
550 1358 605 1393 tibi
642 1370 735 1405 quam
764 1358 1001 1392 successoribus

8 1406 15 1415 ”
59 1422 163 1443 concedit.
255 1407 317 1442 tuis
343 1408 374 1442 in
398 1408 577 1455 praecipuis
599 1408 684 1442 sestis
705 1416 735 1442 et
756 1407 869 1442 diebus
897 1408 1002 1442 domi-

254 1457 347 1498 nicis,
368 1459 405 1492 ad
422 1458 543 1501 missas,
565 1470 620 1492 scu
645 1459 675 1492 in
704 1469 850 1492 consessu
875 1457 998 1492 concilii

253 1505 434 1541 habendum
456 1507 671 1542 concedimus.
699 1507 781 1541 Sane
803 1515 864 1541 tam
889 1507 1000 1554 inipso

66 1561 240 1613 lpsnmperossou
254 1555 420 1591 venerabili
453 1557 644 1591 monasterio
666 1569 758 1603 quam
782 1565 812 1591 et
833 1556 920 1591 cellis
942 1569 999 1591 cu-

12 1606 35 1646 Ϋ
59 1592 381 1645 ῗῑιζᾞζῗξζᾱξῖἰιιεῇὴθῑ
402 1606 562 1641 Ecclesiae
583 1607 764 1653 episcopum
789 1606 833 1641 vel
852 1605 1000 1640 sacerdo-

10 1654 25 1703 fa
58 1653 130 1676 ψω-
254 1663 328 1697 tem,
351 1663 473 1703 praeter
492 1655 670 1691 Romanum
693 1655 878 1690 Pontificem
907 1655 1001 1690 ‹litio-

252 1717 324 1740 nem
355 1705 526 1753 quamlibet
547 1714 601 1740 aut
632 1705 925 1740 excommunicandi
948 1714 1000 1740 aut

15 1002 30 1050 ,ἶ
61 987 95 1008 '¹¹'
255 1006 418 1041 coenobiis
437 1006 674 1054 praeferendum
690 1007 873 1046 asserimus,
896 1014 1000 1041 ettam

13 1050 53 1128 ΐ-
255 1063 285 1091 te
300 1068 392 1103 quarn
407 1068 607 1092 successores
622 1065 693 1091 tuos
705 1056 733 1090 in
748 1057 831 1091 omni
846 1065 1000 1091 conventu

12 1129 33 1142 γ.
253 1105 473 1153 episcoporum
514 1119 569 1141 seu
609 1106 785 1154 principum
824 1106 1002 1153 superiores

10 1143 40 1202 f‘
253 1159 402 1194 omnibus
425 1159 591 1194 abbatibus
623 1159 814 1204 consedere,
849 1167 942 1206 atque
970 1160 999 1194 in

15 1207 41 1271 {J
254 1208 378 1244 iudiciis
404 1209 540 1257 priorem
563 1210 695 1244 caeteris
715 1209 763 1244 sui
787 1209 906 1244 ordinis
927 1209 1002 1244 viris

842 259 1036 282 ALEXANDER
1065 258 1101 282 111
1131 260 1180 282 ΡΡ.

1676 248 1747 281 665

1049 314 1147 347 cilicia
1176 313 1373 353 celebranda,
1400 312 1666 361 quandocumque
1682 313 1795 346 volue—

1049 363 1119 405 rint,
1142 363 1228 409 signa
1255 364 1396 410 pulsare;
1421 363 1569 410 populum
1598 362 1654 397 Dei
1684 370 1744 396 tam
1766 363 1794 396 in

1026 427 1029 439 ν
1049 411 1150 458 ipsum
1179 412 1365 447 coenobium
1388 425 1481 458 quam
1505 422 1534 448 et
1556 413 1586 446 in
1611 412 1706 447 cellas
1727 413 1796 446 cius

1047 461 1084 495 ad
1108 461 1164 495 Dei
1194 461 1321 496 verbnm
1346 462 1538 497 audiendum
1563 462 1694 507 ingredi,
1722 462 1795 495 nul-

1047 510 1097 544 lus
1123 511 1304 557 episcopus,
1332 520 1463 559 excepto
1486 523 1541 558 pro
1563 511 1722 546 communi
1747 520 1795 545 to-

1047 560 1108 594 tius
1129 560 1261 595 civitatis
1283 560 1326 595 rel
1345 561 1510 608 parochiae
1529 560 1708 606 interdicto,
1728 574 1796 607 pro-

1047 609 1160 644 bibeat.
1192 609 1338 645 Obcunte
1371 623 1442 645 vcro
1474 619 1515 651 te,
1543 622 1626 645 nnnc
1651 611 1791 645 eiusdem

1046 658 1104 693 loci
1129 659 1252 697 abbate,
1287 659 1332 694 vel
1357 668 1479 694 tuorum
1502 660 1643 707 quolibet
1665 672 1793 695 sncces-

1044 720 1171 750 sorum,
1209 709 1315 743 nullus
1343 709 1383 743 ibi
1420 710 1558 757 qualibet
1584 710 1793 757 surreptionis

1044 759 1157 792 astutia
1192 767 1244 792 aut
1279 759 1423 793 violentia
1464 766 1696 806 praeponatur,
1732 760 1790 794 nisi

1044 820 1136 854 quem
1160 808 1269 842 fratres
1289 809 1448 842 communi
1472 821 1641 849 consensu,
1670 809 1715 843 vel
1731 809 1792 843 l'ra-

1044 865 1125 892 trum
1162 870 1233 904 pars
1271 857 1393 892 consilii
1427 859 1578 902 sanioris,
1615 858 1790 893 secundum

1043 905 1100 941 Dei
1129 907 1284 943 timorem,
1309 915 1340 941 et
1363 908 1442 941 beati
1466 907 1627 942 Benedicti
1652 907 1790 954 regulam

1043 956 1208 1003 elegerint,
1230 970 1245 991 a
1269 957 1413 992 Romano
1436 957 1588 992 Pontifice
1603 969 1792 992 consecrau-

1043 1005 1130 1047 dum,
1145 1006 1225 1041 sicut
1243 1007 1272 1040 in
1288 1006 1412 1041 Domini
1430 1007 1679 1053 praedecessoris
1693 1007 1790 1041 nostri

1042 1064 1167 1091 sanctae
1203 1068 1298 1091 mem.
1342 1056 1455 1091 Leonis
1495 1056 1598 1104 Papae
1630 1057 1791 1104 privilegio

1042 1106 1232 1141 continetur.
1267 1105 1314 1139 Ad
1344 1105 1440 1145 haec,
1480 1114 1540 1140 tam
1577 1106 1790 1154 praesentium

1042 1167 1135 1202 quam
1177 1156 1350 1190 futurorum
1386 1156 1530 1190 avaritiae
1560 1168 1596 1191 ac
1633 1155 1791 1204 nequitiae

1042 1205 1216 1245 obviantes,
1239 1217 1348 1240 omnes
1363 1206 1492 1240 omnino
1508 1205 1691 1251 seditiones,
1713 1217 1792 1252 quas

1042 1254 1125 1289 levas
1149 1254 1270 1295 dicunt,
1305 1267 1359 1289 seu
1394 1255 1587 1302 direptiones
1621 1256 1651 1290 in
1678 1258 1791 1290 cuius-

1811 255 1859 282 An.
1878 255 1905 282 C.
1928 255 1935 280 l
1946 254 1992 280 1350

1821 621 1878 642 ΙΙΙιιιιι
1895 630 1944 643 vern
1954 631 1964 649 p
1974 631 1991 643 Δι·

1808 655 1922 674 rumix-clins
1943 659 1975 674 tan

1808 688 1849 704 tum
1862 685 1991 709 eligendum,

1807 718 1828 735 Εῑ
1843 714 1921 736 anoni.
1939 715 1992 736 Pnu-

1807 748 1863 767 titire
1912 753 1991 767 conie-

1807 779 1913 798 erundum,

1042 1316 1179 1352 cumque
1200 1304 1319 1339 abbatis
1343 1312 1440 1339 morte
1463 1314 1515 1339 aut
1542 1305 1696 1340 electione
1711 1303 1790 1345 fieri,
1822 1340 1825 1343 ,

1041 1355 1222 1389 auctoritate
1241 1353 1408 1401 apostolica
1425 1354 1650 1390 interdicimus.
1678 1354 1790 1389 Chris-

1042 1416 1090 1438 ma
1114 1416 1198 1442 vero,
1225 1403 1339 1438 Oleum
1361 1412 1517 1447 sanctum,
1536 1405 1788 1439 consecrationes

1041 1453 1203 1492 altarium,
1230 1454 1293 1488 sit-e
1327 1453 1544 1494 basilicarum,
1571 1454 1788 1488 ordinationes

1824 1418 1967 1445 sacramenta.

1803 1450 1898 1471 altarium
1933 1458 1987 1472 con-

1802 1483 1945 1507 sentiationesv
1962 1490 1986 1503 ,ι-

1041 1503 1238 1543 clericorum,
1273 1515 1288 1536 a
1310 1515 1512 1549 quocumque
1534 1504 1705 1538 malueritis
1733 1515 1786 1537 ca·
1801 1512 1938 1538 liaquehuius
1952 1520 1988 1539 εο-

1041 1552 1157 1587 tholico
1189 1552 1368 1598 suscipiatis
1401 1565 1568 1600 episcopo,
1596 1553 1785 1600 baptismum

1041 1612 1157 1643 autern,
1179 1610 1209 1636 et
1232 1601 1427 1636 intirmorum
1452 1602 1644 1637 visitationes
1661 1615 1716 1649 per
1729 1602 1788 1636 cle-

1041 1653 1123 1687 ricos
1147 1660 1264 1687 vestros
1286 1651 1315 1685 in
1344 1652 1467 1698 oppidis
1490 1653 1601 1687 vestris
1628 1665 1683 1686 seu
1709 1651 1788 1686 villis

1041 1703 1151 1748 agetis.
1188 1702 1235 1735 Ad
1272 1710 1458 1748 perpetuum
1491 1703 1586 1736 etiam
1621 1702 1787 1748 hospitium

1802 1545 1859 1564 neris
1870 1550 1881 1564 a
1889 1550 1987 1571 quocum-

1802 1581 1842 1602 que
1880 1576 1987 1596 voluerint

1802 1608 1902 1634 episcopo
1924 1611 1986 1633 pete-

1802 1644 1838 1660 re.
1854 1641 1875 1658 ut
1895 1640 1986 1665 possint,

1803 1669 1912 1695 elargitur.

253 1754 486 1800 interdiciendi‚
508 1764 560 1790 aut
574 1755 611 1790 ad
631 1755 787 1803 synodum
803 1755 998 1790 convocandi
1020 1775 1022 1804 5
1042 1752 1094 1786 tibi
1123 1752 1248 1798 tuisque
1270 1751 1506 1785 successoribus
1525 1751 1653 1786 Palladii
1677 1751 1787 1786 cellam
1816 1762 1986 1783 pumannum

252 1816 454 1851 praesumere
483 1805 702 1852 prohibemus:
740 1805 778 1839 ita
809 1812 841 1839 ut
875 1805 933 1839 nisi
961 1804 1000 1839 al)

1042 1802 1256 1844 concedimus,
1284 1809 1316 1835 ut
1342 1800 1380 1835 de
1403 1809 1502 1835 vestra
1521 1801 1584 1835 illic
1610 1812 1790 1847 congrega-

1804 1794 1824 1813 in
1835 1793 1885 1813 urbe
1896 1794 1927 1813 eis
1937 1799 1987 1814 con<

1804 1826 1859 1845 cedit
1877 1826 1898 1844 iu
1913 1825 1988 1851 hospi·

252 1853 363 1889 abbate
385 1855 526 1901 prioreve
552 1855 611 1889 loci
638 1855 730 1889 fuerit
750 1854 914 1896 invitatus,
943 1866 1000 1888 nec
1043 1852 1139 1895 tione,
1162 1863 1255 1898 quem
1280 1850 1440 1884 volueritis
1461 1851 1626 1890 ordinetis,
1648 1863 1742 1898 quem
1763 1851 1787 1884 si
1803 1858 1862 1876 tium-

253 1904 421 1938 missarum
435 1904 589 1939 solemnia
605 1904 682 1938 inibi
701 1904 812 1939 audeat
831 1903 999 1938 celebrare.

12 1980 24 1988 -.
61 1953 242 2009 ffie‘gffiiffeerg:
253 1951 424 2001 Liceatque
450 1954 548 2001 ipsius
583 1954 773 1998 monasterii,
800 1961 831 1988 et
852 1954 999 1988 cellarum

19 2023 22 2026 ⁴
62 1993 242 2070 ιοιιιψῖεοιιριρος-
255 2002 322 2038 eius
345 2003 501 2044 tratribus,
536 2004 668 2039 clericos
689 2003 918 2050 cuiuscumque
950 2015 1002 2036 or-

62 2053 85 2070 ιο
98 2055 119 2070 ιιι
134 2053 198 2076 aget.

257 2109 329 2149 patu
361 2103 400 2137 ad
428 2103 665 2138 conversionem
688 2103 858 2142 venientes,
886 2102 915 2136 in
952 2114 1002 2136 sa-

255 2151 352 2187 nitate
373 2152 419 2187 vel
443 2153 473 2187 in
495 2153 692 2199 aegritudine
713 2164 786 2187 cum
810 2151 903 2186 rebus
924 2152 1001 2191 suis,

255 2200 375 2249 absque
400 2203 620 2248 episcoporum
651 2202 698 2236 vel
733 2201 898 2236 cuiuslibet
931 2213 1002 2247 per-

256 2262 352 2286 sonae
381 2252 629 2288 contradictione
650 2252 824 2298 suscipere,
847 2251 906 2285 nisi
930 2259 1002 2284 tunc

257 2299 351 2335 iidem
378 2301 483 2336 clerici
511 2314 566 2336 sen
589 2302 660 2336 laici
682 2314 697 2335 a
716 2300 911 2335 dioecesanis
927 2301 1003 2346 epi-

256 2351 362 2397 scopis
389 2363 446 2397 pro
471 2352 565 2386 certis
593 2351 707 2386 suerint
741 2349 1001 2385 excommunicati

20 2412 42 2432 ⁷.
64 2403 149 2455 ..ΔΝΜ
161 2411 242 2441 ¹1¹¹an
258 2400 454 2435 criminibus.
476 2400 584 2435 Liceat
611 2401 702 2435 etiam
726 2399 845 2446 absque
871 2399 1001 2433 cuiusli—

87 2437 244 2462 seognuseendr

24 2470 29 2474 ”
65 2469 137 2487 w..
151 2469 193 2488 ‘um
201 2473 245 2488 mo·

23 2497 42 2518 Τ·
65 2495 182 2523 mmm·
198 2504 244 2519 ‘⁰¹¹¹
259 2499 448 2534 inhibitione
468 2499 618 2534 subiectis
639 2499 834 2533 monasteriis
855 2497 921 2531 suis
942 2505 1002 2531 tam

65 2526 182 2549 maniatium
204 2529 244 2549 :nn

21 2526 210 2644 §Anii-eurum.

255 2051 351 2097 dinis,
376 2065 432 2088 seu
449 2053 557 2092 laicos,
591 2054 630 2088 de
651 2065 853 2100 quocumque
877 2052 1002 2099 episco-
1021 2072 1023 2084 2

259 2448 311 2484 bet
336 2449 504 2484 saecularis
526 2450 573 2485 vel
600 2449 828 2485 ecclesiasticae
845 2448 1004 2495 potestatis

258 2550 431 2585 monachos
453 2562 546 2597 quam
572 2547 825 2584 sanctimoniales
852 2546 1004 2581 foeminas

258 2599 407 2635 iudicare.
430 2599 538 2634 Liceat
559 2610 686 2646 quoque
709 2597 856 2632 fratribus
878 2608 932 2643 per
947 2596 1006 2631 cel-

258 2648 305 2684 las
339 2649 370 2684 in
397 2649 576 2685 civitatibus
610 2647 796 2684 constitutas
827 2646 866 2681 ad
900 2645 1003 2680 divina

1044 1902 1121 1935 forte
1142 1900 1287 1934 Romano
1316 1899 1460 1934 Pontifici
1491 1900 1520 1934 in
1543 1900 1686 1935 abbatem
1716 1912 1790 1947 pro—

1043 1962 1166 1985 movere
1184 1949 1345 1997 placuerit,
1367 1950 1496 1984 omnino
1511 1957 1614 1984 tamen
1631 1958 1788 1996 tamquam

1043 2008 1162 2034 vestrae
1195 1999 1467 2045 coongregationis
1504 1999 1695 2034 monachum
1730 1999 1790 2033 sub

1043 2057 1142 2084 vestra
1165 2049 1366 2084 decernimus
1387 2049 1595 2095 dispositione
1611 2049 1789 2095 persistere.

1021 2092 1023 2109 ¹
1043 2099 1192 2134 Reditum
1216 2110 1353 2146 quoque,
1377 2099 1429 2145 qui
1453 2098 1491 2132 ab
1517 2098 1704 2133 officialibus
1727 2110 1791 2132 no—

1043 2150 1116 2183 stris
1138 2148 1221 2195 apud
1240 2148 1382 2182 Hostiam
1408 2147 1452 2182 vel
1478 2147 1608 2182 Portum
1637 2149 1675 2182 tle
1703 2148 1790 2182 nai-i-

1044 2198 1103 2233 bus
1124 2198 1204 2244 exigi
1238 2198 1327 2237 solet,
1351 2197 1420 2231 navi
1458 2206 1588 2242 vestrae,
1615 2197 1641 2231 si
1669 2210 1728 2244 qua
1753 2210 1791 2232 eo

1044 2248 1174 2287 venerit,
1201 2247 1386 2281 relaxamus.
1410 2246 1612 2293 Sepulturam
1636 2259 1711 2281 sane
1730 2247 1789 2281 loci

1044 2297 1146 2336 vestri,
1177 2306 1206 2331 et
1233 2296 1493 2330 monasteriorum
1518 2304 1690 2331 vestrorum
1713 2296 1791 2331 libe-

1022 2359 1108 2399 7μἰιιιι
1136 2347 1265 2381 omnino
1286 2358 1355 2380 esse
1389 2357 1567 2390 censemuS‚
1603 2353 1637 2380 ut
1669 2358 1790 2387 eorum,

1831 2254 1962 2282 Sepulturam

1804 2292 1855 2307 vero
1880 2291 1990 2307 monaste-

1805 2318 1882 2338 riorum
1898 2325 1909 2337 τι
1935 2319 1991 2338 assi-

1806 2350 1867 2369 nensi
1907 2350 1991 2375 depen-

1805 2380 1898 2400 dentium
1933 2380 1990 2400 libe-

1023 2403 1024 2408 ’
1043 2397 1097 2443 qui
1123 2408 1158 2430 se
1179 2396 1242 2430 illic
1263 2395 1388 2442 sepeliri
1411 2394 1670 2435 deliberaverint,
1694 2395 1792 2430 devo-
1805 2416 1848 2430 ram
1859 2411 1944 2431 omnino
1955 2411 1990 2430 aa.

1044 2446 1121 2481 tioni
1144 2453 1173 2480 et
1199 2454 1356 2479 extremae
1378 2444 1541 2485 voluntati,
1568 2445 1628 2479 nisi
1647 2444 1726 2480 forte
1742 2458 1792 2480 ex-

1044 2495 1285 2535 communicati,
1318 2494 1365 2528 vel
1395 2494 1554 2529 interdicti
1578 2495 1658 2535 sint,
1686 2495 1792 2530 nullus

1806 2442 1870 2462 clarat
1875 2458 1879 2461 .

1045 2545 1185 2580 obsistat.
1208 2544 1416 2579 Decernimus
1430 2556 1504 2591 ergo
1526 2544 1792 2580 utnulliomnino
1819 2546 1930 2568 ⁰2⁰¹e¹¹¹¹¹¹
1949 2549 1989 2568 ἰω-

1807 2580 1914 2599 munitatis
1922 2585 1933 2598 a
1942 2585 1991 2605 qun-

1045 2595 1208 2629 hominum
1244 2594 1347 2635 liceat,
1374 2593 1457 2628 idem
1485 2594 1709 2629 monasterium
1745 2603 1896 2637 te-eumque
1922 2610 1991 2630 mute-

1046 2657 1131 2680 mere
1165 2643 1364 2692 perturbare,
1401 2652 1453 2678 aut
1479 2644 1546 2679 eius
1578 2644 1794 2692 possessiones

1808 2642 1855 2667 stin,
1872 2642 1892 2661 ri
1907 2644 1949 2661 etc.
