2180 3205
147 264 240 291 An.t1.
266 265 332 292 lll5

149 708 273 729 Donationis
288 713 334 728 uar-

409 232 479 265 278

396 296 471 326 bona
492 295 589 325 onmia
616 295 836 331 confirmantur,
863 294 962 325 addito
990 295 1106 325 decreto

397 340 582 370 omnimodae
601 339 793 377 exemptionis
813 338 848 368 ab
865 339 945 368 omni
963 339 1000 376 vi,
1017 339 1107 368 mole-

397 385 462 420 stia,
485 388 539 413 etc.
551 383 916 412 —Excommunicationis
929 392 1021 422 poena
1037 393 1107 413 con-

397 434 438 458 tra
457 428 612 457 violatores
624 427 795 457 huiusmodi
809 427 955 467 privilegii
967 429 1105 458 minattn.

356 495 493 523 paschatis
511 494 651 529 episcopus
663 500 757 521 servus
773 500 911 522 servorum
923 494 979 527 Dei,
999 494 1105 523 univer-

400 540 440 567 sis
467 539 590 567 fidelibus
619 545 668 574 per
695 538 834 567 'reatinam
857 539 1023 574 parochiam,
1050 540 1107 568 sive

400 584 569 616 comitatum.
580 583 697 612 satutem
712 584 740 612 et
752 583 929 619 apostolicam
944 584 1106 613 benedictio-

401 636 471 657 nem.

403 691 451 726 Ex
485 691 736 739 praedecessoris
763 691 861 726 nostri
893 699 1020 726 sanctae
1044 703 1104 726 me.

357 741 478 776 Urbani
513 740 540 775 ΙΙ
578 741 684 788 Papae
722 740 839 787 scripto
874 741 1106 786 comperimus,

357 790 442 837 quod
465 789 582 824 nobilis
604 790 774 824 memoriae
791 789 922 824 comites
936 790 1106 830 Robertus,

357 840 406 874 cui
429 839 468 873 de
489 839 647 874 Loretello
672 851 848 885 cognomen
872 839 940 879 fuit,
968 846 998 873 et
1015 839 1108 873 frater

357 889 426 923 eius
446 888 568 929 Tassio‚
588 889 802 943 possessiones
818 888 969 935 quasdam
996 888 1041 923 vel
1059 900 1107 923 ec-

357 938 470 973 clesias
490 937 622 972 'leatiuo
643 938 792 992 episcopo
813 937 1017 977 contulerint
1041 938 1107 972 sive

357 995 389 1022 et
411 988 441 1021 in
465 987 514 1021 ius
550 987 723 1034 proprium,
756 987 821 1020 sive
847 986 1022 1020 dominium
1045 999 1108 1033 pe-

359 1036 497 1071 renniter
519 1035 727 1082 possidendas
741 1035 867 1082 scriptis
883 1036 1017 1082 propriis
1031 1048 1108 1070 con-

360 1085 566 1125 firmaverint3
593 1092 624 1118 et
648 1085 781 1119 Roberti
816 1084 944 1131 quidem
980 1085 1108 1120 donatio

358 1135 436 1169 haec
463 1133 657 1169 continebat:
681 1134 713 1168 in
745 1133 865 1168 Aterno
888 1134 1010 1180 plebem
1033 1134 1110 1169 San-

359 1192 480 1218 ctorum
503 1183 692 1230 Legontiani
726 1191 756 1217 et
772 1183 960 1218 Domitiani:
988 1183 1025 1218 ad
1046 1196 1108 1231 pe-

359 1233 430 1268 dem
452 1241 556 1267 autem
588 1232 689 1280 ipsius
711 1232 810 1273 urbis,
843 1240 874 1267 et
899 1233 937 1267 ad
966 1241 1108 1279 portam,

359 1294 439 1329 quae
461 1282 586 1329 respicit
607 1290 714 1316 contra
744 1293 844 1322 mare,
878 1281 1042 1316 ecclesiam
1074 1282 1107 1318 S.

359 1332 499 1366 Thomae
518 1331 670 1378 apostoli:
693 1331 831 1375 exterius
853 1343 925 1365 vero
945 1331 1108 1366 ecclesiam

360 1381 393 1416 S,
417 1380 549 1424 Nicolai,
573 1388 681 1421 terras,
716 1381 838 1420 vineas„
861 1380 989 1420 domos,
1012 1380 1111 1415 homi-

361 1442 428 1471 nes,
456 1430 542 1464 intus
559 1437 589 1464 et
612 1429 698 1472 foris,
719 1429 860 1464 decimas
885 1437 916 1463 et
937 1429 1111 1465 oblationes

361 1479 503 1513 rivorum
538 1486 568 1513 et
602 1486 821 1523 mortuorum,
846 1487 876 1513 et
899 1479 978 1513 ultra
1000 1478 1111 1514 Pisca-

362 1528 438 1563 riam
461 1536 559 1563 terras
581 1529 613 1562 in
636 1528 820 1574 pertinentia
855 1527 1034 1567 Sculculae,
1057 1541 1112 1562 ca-

361 1577 486 1612 stellum
509 1576 710 1617 Genestrale,
746 1577 907 1611 castellum
941 1577 973 1612 S.
993 1577 1110 1611 Casidii

361 1639 432 1661 cum
459 1626 657 1673 pertiuentiis
678 1626 753 1670 suis⁷
776 1633 807 1660 et
830 1638 922 1660 unam
945 1626 1110 1661 ecclesiam

363 1676 392 1709 in
413 1675 598 1716 Buclanico,
621 1675 795 1713 dedicatam
821 1675 851 1709 in
874 1676 1026 1710 honorem
1045 1687 1112 1710 san-

361 1725 402 1759 cti
426 1724 593 1759 Salvatoris
620 1733 649 1758 et
670 1725 769 1759 sancti
792 1723 924 1770 Angeli,
959 1737 1031 1759 cum
1055 1724 1113 1759 de-

362 1775 454 1808 cimis
475 1773 626 1808 Comitis:
646 1781 675 1808 et
697 1773 835 1808 decimas
857 1773 1057 1808 castellorum
1081 1774 1110 1807 in

362 1823 494 1857 Teatino
516 1824 717 1870 episcopatu,
740 1834 820 1869 quae
838 1822 896 1856 sub
918 1823 1019 1869 ipsius
1040 1823 1112 1857 Ro-

362 1872 442 1907 berti
466 1872 605 1906 dominio
627 1880 727 1913 erant,
749 1880 779 1906 et
801 1872 885 1918 quod
907 1872 1038 1906 Teatina
1055 1872 1115 1906 Ec-

364 1921 456 1955 clesia
481 1921 511 1954 in
534 1929 636 1956 castro
658 1921 744 1967 Septi
780 1920 914 1955 tenebat.
930 1924 932 1927 '
951 1921 1113 1955 Tassionis

363 1978 467 2005 autem
503 1970 670 2005 restituitio
693 1977 723 2004 et
744 1970 941 2004 confirmatio
965 1970 1040 2005 baec
1063 1982 1115 2004 an-

365 2019 512 2061 notabat,
546 2020 665 2054 scilicet
691 2019 853 2053 Teatinam
873 2019 1004 2062 urbem,
1035 2019 1114 2053 Tre-

364 2068 545 2113 vellianum,
566 2068 682 2102 Villam
704 2068 862 2114 Magnam,
887 2076 1023 2102 montem
1047 2067 1115 2102 Fil-

363 2118 499 2157 lardum,
522 2118 686 2152 ecclesiam
707 2117 839 2152 Sanctae
853 2117 968 2151 Mariae
984 2118 1014 2151 in
1029 2117 1114 2159 Bari,

366 2166 474 2201 Sancti
500 2167 597 2202 Blasii
620 2167 650 2200 in
674 2166 845 2206 LancianO,
872 2166 978 2200 Sancti
1004 2166 1113 2200 Leucii

366 2217 396 2250 in
412 2216 514 2250 Atissa
531 2220 589 2260 (tt,
602 2216 733 2251 Sanctae
747 2215 873 2255 Mariae,
897 2215 1002 2249 Sancti
1021 2215 1114 2249 Geor-

365 2265 407 2311 gii
447 2266 477 2299 in
512 2265 652 2309 Ortona,
689 2265 828 2299 Montem
869 2264 1006 2298 Acutum
1041 2276 1113 2298 cum

366 2315 496 2349 ecclesia
524 2314 628 2349 Sancti
657 2314 788 2348 Nicolai.
825 2314 951 2348 Praeter
980 2314 1056 2347 haec
1085 2313 1114 2347 in

366 2364 478 2398 eodem
500 2363 749 2410 praedecessoris
767 2364 861 2397 nostri
885 2363 1019 2409 scripto,
1039 2361 1116 2396 Rai-

367 2413 507 2459 nnlpltus
541 2413 593 2446 bo.
629 2424 724 2446 mem.
764 2412 916 2446 Teatinns
949 2412 1117 2457 episcopus

368 2462 518 2495 industria
541 2474 595 2496 sua
618 2469 649 2495 et
676 2460 808 2508 pecunia
844 2461 1054 2495 ecclesiastica
1087 2461 1115 2493 iu

367 2510 528 2545 Ecclesiae
550 2511 725 2544 dominium
755 2510 832 2544 haec
862 2510 1018 2556 recepisse
1046 2522 1117 2542 nar-

368 2567 469 2594 ratur:
492 2559 527 2592 In
552 2568 657 2593 monte
673 2558 809 2594 Oderisii
828 2560 992 2594 ecclesiam
1013 2557 1116 2592 Sancti

405 2620 446 2655 (i)
463 2620 528 2655 Lege
545 2622 646 2646 messa.
987 2618 1024 2655 (a.
1044 2619 1084 2654 τ.)

937 240 1073 264 ntrLLARt
1079 240 1125 264 ml
1153 241 1242 265 ROMA
1248 242 1314 265 Ntm

1148 296 1317 331 Salvatoris
1330 324 1337 335 ,

1148 358 1218 381 cum
1242 346 1402 380 beneficiis
1423 346 1557 389 illarum,
1581 350 1803 384 monasterium
1823 350 1899 385 San-

1149 395 1189 430 cti
1211 395 1312 429 Mauri
1337 407 1409 430 cum
1431 395 1584 431 beneficio
1611 410 1684 432 suo:
1720 398 1751 432 in
1773 399 1898 434 civitate

1148 444 1306 499 Lupwnelli
1335 444 1458 491 plebem
1481 444 1589 480 Sancti
1610 446 1693 481 Petri
1728 459 1799 481 cnm
1824 460 1898 495 per-

1148 493 1289 528 tinentiis
1315 494 1399 535 suis,
1427 495 1653 529 monasterium
1676 495 1809 531 Sanctae
1830 497 1898 531 tta-

1149 543 1211 577 riae
1245 543 1284 577 de
1318 543 1420 588 Letto,
1454 556 1525 578 cum
1566 544 1660 579 casali
1695 545 1826 592 aliisque
1857 546 1897 580 ad
1934 587 1939 591 η

1149 592 1251 639 ipsum
1276 593 1431 639 pertinen.
1459 592 1494 627 In
1518 593 1648 628 Abatico
1676 593 1798 640 plebem
1822 595 1899 630 San-

1148 643 1189 676 cti
1212 641 1335 676 Martini
1358 654 1430 676 cum
1455 642 1654 689 pertinentiis
1675 643 1758 677 suis:
1788 644 1819 678 in
1839 643 1898 679 Ca-

1150 691 1308 726 ramanico
1349 691 1473 738 plebem
1509 691 1641 726 Sanctae
1673 692 1790 727 Mariae
1824 705 1896 727 cum

1149 740 1347 786 possessione
1369 753 1446 775 sua:
1475 742 1506 774 in
1525 740 1626 775 Turre
1649 741 1770 788 plebem
1788 741 1897 776 Sancti

1148 789 1287 824 Ioannis.
1313 789 1432 824 Fratria
1456 792 1499 833 (5)
1527 790 1620 824 etiam
1642 791 1739 825 nostri
1761 789 1899 826 Guillel-

1150 839 1190 872 mi
1213 839 1366 885 episcopi,
1401 839 1454 886 qni
1477 839 1515 873 ad
1552 851 1700 886 praesens
1721 839 1898 875 Ecclesiam

1148 888 1309 922 Teatinam
1333 889 1483 935 possidet
1507 888 1658 923 relatione
1679 889 1897 935 cognovimus,

1149 937 1234 984 quod
1262 937 1343 971 idem
1364 937 1566 984 Riinulpltus
1588 938 1758 985 episcopus
1776 946 1847 993 post
1865 938 1898 973 id

1151 995 1275 1032 tempus
1304 998 1320 1020 a
1357 986 1514 1032 praedicto
1546 987 1687 1022 Roberto
1721 987 1836 1022 comite
1866 987 1897 1022 in

1150 1035 1268 1070 Aterno
1300 1036 1463 1070 ecclesiam
1504 1035 1609 1071 Sancti
1649 1036 1818 1071 Salvatoris
1868 1045 1899 1072 et
1928 1060 1931 1061 ν

1151 1084 1282 1119 Sanctae
1301 1084 1470 1119 lernsalem
1499 1084 1537 1119 ad
1561 1085 1700 1132 episcopi
1723 1085 1898 1121 dominium

1150 1134 1324 1181 acquisivit.
1352 1133 1440 1168 Ultra
1469 1134 1632 1181 piscariam
1655 1146 1728 1169 vero
1751 1135 1789 1169 ad
1811 1135 1901 1170 Mou-

1151 1182 1396 1218 tem-Silranum
1415 1183 1563 1218 Sanctam
1582 1184 1712 1218 Mariam
1727 1184 1757 1218 in
1772 1184 1898 1228 Rivolo‚

1151 1240 1182 1267 et
1202 1231 1364 1266 castellum
1388 1232 1577 1267 Lastiniani:
1601 1233 1631 1267 in
1646 1233 1779 1268 Teatino
1794 1240 1899 1268 autem

1151 1282 1298 1316 comitatu
1321 1282 1483 1316 castellum
1498 1281 1603 1316 Sancti
1618 1282 1720 1322 Pauli,
1743 1290 1773 1317 et
1789 1282 1900 1317 castel-

1151 1331 1228 1371 lum,
1265 1331 1348 1377 quod
1377 1330 1478 1365 Turca
1505 1331 1634 1366 dicitur:
1671 1332 1701 1365 in
1727 1331 1900 1366 Bulcanico

1154 1380 1278 1425 plebem
1300 1379 1407 1414 Sancti
1429 1380 1588 1415 Silvestri:
1613 1380 1643 1414 in
1667 1380 1751 1415 Gissi
1775 1380 1900 1428 plebem

1153 1429 1287 1464 Sanctae
1328 1429 1443 1464 Mariae
1477 1442 1548 1464 cnm
1590 1430 1786 1476 pertinentiis
1822 1430 1899 1464 suis.

1152 1479 1238 1513 Idem
1282 1479 1373 1512 etiam
1422 1478 1623 1524 Rainulpltus
1660 1479 1828 1525 episcopus
1860 1479 1900 1514 ab

1152 1527 1264 1574 Ugone
1285 1527 1394 1561 abbate
1410 1527 1514 1562 Sancti
1535 1527 1684 1562 Iohannis
1702 1528 1741 1562 de
1760 1527 1901 1568 Ardano,

1153 1577 1397 1611 commutatione
1436 1576 1531 1616 facta,
1567 1576 1723 1612 Mucelam
1759 1578 1900 1624 recepit,

1153 1638 1231 1673 quae
1255 1626 1337 1659 iuxta
1365 1625 1517 1660 Ortonam
1540 1634 1605 1666 est;
1633 1626 1794 1660 Robertus
1827 1638 1902 1661 vero

1155 1675 1303 1722 praedicti
1341 1674 1471 1709 Roberti
1509 1675 1633 1709 comitis
1670 1675 1777 1715 filius,
1817 1675 1901 1710 idem

1154 1725 1304 1771 episcopo
1343 1724 1505 1759 castellum
1548 1724 1714 1759 Sculculae
1755 1724 1901 1759 reddidit.

1155 1773 1253 1807 Porro
1271 1785 1435 1807 successor
1456 1774 1523 1808 eius
1537 1774 1815 1820 supranominatus
1832 1773 1902 1820 epi-
1934 1778 1942 1786 ⁸

1155 1835 1269 1868 scopus
1295 1821 1507 1863 Guillietmus,
1535 1823 1696 1857 Tassionis
1717 1822 1828 1866 titium,
1849 1834 1904 1857 ca-

1154 1872 1280 1906 stellum
1303 1872 1519 1918 Mantipolum
1542 1871 1698 1906 Iulianum
1722 1879 1752 1906 et
1766 1871 1902 1912 Ornum,

1155 1933 1226 1955 cum
1262 1920 1408 1955 omnibus
1435 1921 1500 1955 suis
1533 1921 1730 1968 pertinentiis
1762 1920 1902 1968 acquisi-

1156 1970 1236 2004 visse
1257 1969 1381 2015 signific
1385 1971 1454 2003 ixit.
1483 1970 1547 2003 Nos
1568 1970 1693 2016 itaque,
1729 1969 1901 2024 supradicti

1155 2019 1320 2053 confratris
1343 2019 1439 2052 nostri
1462 2018 1624 2053 Guillelmi
1647 2019 1785 2065 episcopi
1808 2018 1904 2066 preci-

1156 2067 1215 2102 bus
1236 2069 1364 2111 exorati,
1388 2067 1577 2114 praedictam
1603 2067 1835 2114 praedictorum
1848 2079 1906 2102 co-

1157 2117 1282 2160 mitum,
1315 2125 1346 2151 et
1378 2117 1538 2151 Guillelmi
1566 2117 1728 2151 Tassionis
1762 2116 1906 2152 donatio-

1157 2178 1242 2210 ncm,
1260 2166 1342 2200 salva
1357 2166 1450 2200 Sedis
1467 2167 1666 2213 Apostolicae
1681 2165 1906 2200 confirmamus

1156 2215 1355 2255 authoritate,
1375 2216 1434 2249 sub
1453 2215 1549 2249 divini
1568 2216 1776 2250 obtestatione
1799 2214 1906 2249 iudicii

1157 2272 1342 2304 statuentes,
1367 2272 1398 2298 ut
1421 2265 1497 2298 nulli
1521 2265 1650 2299 omnino
1672 2264 1844 2298 viventium
1864 2263 1904 2297 li-

1157 2322 1234 2351 ceat,
1258 2313 1304 2347 vel
1332 2326 1412 2359 quae
1434 2327 1448 2347 a
1479 2313 1645 2359 praedictis
1667 2314 1810 2359 personis
1828 2324 1908 2347 con-

1158 2374 1245 2396 cessa
1280 2371 1363 2406 sunt,
1399 2363 1444 2397 vel
1472 2363 1621 2410 quicquid
1658 2362 1752 2396 hodie
1777 2361 1909 2396 Teatina

1158 2411 1299 2446 Ecclesia
1322 2411 1404 2446 iuste
1425 2413 1536 2458 possit,
1559 2412 1605 2446 vel
1629 2412 1660 2445 in
1690 2411 1828 2445 futurum
1851 2423 1910 2445 au-

1159 2461 1287 2495 xiliante
1320 2459 1457 2495 Domino
1497 2462 1577 2495 iuste
1604 2460 1718 2507 poterit
1753 2459 1909 2506 adipisci,

1159 2510 1292 2553 anferre,
1315 2509 1360 2543 rel
1384 2509 1484 2544 ablata
1512 2510 1658 2551 retinere,
1681 2509 1837 2551 minuere,
1861 2508 1909 2542 vel

1161 2559 1333 2592 temerariis
1350 2559 1563 2593 vexationibus
1578 2558 1724 2604 fatigare;
1746 2558 1799 2592 sed
1819 2570 1910 2604 prae-

1197 2619 1236 2654 (l)
1256 2619 1378 2646 Fortasse
1389 2620 1522 2649 Eruci-iue-
1777 2618 1815 2652 (a.
1834 2616 1875 2652 τ.)

1921 260 1971 287 An.
1991 259 2104 289 c.1115

1373 297 1478 332 Sancti
1507 297 1644 340 Nicolai,
1677 299 1782 335 Sancti
1812 300 1898 336 Petri
1947 318 1992 348 ,nia
2006 318 2062 347 sona
2077 318 2104 339 ab

1922 350 2034 398 58:⁵⁵5&
2061 350 2096 366 ‘³⁰'

1957 1982 2018 2003 Dicta
2028 1981 2116 2003 donatio

1931 2011 1950 2030 et
1962 2011 2048 2030 caetera
2058 2007 2115 2029 bona

1940 2035 2009 2056 omnia
2033 2035 2107 2056 confir-

1930 2065 2014 2083 mantur
2024 2077 2031 2085 ,
2042 2061 2116 2082 addito

1931 2089 2018 2109 decreto
2050 2089 2116 2108 omni-

1931 2115 2007 2135 modae
2046 2119 2116 2135 exem-

1931 2142 2008 2167 ptionis
2017 2140 2045 2161 ab
2060 2139 2117 2161 omni

1932 2168 1959 2192 vi,
1966 2167 2068 2193 molestia.
2076 2169 2117 2188 eto.

2176 2563 2180 2595 r-.
2171 2407 2180 2549 -..Λ-...εἰὶ-
