2180 3205
233 156 243 169 Ἷ

240 176 244 186 i

52 223 99 250 An.
120 222 148 249 C.
164 221 226 248 1071

76 275 174 302 Episcopi
187 275 231 295 nn}-

51 303 90 324 laui
119 301 230 322 subivi-tio-

50 335 96 350 nem
111 336 122 349 :i
133 327 231 348 fratribus

50 355 130 382 possint
140 355 231 384 exigere,

50 381 98 404 dum
112 387 149 403 eos
166 385 231 402 sacris

50 409 139 431 init-aiii,
155 411 185 428 iel
199 416 230 427 su-

50 435 146 456 cci-:loten
175 435 231 455 ordi—

50 463 106 484 nant.

76 579 146 601 Abba:
154 579 232 601 Floria-

51 607 119 627 eensis
133 608 231 628 tantu-na

49 633 172 660 provinciali
184 639 231 653 con·

24 674 25 677 ,
49 659 105 683 cilio.
120 659 152 680 vel
174 659 231 689 Papa

50 685 138 707 indicari
157 688 229 712 possit.

83 1664 228 1686 floriacense·

45 1693 131 1717 rio-sunt
175 1693 227 1713 reci—

45 1722 94 1742 pere
106 1723 178 1739 omues
186 1725 227 1739 inn-

43 1743 123 1765 nachos
158 1746 227 1766 sludl›

44 1771 187 1793 meliorandae
199 1773 228 1793 ri-

44 1798 90 1820 laa.
113 1799 134 1818 et
149 1798 227 1820 eiicere

44 1828 114 1844 omnes
121 1823 228 1851 improbus

93 2099 228 2120 Confirmatio

46 2126 86 2151 prii
93 2126 149 2152 ilegii
159 2126 229 2147 huius:

880 215 1074 237 Aluxtxnztu
1102 216 1125 237 H
1154 216 1202 238 Pl‘.

309 269 357 305 De
393 269 609 305 sacerdotibus
636 281 709 305 vero
737 278 790 305 aut
824 269 1008 305 diaconibus

261 318 448 354 ordinandis
469 319 498 354 id
521 319 714 361 observetur,
742 319 826 367 qued
848 319 878 353 in
899 318 1005 365 regula

260 368 466 415 praecipitur:
495 381 534 403 ne
561 368 670 404 saltem
704 369 817 416 aliquis
838 368 1007 415 episcopus

259 417 489 452 subiectionem
517 418 555 452 ab
582 418 628 452 eis
663 419 819 465 requirat,
847 429 928 464 quos
960 429 1007 451 or-

259 466 428 501 dinaverit:
468 479 526 502 nec
563 480 711 514 umquam
753 466 855 501 officio
893 466 1005 511 dignos

258 515 405 550 ordinare
431 515 562 551 differat.

307 565 464 612 Denique,
492 565 517 600 si
541 565 725 611 contigerit,
763 572 795 598 ut
829 564 924 598 abbas
951 577 1004 599 ac-

257 622 384 649 cusetur
411 614 629 649 criminalibus
665 614 789 654 causis,
826 625 885 647 non
912 614 1003 648 nnius

257 663 396 710 episcopi
426 663 542 698 indicio
569 663 796 698 determinetur
829 663 1002 707 sententia,

257 713 310 747 sed
335 712 536 759 provincialis
562 712 684 747 concilii
718 720 901 759 expectetur
933 725 1003 746 cen·

256 774 347 803 sura;
374 769 426 796 aut
448 761 472 795 si
496 761 573 795 sorte
597 761 739 796 maluerit
763 761 920 808 appellare
945 761 1004 796 Se—

256 810 327 845 dcm
353 810 580 855 Apostolicain,
604 823 652 845 res
673 811 710 844 ad
733 810 866 845 Rotnani
895 810 1003 845 Ponti-

256 859 324 895 ficis
338 859 495 895 deferatur
510 859 711 894 audientiam.
734 859 772 894 Et
790 860 1003 906 quotiescum-

255 921 316 956 que
345 909 515 944 necessitas
543 908 665 955 urgebit
694 921 765 944 euin
797 909 902 944 venire
931 910 1002 944 150-

254 970 357 1003 mam,
379 958 407 993 ei
431 958 467 993 in
494 958 643 992 omnibus
665 959 766 993 liceat.
800 957 862 993 Sed
886 966 915 992 et
944 959 1002 993 sol-

255 1007 347 1042 vendi
374 1015 404 1043 et
426 1007 541 1054 ligandi
564 1019 630 1042 eam
661 1015 844 1054 potestatem
873 1007 1000 1049 babeas,

254 1069 347 1104 quam
370 1064 584 1092 antecessores
607 1057 650 1091 tui
680 1069 734 1104 per
758 1069 883 1091 romana
913 1058 999 1103 privi-

253 1105 334 1153 legia
357 1106 529 1153 probantur
557 1106 715 1141 babuisse.
750 1106 842 1148 Quod
869 1106 894 1140 si
926 1119 1000 1153 pcc-

253 1156 332 1190 catis
358 1155 569 1190 habitatorum
592 1164 690 1190 terrae
712 1155 921 1202 exigentibus,
944 1167 999 1190 ex-

253 1205 549 1240 communicationis
582 1205 746 1239 anathema
774 1205 810 1239 ad
842 1217 896 1239 eos
927 1217 999 1251 pei·-

253 1254 390 1299 venerit,
413 1254 442 1288 id
466 1254 663 1301 privilegium
685 1253 786 1289 eidem
810 1255 998 1288 monasterio

254 1303 456 1348 indulsimus,
495 1311 528 1337 ut
559 1303 668 1338 lratres
701 1303 844 1338 eiusdem
867 1315 999 1349 congre.-

252 1352 400 1398 gafionis,
422 1352 560 1387 exclusis
581 1352 652 1387 aliis
679 1352 837 1393 omuibus,
866 1352 922 1398 ipsi
950 1353 1000 1386 ali—

251 1402 346 1436 soluti
368 1401 509 1436 divinum
531 1401 667 1436 officium
701 1409 861 1448 peragant.
889 1400 997 1435 Visum

253 1463 381 1498 quoque
408 1451 499 1486 nobis
525 1459 583 1491 est,
606 1459 639 1485 ut
665 1451 744 1485 hauc
771 1450 928 1485 licentiam
953 1451 999 1485 ei·

253 1500 325 1534 dem
352 1500 542 1535 tribuamus:
572 1509 605 1535 ut
630 1500 751 1545 fratres,
785 1499 837 1547 qui
869 1500 898 1534 in
927 1500 999 1547 qui-

252 1548 385 1584 busdam
412 1549 573 1584 coenobiis
606 1549 742 1596 degunt,
778 1549 862 1596 quod
898 1550 998 1584 vivere

251 1599 436 1645 regulariter
463 1607 631 1646 nequeant,
664 1599 688 1633 si
723 1598 875 1633 voluerint
896 1598 999 1633 studio

251 1648 463 1683 meliorandae
490 1648 568 1683 vitae
595 1648 632 1682 ad
654 1649 757 1694 ipsum
789 1648 901 1682 duceni
925 1660 999 1682 nio—

251 1697 425 1732 nachoruin
453 1698 622 1744 confugere
637 1725 646 1741 ,
684 1698 879 1743 permittatur
901 1697 947 1731 eis
968 1697 997 1731 in

251 1746 363 1781 eodem
390 1747 543 1781 coenobio
566 1746 684 1780 tamdiu
708 1747 840 1792 degere,
863 1747 887 1780 si
915 1758 999 1781 con—

252 1796 328 1830 teuti
370 1795 484 1830 suerint
530 1796 701 1830 monastica
746 1795 998 1835 consuetudine,

252 1856 417 1891 quousque
457 1846 486 1879 in
520 1845 585 1879 suis
629 1844 826 1879 monasteriis
862 1844 1000 1879 videatur

252 1893 329 1928 ordo
352 1894 465 1928 redire.
485 1894 702 1928 permittimus
718 1894 823 1937 etiam,
847 1901 878 1928 ut
900 1893 924 1928 si
944 1894 999 1928 ali-

252 1943 342 1977 cuius
367 1943 405 1977 de
434 1944 508 1989 ipsis
541 1943 688 1978 fratribus
715 1955 846 1977 onerosa
869 1955 1000 1977 eonver-

252 1992 330 2026 satio
365 1991 475 2032 fuerit,
504 1993 569 2039 ipse
594 1993 698 2039 potius
725 2004 795 2026 cum
820 2005 877 2026 sno
902 1992 1000 2026 detri-

251 2050 358 2075 mento
381 2041 532 2081 discedat,
557 2054 650 2088 quam
677 2042 755 2076 alios
778 2041 931 2088 inquinet.

301 2090 386 2125 Haec
408 2091 502 2136 igitur
534 2091 650 2129 omnia,
686 2103 766 2137 quae
788 2090 884 2124 huius
908 2102 1000 2136 prae-

253 2139 334 2185 cepti
362 2139 541 2186 decretique
570 2140 665 2173 nostri
695 2139 806 2185 pagina
842 2139 998 2176 continet,

252 2195 315 2222 tam
338 2187 440 2222 eidem
468 2188 584 2231 abbati,
612 2200 705 2234 quam
734 2188 856 2222 cunctis
885 2188 915 2221 in
951 2200 999 2227 eo,

253 2237 284 2271 in
313 2248 375 2284 quo
397 2244 455 2279 est,
487 2236 597 2271 ordine
633 2238 764 2283 locoque
796 2240 1000 2275 successuris,

253 2286 285 2320 in
319 2295 506 2333 perpetuum
546 2287 697 2320 servanda
722 2286 933 2320 decernimus.
966 2285 999 2320 Si

201 2329 208 2363 s
253 2347 325 2382 quS
351 2347 424 2370 VEl'O
439 2347 560 2381 regum,
582 2335 792 2378 sacerdotum,
815 2343 907 2380 {lique
922 2346 1001 2381 (Illa-

253 2383 403 2419 rumlibet
430 2395 649 2431 personarum,
672 2384 751 2418 hanc
767 2384 1001 2418 constitutionis

255 2441 379 2468 nostrae
405 2433 547 2480 paginam
584 2444 770 2479 agnoscens,
798 2440 904 2467 contra
932 2445 1000 2467 eam

255 2482 360 2517 venire
382 2481 594 2529 temptaverit:
618 2482 664 2516 vel
693 2482 731 2516 de
753 2482 884 2516 ecclesia
919 2483 1001 2516 San-

255 2540 322 2566 ctae
352 2531 469 2566 Mariae
502 2543 572 2566 cum
603 2531 751 2566 omnibus
778 2531 998 2577 appendiciis,

255 2580 488 2628 pertinentibus
509 2580 547 2616 ad
573 2581 671 2629 ipsam
700 2580 885 2621 Ecclesiam,
919 2592 1000 2627 quae

1704 212 1752 243 ‹l5

1048 278 1094 304 est
1133 271 1161 304 in
1198 279 1299 306 castro
1326 272 1431 307 Sancti
1466 272 1576 315 Bricii,
1604 286 1696 321 quam
1732 275 1798 310 Ro-

1049 319 1155 353 bcrtus
1175 319 1321 356 dominus
1349 322 1447 368 ipsius
1474 323 1565 358 castri
1601 323 1660 371 ipsi
1684 336 1798 360 mona-

1047 368 1142 402 sterio
1169 369 1312 410 contulit,
1340 370 1455 418 aliquid
1487 372 1670 415 abstulerim
1706 382 1796 420 pote-

1047 417 1134 452 statis
1173 418 1364 465 honorisque
1403 421 1450 455 sui
1486 421 1638 467 dignitate
1672 432 1796 465 eareat;

1047 479 1199 512 reumque
1233 480 1266 502 sc
1301 469 1408 503 divino
1444 469 1559 506 iudicio
1589 471 1722 507 existere
1756 472 1796 508 de

1047 523 1222 562 perpetrata
1250 517 1414 564 iniquitate
1452 528 1611 565 agnoscat.
1659 520 1699 555 Et
1735 522 1793 557 uisi

1047 564 1109 609 illa⁷
1131 577 1210 612 quae
1232 566 1269 600 ab
1292 566 1343 601 illo
1365 575 1438 601 sunt
1466 568 1546 604 male
1573 569 1686 611 ablata,
1710 571 1794 605 resti·

1046 614 1156 653 tuerit,
1184 623 1213 649 ct
1240 614 1332 661 digna
1355 616 1567 653 satisfactione
1592 628 1659 654 acta
1681 631 1794 654 emen-

1045 663 1174 706 daverit,
1197 664 1257 698 sub
1274 665 1480 700 anathematis
1502 667 1721 703 interdictione
1741 669 1792 710 sit;

1045 720 1137 759 atque
1165 713 1194 747 in
1230 722 1356 748 aeterno
1387 715 1531 750 examine
1553 716 1713 752 districtae
1746 720 1794 752 ul-

1045 761 1119 796 tioni
1154 762 1324 797 subiaceat.
1361 762 1494 798 Cunctis
1528 773 1654 810 autem,
1691 766 1792 802 eidem

1045 810 1113 845 loco
1145 811 1223 846 iusta
1259 813 1475 857 servantibus,
1509 814 1547 848 sit
1577 826 1635 861 pax
1663 815 1790 851 Domini

1044 861 1140 894 nostri
1165 860 1233 895 lesu
1257 860 1393 902 Cliristi;
1416 870 1571 908 quatenus
1595 872 1626 898 et
1647 864 1698 899 hie
1727 865 1794 900 sru-

1043 917 1126 943 ctum
1162 909 1262 944 bonae
1289 911 1420 945 actionis
1447 912 1619 958 recipiant,
1647 921 1677 948 et
1708 914 1791 961 apud

1042 957 1218 993 districtum
1239 959 1377 994 indicem
1395 961 1530 1007 praemia
1550 969 1693 998 aeternae
1709 964 1793 1009 pacis

1043 1016 1189 1042 inveniat.

1121 1217 1155 1279 Ξ
1168 1237 1299 1265 MAGNVS
1311 1243 1371 1266 D‘Ns
1400 1246 1442 1268 NR

1121 1281 1152 1313 >
1164 1276 1295 1300 ETMAGNA
1308 1279 1450 1318 vat‘Sltlvsl

1088 1520 1204 1554 Datum
1228 1520 1333 1555 Lucae
1358 1533 1405 1556 vn
1436 1522 1506 1557 idus
1533 1521 1714 1557 novembris
1737 1533 1791 1566 per

1041 1581 1153 1602 manus
1181 1569 1263 1604 Petri
1290 1579 1416 1605 sanctae
1440 1571 1598 1606 Romanae
1633 1570 1792 1605 Ecclesiae

1040 1618 1229 1656 cardinalis,
1259 1631 1340 1654 auno
1375 1632 1411 1654 Χι
1438 1620 1550 1667 pontif.
1578 1619 1685 1654 domni
1718 1619 1793 1653 Ale--

1041 1667 1148 1700 xandri
1177 1667 1291 1713 Papae,
1315 1668 1487 1704 indictione
1509 1669 1641 1704 decima.

1074 1723 1134 1752 Dal.
1156 1724 1202 1753 die
1223 1725 1237 1753 7
1258 1725 1426 1755 novembris
1447 1735 1523 1759 anno
1541 1725 1656 1755 Domini
1679 1725 1762 1759 1071,

1199 1764 1301 1802 pontis.
1321 1765 1477 1795 Alexandri
1498 1775 1573 1794 anno
1596 1773 1633 1794 Χῖ.

1042 1964 1265 1996 Μυηαςισι·ι”ιιιη
1284 1965 1319 1996 S.
1345 1964 1490 2007 l'rosperi
1504 1964 1623 2005 (deinde
1637 1964 1671 1996 S.
1697 1963 1791 2004 Petri)

1090 2013 1256 2056 Regiensis,
1284 2013 1401 2045 ωνιίίηίε
1427 2013 1625 2047 Casst’nensis,
1644 2025 1676 2044 in
1696 2019 1795 2054 prote-

1089 2063 1214 2094 ctionem
1231 2062 1320 2094 Sedis
1343 2062 1538 2105 Apostolt'cac
1558 2061 1713 2104 recipitur,
1730 2062 1793 2093 eius

1089 2112 1169 2143 bona
1193 2112 1426 2155 confirmantur,
1449 2122 1586 2154 novaque
1612 2110 1705 2142 cidem
1726 2120 1792 2142 con-

1090 2160 1237 2191 ceduntur
1260 2160 1426 2203 privilegia
1454 2160 1515 2201 (l).

1312 2228 1526 2258 SUMMARtUM

1043 2293 1230 2323 Procnmiuni.
1251 2311 1291 2315 —
1317 2293 1439 2323 Abbatis
1468 2294 1637 2323 monasterii
1663 2292 1691 2323 S.
1719 2292 1789 2321 Pro-

1081 2334 1158 2371 spcri
1187 2334 1360 2363 electionem
1388 2333 1550 2362 secundum
1581 2333 1610 2362 S.
1640 2331 1790 2362 Benedicti

1050 2398 1055 2399 ⁷
1081 2373 1212 2410 regulam
1232 2372 1395 2402 faciendam
1424 2372 1586 2402 constituit.
1617 2389 1657 2394 —
1687 2371 1789 2401 Mona-

1081 2413 1202 2441 stcrium
1222 2412 1276 2441 snb
1296 2412 1476 2451 protectione
1495 2411 1580 2441 Sedis
1608 2412 1794 2450 apostoliea-2

1082 2452 1253 2490 suscipitur.
1281 2468 1319 2473 —
1347 2451 1421 2480 ssoua
1455 2451 1588 2481 eiusdem
1616 2459 1793 2480 enumeran-

1083 2496 1129 2520 tur
1147 2496 1174 2521 et
1195 2492 1415 2520 confirmantur.
1433 2507 1473 2513 --
1498 2493 1521 2520 Α
1543 2500 1730 2530 quacumque
1750 2491 1794 2518 iu-

1081 2531 1251 2560 risdictione
1270 2531 1470 2560 ecclesiastica
1491 2531 1535 2560 vel
1552 2530 1698 2560 saeculari
1717 2529 1794 2559 libe-

1079 2594 1118 2629 (l)
1135 2593 1273 2627 Mai-garin.
1288 2593 1379 2619 Bollar.
1398 2593 1484 2620 Casiri.
1504 2600 1561 2628 par.
1579 2599 1608 2619 ιι.

1827 219 1876 247 Au.
1896 220 1923 245 (ἰ.
1944 221 2004 248 1071

1839 550 1904 574 Atque
1920 549 1992 569 anath*
2002 560 2008 564 ·

1826 582 1858 595 nia
1875 578 1946 595 ronti-'t
1963 582 2008 595 ein·

1827 602 1945 622 t'ltllal(›l[·5.

1857 1289 1943 1308 §tanniu
1961 1289 2006 1310 Ale·

1824 1316 1895 1335 tairLi
1913 1315 1951 1335 Μ’.
