2180 3205
440 258 504 292 900

408 329 498 363 LVII.
528 330 734 364 Canonizatio
764 330 849 362 beati
876 329 1009 363 Stutmii
1029 330 1154 364 abbatis

497 384 675 421 Fuldensis
695 383 829 427 eiusque
845 384 1021 428 adsctiptio
1037 384 1069 417 in
1088 395 1150 417 nu-

497 447 624 469 merum
634 442 763 470 sanctor
767 447 819 469 um
830 437 995 470 consessoi
997 448 1063 475 um,
1074 436 1148 470 437.

407 488 513 523 Lvllt.
542 489 751 523 Confirmatio
784 490 1029 534 compositionis
1056 490 1152 524 initae

496 543 580 576 inter
600 544 749 577 abbatem
768 544 956 577 monasterii
969 544 999 578 S.
1017 544 1153 578 Michae-
1170 582 1171 585 Ἴ

496 596 534 630 lis
555 597 596 630 ad
616 597 735 630 Mosam
769 604 800 631 et
817 598 1012 632 abbatissam
1034 609 1150 632 mona·

495 649 582 683 sterii
620 651 835 691 luviniensis,

495 703 648 748 Tyrciaci,
673 703 748 737 438.

406 756 484 790 LIX.
508 757 667 801 Diploma,
688 769 753 802 quo
779 758 993 792 Ferrariensis
1013 752 1171 792 Ecclesia

495 811 642 855 specialis
678 812 839 846 Ecclesiae
878 813 1043 846 Romanae
1064 813 1171 858 fitia,j

496 864 631 909 eiusque
659 865 833 899 comitatus
854 865 963 900 Sancti
992 866 1077 900 Petri
1099 877 1171 914 pa·

495 918 691 952 trimoniurn·
705 920 898 960 declaratur,
922 918 997 953 438.

406 971 469 1006 ιΧ.
491 972 701 1006 Confirmatio
714 979 920 1013 statutorum,
937 973 1153 1018 aLandulpho

496 1026 649 1071 episcopo
687 1027 847 1060 editorum
882 1038 940 1071 pro
977 1034 1192 1061 conserva-'.

496 1079 583 1113 tione
612 1085 642 1113 et
667 1080 873 1114 immunitate
905 1081 1088 1122 bonorum,
1113 1082 1171 1116 adt

495 1133 670 1167 canonicos
678 1134 900 1168 Ferrarienses
907 1135 1171 1178 pertinentium

494 1186 569 1220 441.

405 1239 483 1274 LXI.
507 1240 627 1283 Regius
646 1241 766 1282 titulus,
785 1241 925 1285 Rogerio
944 1241 1072 1276 Siciliae
1085 1242 1170 1290 regi
1169 1239 1171 1245 ¹

494 1294 534 1327 ab
559 1295 702 1329 Honorio
719 1295 777 1329 PP.
803 1296 828 1329 II
849 1306 1031 1337 concessus,
1055 1302 1086 1330 et
1105 1291 1170 1330 in-

495 1348 647 1382 vestitura
676 1349 768 1391 tegni
794 1349 922 1383 Siciliae
948 1350 1054 1384 eidem
1076 1361 1170 1386 con-

496 1402 759 1443 fi1matu1‚4l42.

406 1455 499 1490 LXII.
524 1456 731 1499 Piixilegium
758 1457 972 1491 immunitatis
1000 1469 1059 1502 pto
1085 1469 1153 1492 mo-

496 1501 636 1534 nastetio
657 1501 687 1535 S.
712 1501 841 1544 Geotgii
870 1502 901 1535 in
919 1502 960 1536 1³1
963 1503 1171 1546 usemnoen

496 1544 703 1579 Ratisbonen.
729 1546 895 1587 dioecesis,
922 1546 998 1579 444.

407 1597 747 1642 LXIII.P11x11e01um
769 1600 1028 1634 confirmationis
1048 1582 1171 1639 bono-i

496 1654 591 1682 rum
616 1650 645 1677 et
667 1645 883 1679 concessionis
910 1642 1171 1679 immunitatum}

496 1688 657 1722 Ecclesiae
668 1690 708 1723 ad
719 1690 815 1734 Ripas
829 1690 973 1723 satisbm
975 1701 1046 1733 gen.
1065 1691 1154 1725 dioe-
1170 1691 1171 1710 ³

497 1733 587 1773 cesis,
610 1733 686 1767 445

376 1834 391 1851 ⁹
407 1786 511 1822 LXIV.
536 1787 659 1821 Recens
680 1788 849 1821 fundatum
879 1789 1154 1824 Hemmerodense

498 1965 596 2009 pitur‚
620 1965 695 1999 446,

407 2018 498 2053 LXV.
522 2019 714 2052 Monasterio
747 2020 970 2053 Trenorciensi
992 2021 1153 2055 Ecclesiae

496 2064 535 2097 de
555 2064 741 2098 planesiaco
763 2070 790 2097 et
813 2065 852 2097 (le
873 2065 1057 2098 Tresilliaco
1072 2066 1171 2109 Lug-

497 2109 616 2141 dunen.
641 2115 669 2141 et
699 2109 938 2143 Claromonten.
968 2110 1170 2143 dioecesum

497 2152 741 2194 confirmantur,
762 2153 837 2186 447.

407 2204 509 2239 LXVI.
534 2205 740 2248 Privilegium
762 2217 820 2250 pro
841 2207 982 2240 Ecclesia
1002 2207 1032 2241 S.
1057 2208 1169 2244 Nico-

496 2250 535 2283 lai
558 2251 597 2283 de
617 2251 783 2284 Miseraico
813 2251 986 2285 Bituricen.
1011 2251 1085 2285 448.

407 2303 528 2337 LXVII.
563 2304 732 2337 Itamnatio
755 2315 900 2338 errorum
934 2306 1017 2338 Petri
1050 2306 1152 2340 Abae-
1168 2320 1169 2324 ¹

496 2358 588 2397 lardi,
613 2358 745 2402 eiusque
766 2364 973 2399 sectatorum,
998 2359 1072 2393 449.

408 2409 774 2459 LXVIII3Confi1n1atio
811 2412 973 2446 bonorum
1005 2414 1168 2453 omnium¹

497 2461 526 2487 et
547 2455 664 2488 iurium
692 2457 731 2489 ad
752 2457 782 2490 S.
811 2457 1011 2490 Pennensem
1037 2458 1148 2492 Eccle-
1167 2494 1168 2499 ¹

494 2499 574 2532 siam
596 2501 822 2543 spectantium,
843 2500 918 2535 450.

407 2551 515 2585 LXIX.
540 2553 737 2587 Coenobium
764 2555 1081 2594 sanctimonialium
1121 2557 1152 2589 in

497 2597 599 2629 fulba
621 2599 744 2631 noxitet
764 2605 996 2641 consttmuctum
1029 2601 1059 2634 in
1079 2612 1153 2651 phro-

499 2641 656 2725 ἒεεῐίοῶιῐὲῖ
670 2643 760 2676 Sedis
798 2645 1002 2688 Apostolicae
1038 2657 1102 2679 teet
1095 2661 1152 2690 2—pi

512 2695 551 2718 ur

878 662 975 695 super
1012 651 1153 685 Ecclesia
1170 690 1171 695 ¹

496 1831 702 1872 coenobium,
731 1843 796 1865 una
816 1844 888 1866 cum
910 1834 1007 1867 rebus
1027 1844 1064 1867 ac
1081 1840 1171 1884 ρο5-ζ

496 1876 694 1910 sessionibus
725 1877 830 1910 eidem
864 1877 1095 1918 attinentibus,
1121 1879 1171 1917 in}

495 1921 585 1955 Sedis
603 1922 805 1964 Apostolicae
830 1923 1032 1965 protectione
1053 1924 1152 1956 susci·
1170 1927 1171 1934 ¹

991 269 1174 294 BULLARIUM
1199 270 1352 294 ROMANUM

1170 338 1282 389 (Lxx.
1317 341 1528 375 Confirmatio
1561 341 1745 375 donationis
1780 352 1797 374 a
1823 342 1930 376 Gode-

1279 395 1363 428 stido
1393 395 1544 439 episcopo
1565 395 1763 435 Florentino,
1795 400 1935 428 caetera·

1279 460 1416 493 rumque
1438 449 1650 482 donationum
1682 450 1838 484 factarum
1868 458 1935 481 mo-

1279 503 1419 536 nasterio
1434 502 1623 536 monialium
1637 502 1667 536 S.
1687 501 1848 536 Ambrosii
1861 501 1934 535 Flo-

1278 556 1394 589 rentin.
1424 556 1592 594 dioecesis,
1621 555 1695 588 452.

1190 610 1296 643 LXXI.
1321 609 1529 643 Confirmatio
1554 609 1747 643 concordiae
1768 608 1864 642 initae
1885 608 1934 641 in-

1279 669 1326 697 ter
1351 663 1500 696 abbatem
1530 663 1772 697 Cluniacensem
1805 669 1835 696 et
1866 672 1934 696 mo-

1278 718 1398 751 nachos
1418 717 1448 751 S.
1482 716 1645 750 Benedicti
1675 727 1773 761 super
1796 716 1930 755 Padum,

1279 771 1310 804 in
1332 770 1562 811 controversia,
1592 780 1644 810 an,
1673 770 1734 803 hoc
1767 774 1931 803 monaste·

1278 825 1361 859 tium
1384 825 1429 858 illi
1454 825 1628 864 subiaceat
1654 824 1684 857 in
1706 823 1831 857 abbatis
1842 833 1934 867 prae-

1278 879 1389 912 settim
1410 878 1581 917 electione,
1604 877 1679 911 453.

1170 929 1309 968 LXXII.
1345 932 1554 967 Consnmatio
1585 933 1747 965 bonoium
1787 930 1933 965 omnium

1279 986 1464 1020 monastetii
1483 986 1514 1020 S.
1530 985 1768 1020 Bartholomaei
1782 984 1928 1019 Fesulan.

1278 1040 1445 1080 dioecesis,
1469 1039 1520 1073 cui
1534 1038 1691 1072 nonnulla
1711 1038 1934 1071 conceduntur

1277 1093 1456 1139 privilegia,
1480 1092 1555 1125 455.

1189 1147 1317 1183 LXXIII.
1360 1145 1589 1181 Monasterium
1622 1145 1933 1189 Reicberspergense

1169 1195 1171 1203 ⁴
1276 1200 1336 1235 suh
1368 1199 1570 1244 protectione
1607 1199 1698 1233 Sedis
1732 1197 1933 1243 Apostolicae

1277 1255 1464 1299 suscipitur,
1481 1253 1748 1297 confirmatisque
1762 1251 1933 1286 bonisom-

1276 1309 1383 1349 nibus,
1405 1308 1499 1351 plura
1519 1306 1686 1340 monachis
1706 1311 1737 1340 et
1748 1305 1933 1350 praeposito

1276 1362 1501 1396 conceduntui
1514 1360 1691 1405 piivilegia‚
1716 1359 1790 1393 457.

1170 1416 1322 1452 LXXIV
1346 1415 1555 1450 Confirmatio
1584 1415 1759 1451 bono1um
1783 1414 1823 1448 ad
1840 1414 1933 1448 Tolo-

1277 1471 1387 1495 sanam
1399 1460 1575 1494 Ecclesiam
1589 1459 1833 1504 pertinentium,
1850 1469 1933 1504 quae

1276 1507 1366 1540 nullo
1380 1505 1478 1539 modo
1494 1504 1665 1538 auser-rite]
1681 1503 1928 1548 alienariposse,

1276 1550 1436 1590 statuitur,
1460 1548 1535 1582 458.

1188 1604 1309 1639 LXXV
1345 1603 1474 1637 Eusebii
1495 1602 1726 1636 canonicoium
1752 1602 1928 1635 Vetcellen.

1275 1648 1416 1682 Ecclesia
1429 1648 1487 1681 sub
1508 1647 1709 1697 protectione
1733 1646 1823 1680 Sedis
1849 1648 1932 1696 Apo-

1230 1714 1234 1719 ·
1276 1693 1407 1727 stolicae
1427 1692 1595 1735 Γεοίρίῐιιι,
1611 1691 1702 1725 cuius
1721 1691 1807 1724 bona
1824 1691 1933 1724 omnia

1276 1737 1522 1775 confirmantur
1547 1735 1622 1768 460.

1170 1779 1324 1826 iLXXVI
1348 1789 1576 1824 Monastetium
1607 1789 1646 1823 de
1664 1789 1892 1828 Letdecumba,
1915 1799 1934 1822 a

1276 1835 1441 1879 Stephano
1473 1834 1652 1877 Aug-torum
1691 1829 1767 1877 rege
1805 1816 1932 1868 Clunia-

1277 1880 1364 1914 censi
1396 1878 1592 1912 monasteiio
1632 1878 1787 1912 donatum
1827 1878 1932 1912 eidem

1275 1923 1498 1963 consumatui,
1522 1922 1598 1956 461.

1170 1977 1338 2014 LXXXII
1363 1978 1411 2012 Ad
1423 1988 1535 2011 omnes
1557 1976 1819 2021 archiepiscopos
1831 1983 1859 2010 et
1868 1987 1933 2020 epi

1276 2033 1391 2067 scopos
1412 2023 1443 2055 in
1465 2022 1551 2055 idem
1571 2027 1812 2064 argumentum
1835 2020 1910 2054 462.

1188 2077 1352 2112 ιΧΧΧ.Ι11
1376 2077 1455 2110 Item
1468 2075 1673 2109 confirmatio
1691 2075 1874 2109 donationis
1887 2076 1933 2109 lo-

1277 2131 1316 2170 ci,
1349 2130 1399 2163 cui
1432 2140 1551 2162 nomen
1582 2129 1620 2162 de
1640 2128 1744 2168 Prins,
1773 2139 1845 2162 cum
1867 2128 1932 2162 suis

1275 2195 1333 2229 per
1337 2183 1490 2224 tinentiis,
1513 2182 1588 2216 463.

1168 2238 1324 2272 LXXIX
1347 2237 1560 2280 Piivilegium
1593 2236 1849 2270 confirmationis
1876 2237 1933 2270 bo-

1275 2293 1392 2316 nolum
1424 2281 1611 2315 monastetii
1636 2281 1784 2314 Rotensis
1810 2281 1932 2316 ordinis

1274 2327 1304 2361 S.
1329 2326 1506 2365 Benedicti
1527 2327 1614 2369 quod
1636 2326 1694 2359 sub
1730 2326 1932 2369 protectione

1274 2371 1364 2405 Sedis
1394 2371 1596 2420 Apostolicae
1616 2370 1695 2410 sore,
1725 2370 1932 2420 libemmque

1274 2416 1313 2449 ab
1334 2426 1422 2449 omm
1443 2415 1547 2448 laicali
1575 2414 1796 2448 iulisdictione
1820 2415 1929 2448 decla-

1275 2466 1375 2501 ratur,
1395 2459 1471 2493 463

1169 1389 1171 1413 l

1167 2511 1168 2538 ἶ
1186 2512 1310 2546 LXXX.
1334 2513 1541 2555 Privilegium
1557 2512 1813 2546 confirmationis
1829 2512 1932 2546 bono-

1168 2558 1169 2576 *
1275 2568 1347 2590 rum
1369 2557 1516 2591 omnium
1541 2557 1727 2590 monasterii
1748 2557 1778 2590 S.
1803 2557 1931 2590 Colum-

1275 2602 1350 2635 baui
1371 2602 1503 2636 Bohien.
1529 2601 1685 2635 dioecesis
1711 2601 1834 2635 ordinis
1853 2601 1928 2635 Cas-

1276 2647 1393 2686 sinen„
1417 2646 1504 2690 quod
1516 2647 1575 2679 sub
1588 2645 1929 2690 protectioneB.Pet1i

1277 2691 1442 2735 recipitur,
1462 2689 1538 2723 464.
