2180 3205
34 273 81 297 An.
101 272 128 297 C.
151 273 213 297 ¹157

43 477 133 498 ttnwnm
172 477 211 498 Ev-

29 509 93 528 etesia
112 512 212 530 vai-trra-

29 545 71 559 ruin
99 543 160 566 vaput.
189 544 209 561 et

28 574 133 596 nonginta.

34 1715 82 1736 Eius
96 1719 128 1736 est
152 1720 203 1736 ene<

22 1748 72 1768 teris
101 1745 203 1768 ecelesiis

22 1778 139 1805 providere.

843 274 1027 294 ttttittttxt's

229 326 386 362 sideribus
420 327 605 366 haberetur.
633 340 696 375 quo
731 327 908 373 specialiter
943 328 972 361 iu

229 377 298 423 ipso
322 377 516 411 formationis
543 379 690 417 exordio,
720 385 752 411 nt
773 377 974 423 singulariter

228 435 373 473 prteesset
389 427 463 469 diei,
487 427 525 461 de
548 427 674 474 superni
697 438 829 460 munere
851 425 973 460 Condi-

226 476 300 510 toris
326 477 456 523 accepit.
497 476 552 511 Sic
578 477 727 511 nimirum
762 476 971 522 Redemptor,

225 537 295 559 cum
319 525 476 560 Ecclesias
503 526 596 560 veluti
624 526 776 560 micantes
802 525 907 559 stellas
941 525 971 559 in

224 574 345 609 diversa
369 576 477 609 mundi
500 575 623 610 climata
648 575 739 610 latius
758 582 970 622 propagasset,

223 633 451 659 sacrosanctam
477 625 649 659 Romanam
674 625 858 668 Ecclesiam,
881 625 971 658 cuins

223 673 258 707 R.
290 673 400 708 Petrus
437 676 650 721 apostolorum
689 675 836 721 princeps
870 675 970 707 extitit

222 722 423 768 gubernator,
448 732 604 770 tamquam
628 723 828 770 splendidum
859 724 969 763 solem,

221 772 370 806 omnibus
392 785 567 819 superesse,
590 780 621 808 et
646 773 786 819 singulas
808 773 834 806 ei
857 772 968 808 Eccle-

220 822 294 864 sias,
334 831 440 869 utpote
466 823 605 857 membra
640 834 698 856 suo
720 823 824 868 capiti,
863 823 968 857 statuit

221 871 395 906 subiacere.
423 871 514 913 Quod
544 884 580 905 ex
617 871 677 905 illis
705 872 805 906 verbis
834 872 967 906 manife-

220 922 300 955 stius
326 921 511 957 declaratur.
533 921 648 967 quibus
669 921 814 956 eumdem
841 920 965 955 Petrum

220 978 267 1004 est
303 970 457 1005 Dominus
489 971 659 1006 allocutus:
699 971 732 1005 Si
767 970 870 1015 diligis
906 982 965 1010 me,

221 1031 313 1066 pasce
327 1032 401 1055 ores
419 1032 506 1055 meas
527 1023 580 1064 (α).
603 1019 642 1054 Et
671 1020 760 1054 alibi:
784 1019 829 1053 Tu
851 1032 883 1054 es
906 1019 966 1054 Pe-

220 1077 296 1109 trus,
334 1077 364 1104 et
401 1082 496 1116 super
527 1069 606 1103 hanc
642 1077 759 1116 petram
793 1069 965 1103 aedificabo

220 1118 393 1154 Ecclesiam
419 1131 518 1154 meam
547 1121 596 1163 (b).
626 1118 715 1153 Petra
746 1130 835 1158 vero,
870 1131 963 1165 supra

219 1180 310 1215 quam
334 1168 448 1215 legitur
469 1181 538 1203 esse
561 1168 698 1209 fundata,
723 1168 823 1202 nullas
849 1169 965 1202 scissu-

218 1229 268 1252 ras
289 1219 410 1265 recipit,
435 1218 536 1253 nullas
567 1219 681 1265 patitur
707 1218 872 1252 sectiones.
897 1217 964 1252 lloc

219 1267 300 1302 idem
325 1280 432 1302 rursus
455 1268 700 1306 demonstratur,
733 1279 805 1301 cum
828 1267 962 1302 dicitur:

217 1316 449 1364 Quodcumque
468 1317 613 1364 ligaveris
635 1329 731 1364 super
753 1325 884 1356 terram,
906 1317 965 1351 erit

217 1365 346 1412 ligatum
369 1375 399 1402 et
421 1368 450 1402 in
478 1367 588 1402 caelis:
608 1375 638 1402 et
656 1367 878 1413 quodcumque
899 1366 965 1401 sol-

219 1416 298 1451 veris
318 1429 412 1463 super
442 1425 575 1460 terram,
609 1417 668 1452 erit
697 1415 835 1451 solutum
870 1424 899 1450 et
934 1416 963 1450 in

217 1466 311 1500 caelis
332 1469 379 1510 (c).
407 1466 469 1513 Ipsi
496 1479 624 1514 quoque
657 1473 687 1500 et
714 1466 837 1512 propria
865 1466 964 1499 firmi—

218 1522 278 1555 tas,
301 1523 331 1550 et
360 1515 430 1549 fidei
454 1516 573 1551 alienae
595 1515 792 1551 confirmatio
813 1515 881 1549 data
905 1523 963 1555 est,

216 1565 342 1611 quando
364 1577 380 1600 a
410 1565 562 1611 Magistro
594 1565 702 1599 audire
738 1564 866 1598 meruit:
896 1564 964 1611 Ego

218 1626 274 1661 pro
291 1623 320 1650 te
337 1615 451 1661 rogavi,
475 1615 578 1659 Petre,
606 1623 640 1649 ut
662 1626 724 1648 non
747 1614 872 1648 deficiat
888 1614 965 1649 tides

217 1672 287 1704 tna,
316 1671 347 1699 et
372 1672 404 1699 tu
427 1664 598 1711 aliquando
620 1676 790 1699 conversus
812 1664 962 1698 confirma

218 1715 326 1749 fratres
347 1722 419 1754 tuos
440 1716 491 1758 (d).
521 1714 590 1748 lstis
610 1714 711 1761 itaque
733 1721 763 1747 et
785 1713 853 1748 aliis
877 1714 966 1748 ratio-

218 1763 313 1798 nibus
333 1772 439 1798 sancta
467 1771 498 1798 et
518 1764 688 1811 apostolica
712 1762 863 1803 Ecclesia,
885 1776 965 1810 quae

217 1813 342 1848 caelesti
365 1813 527 1861 privilegio
549 1814 629 1848 inter
642 1813 717 1848 alias
739 1812 859 1847 obtinet
879 1813 965 1859 prin-

219 1863 369 1910 cipatum,
392 1871 550 1910 tamquam
572 1862 611 1897 ab
627 1863 695 1910 ipso
710 1862 809 1909 capite
828 1861 964 1897 Domino

220 1911 290 1947 Iesu
320 1911 447 1947 Christo
487 1913 731 1959 praerogativam
766 1911 904 1958 accepit,
930 1920 965 1946 ut

221 1963 438 1997 auctoritatem
460 1961 573 1997 babeat
593 1961 782 2008 singularem
811 1961 965 1996 universis

221 2023 277 2058 per
293 2011 401 2046 orbem
428 2020 580 2046 terrarum
595 2011 746 2046 Ecclesiis
768 2010 965 2057 providendi,

219 2069 251 2095 et
271 2061 404 2097 discreta
427 2061 457 2096 in
479 2062 524 2096 eis
545 2061 797 2096 consideratione
815 2068 964 2105 statuere,

219 2123 299 2157 quae
326 2110 487 2158 cognoscit
512 2110 689 2146 statuenda.
719 2109 818 2144 Nobis
855 2110 964 2156 igitur,

218 2160 271 2207 qui
311 2160 383 2195 licet
421 2160 685 2195 insufficientibus
727 2158 846 2194 meritis
883 2159 965 2194 vices

217 2209 430 2257 apostolorum
461 2210 611 2257 principis
638 2210 670 2244 in
697 2218 803 2244 sancta
825 2208 965 2243 Ecclesia

217 2261 414 2307 suscepimus
431 2259 644 2307 exequendas,
669 2258 895 2306 providendum
911 2258 967 2292 im-

218 2309 318 2344 minet
339 2310 500 2353 attentius,
534 2317 565 2343 et
586 2309 761 2354 agendum,
789 2314 823 2341 ut
857 2319 966 2341 secun-

217 2357 292 2393 dum
316 2358 563 2406 uniuscuiusque
586 2358 767 2404 dignitatem
793 2364 824 2391 et
850 2364 964 2391 statum

216 2407 388 2450 Ecclesiae,
417 2408 517 2442 honor
543 2408 571 2442 ei
595 2407 720 2441 debitus
748 2406 987 2453 impendatur-,¹

215 2465 247 2492 et
287 2470 358 2492 cum
397 2457 497 2492 salute
534 2456 642 2504 populi
669 2455 816 2490 fratribus
851 2457 966 2490 nostris

217 2506 346 2555 provida
380 2506 582 2542 solicitudine
622 2505 789 2540 deseratur.
831 2504 897 2539 Hac
922 2505 967 2540 si-

215 2557 344 2605 quidem
386 2556 662 2600 consideratione,
705 2554 890 2590 venerabilis
935 2554 965 2589 in

250 2630 289 2663 (a)
306 2628 376 2655 toan.
396 2635 455 2654 xxi.
510 2627 548 2663 (b)
569 2627 660 2653 Manu.
684 2633 741 2653 xvr.
803 2625 838 2660 (c)
866 2624 930 2651 lbid.

249 2667 288 2704 (d)
306 2668 366 2695 Luc.
391 2675 458 2694 xxti.

336 2712 409 2741 Ball.
430 2711 505 2741 Rom,
533 2711 585 2741 t'ul.
611 2711 644 2740 ll.
812 2712 848 2740 832

988 774 989 778 ’
1009 774 1358 821 Constantinopolitano
1373 775 1532 810 ‹lirnuaxat
1546 776 1675 822 imperio
1684 788 1752 810 con-

1644 263 1712 295 ΜΟ

1014 328 1140 362 (Ilii-isto
1169 330 1260 363 frater
1284 330 1417 364 llenrice
1451 329 1633 375 patriarcha.
1669 328 1759 362 incli-

1015 379 1089 417 nati,
1119 379 1209 412 iustis
1238 379 1502 425 postulationibus
1536 379 1598 412 tuis
1636 386 1759 424 gratnm

1015 427 1209 474 impertimur
1241 441 1422 468 assensum;
1455 436 1483 463 et
1517 437 1576 462 tam
1601 427 1758 462 devotioni

1014 484 1095 516 tuae,
1123 490 1216 524 quam
1246 478 1355 512 honori
1378 487 1408 513 et
1431 478 1552 512 utilitati
1586 476 1758 512 Gradensis

1014 525 1184 566 Ecclesiae,
1220 528 1269 561 cni
1296 528 1362 562 Deo
1388 529 1518 562 authore
1546 539 1678 574 praeesse
1706 527 1758 561 di-

1011 577 1184 621 gnosceriS,
1219 576 1340 612 deserre
1364 578 1513 617 volentes,
1550 577 1604 611 tibi
1627 585 1657 611 et
1683 590 1757 611 suc·-

1010 625 1187 660 ressoribns
1213 627 1276 660 tuis
1294 627 1478 661 authoritate
1501 626 1669 673 apostolica
1695 627 1755 660 du-

1012 676 1115 708 ximus
1137 677 1387 720 concedendum,
1415 684 1448 711 nt
1472 677 1500 710 in
1527 676 1754 711 Constantino-

1012 725 1144 768 politana
1169 725 1255 761 urbe.
1291 735 1319 759 et
1353 726 1382 760 in
1410 726 1479 760 aliis
1506 725 1697 767 civitatibus,
1723 727 1752 761 in

1051 274 1056 295 Ι
1065 275 1079 295 t‘
1106 275 1151 296 ΙΨ.

1783 636 1885 657 straden-t
1913 644 1952 664 pm-

1769 669 1846 687 triarvlr
1856 675 1913 688 reru,
1920 670 1954 688 ‹1⁵-

1769 700 1918 718 turordinaudi
1930 706 1955 719 es

1769 729 1952 755 piscium-pertin-

1769 760 1849 785 perium
1863 759 1884 779 C.
1901 758 1924 780 P.

1008 824 1140 862 stitutis,
1174 825 1203 858 in
1228 825 1344 871 ‹ptibns
1376 825 1482 859 Veneti
1513 826 1616 872 plnres
1638 825 1754 860 habent

1009 873 1177 917 Ecclesias,
1201 874 1250 906 nbi
1288 875 1427 908 videlicet
1451 887 1558 909 eornm
1587 875 1753 909 multitudo

1008 924 1169 958 consuevit
1191 922 1316 957 assidue
1344 925 1522 967 convenire,
1546 924 1633 959 liceat
1665 925 1752 959 vobis

1007 973 1191 1019 episcopum
1220 972 1383 1017 ordinare,
1410 982 1441 1007 et
1466 974 1583 1020 absque
1621 975 1752 1008 alicuius

1006 1022 1252 1057 contradictione
1292 1035 1407 1057 munus
1441 1024 1467 1057 ei
1506 1025 1752 1058 consecrationis

1007 1072 1199 1118 impendere.
1235 1071 1275 1106 Ut
1303 1073 1398 1117 igitur
1435 1073 1510 1107 baec
1549 1082 1651 1107 nostra
1673 1086 1751 1107 cou-
1778 1088 1891 1110 ausorum
1908 1091 1941 1110 nu-

1005 1122 1106 1156 cessio
1130 1122 1289 1169 perpetuis
1312 1122 1504 1168 temporibus
1528 1123 1750 1157 iuviolabiliter
1765 1121 1853 1171 ζξζζᾟζῶ
1895 1127 1947 1141 ‘'⁰⁴'‘

1005 1171 1200 1211 observetur,
1218 1184 1285 1205 eam
1309 1171 1504 1206 authoritatis
1526 1181 1648 1207 nostrae
1666 1186 1750 1219 prae·
1837 1168 1841 1171 ⁴

1004 1221 1086 1255 sidio
1108 1221 1304 1259 roboramus
1327 1229 1357 1256 et
1379 1222 1550 1268 praesentis
1571 1223 1676 1269 scripti
1702 1236 1751 1269 pa-

1007 1270 1137 1305 trocinio
1152 1271 1397 1305 communimus.
1417 1271 1609 1312 Statueutes,
1627 1280 1658 1306 ut
1672 1272 1749 1306 nulli

1004 1320 1134 1354 omnino
1157 1321 1320 1354 hominum
1355 1321 1456 1364 liceat,
1493 1321 1573 1356 banc
1605 1322 1748 1368 paginam

1006 1377 1128 1404 nostrae
1147 1370 1359 1404 concessionis
1386 1378 1416 1405 et
1433 1370 1679 1406 confirmationis
1701 1371 1749 1406 in-
1763 1387 1841 1408 sume
1857 1388 1946 1409 conclu<

1004 1419 1149 1464 fringere.
1177 1419 1210 1454 Si
1239 1420 1310 1466 quis
1337 1420 1429 1466 igitur
1447 1428 1505 1455 etc.
1764 1420 1842 1439 “⁰⁸²³

1054 1469 1125 1504 Eoo
1145 1470 1312 1504 Annianus
1327 1469 1496 1506 catholicae
1511 1470 1670 1506 Ecclesiae
1687 1471 1751 1518 epi·
1777 1476 1875 1497 naama
1891 1476 1921 1496 Pl'

1004 1531 1131 1565 scopus.

1052 1568 1120 1615 Ego
1148 1568 1267 1603 {marus
1293 1568 1492 1604 Tusculanus
1522 1570 1698 1617 episcopus.
1764 1578 1819 1600 ets,
1836 1577 1863 1613 .¹¹·
1879 1577 1943 1612 ¹ecci.

1053 1617 1118 1663 Ego
1146 1618 1272 1653 Cintius
1293 1617 1478 1654 Portuensis
1499 1628 1529 1654 et
1542 1619 1676 1654 Sanctae
1688 1618 1748 1654 Ru·
1770 1608 1936 1665 ,flssssgffffiissssis

1005 1667 1085 1702 linae
1111 1668 1289 1716 episcopus.

1054 1717 1121 1763 Ego
1142 1717 1248 1752 Guido
1274 1717 1436 1765 presbyter
1467 1718 1634 1754 cardinalis
1669 1718 1748 1752 tituli

1005 1766 1112 1802 Sancti
1134 1767 1329 1815 Chrysogoni
1352 1767 1456 1803 subsc.

1055 1816 1120 1862 Ego
1153 1816 1295 1851 Ubaldus
1322 1817 1482 1865 presbyter
1507 1818 1673 1853 cardinalis
1705 1817 1748 1854 tit.

1004 1866 1139 1901 Sanctae
1166 1866 1328 1901 Praxedis.

1056 1915 1122 1961 Ego
1143 1916 1324 1951 Manl'redus
1348 1916 1509 1965 presbyter
1530 1917 1697 1953 cardinalis
1714 1918 1748 1952 S.

1006 1964 1141 2000 Sabinae
1164 1965 1270 2000 subsc.

1055 2014 1122 2061 Ego
1140 2015 1239 2050 Iulius
1262 2015 1363 2062 presb.
1381 2016 1464 2051 card.
1488 2017 1533 2051 tit.
1553 2016 1586 2051 S.
1601 2017 1749 2052 Marcelli.

1055 2064 1122 2110 Ego
1146 2064 1288 2100 Ubaldus
1311 2065 1414 2112 presb.
1442 2066 1525 2101 card.
1555 2067 1597 2101 tit.
1616 2067 1751 2102 Sanctae

1006 2112 1119 2148 Crucis
1142 2114 1173 2148 in
1201 2114 1411 2151 Hierusalem.
1527 2123 1529 2127 ’

1054 2167 1121 2214 Ego
1151 2168 1343 2204 Octavianus
1371 2169 1475 2217 presb.
1505 2170 1589 2205 card.
1618 2170 1751 2205 Sanctae

1006 2218 1170 2257 Caeciliae.

1054 2275 1122 2322 Ego
1148 2275 1281 2311 Ioannes
1308 2277 1470 2325 presbyter
1505 2277 1670 2313 cardinalis
1701 2278 1750 2313 Ss.

1005 2329 1130 2364 Ioannis
1155 2338 1185 2364 ct
1212 2330 1300 2366 Pauli
1329 2332 1376 2366 tit.
1405 2331 1608 2367 Pammacbii.

1055 2384 1121 2432 Ego
1145 2385 1279 2420 Ioannes
1315 2386 1476 2434 presbyter
1510 2387 1678 2422 cardinalis
1705 2387 1750 2421 tit.

1006 2438 1056 2473 Ss.
1081 2439 1222 2474 Silvestri
1245 2448 1274 2475 et
1300 2440 1434 2475 Martini.

1055 2492 1122 2539 Ego
1154 2493 1228 2527 Otto
1262 2493 1341 2528 diac.
1369 2494 1454 2529 card.
1487 2495 1532 2530 tit.
1555 2495 1589 2531 S.
1622 2495 1750 2543 Georgii

1006 2547 1043 2582 ad
1066 2547 1177 2582 Veleia
1201 2548 1354 2583 Aureum.

1055 2601 1122 2647 Ego
1143 2601 1248 2637 Guido
1270 2603 1350 2638 diac.
1378 2603 1460 2638 card.
1489 2603 1534 2638 tit.
1567 2604 1600 2639 S.
1636 2604 1751 2640 Mariae

1009 2668 1038 2690 m
1062 2656 1192 2703 Aquiro.
