2180 3205
37 250 86 280 An.
105 250 134 279 C.
151 249 219 279 ¹099

59 739 161 766 Exempli·
182 745 215 761 nn-

40 767 80 794 «131⁸
110 768 214 789 sententia

35 794 173 816 confirmatur.

875 240 1020 263 I'RBANUS
1044 240 1066 262 tt
1083 240 1138 262 ῬΡ.

1084 295 1104 341 ἓ
1133 297 1164 328 4.
1190 293 1280 329 Unde
1299 293 1446 328 etlilium
1471 300 1612 329 nostrum
1640 291 1789 327 Franco-

1673 349 1703 377 et
1719 354 1790 377 sau-

245 294 317 341 rint,
340 295 379 330 ab
407 295 556 331 omnibus
578 295 616 330 ad
640 295 754 342 ipsum,
782 295 820 329 al)
843 295 909 342 ipso
937 307 994 329 au-

247 351 309 379 tem
359 345 397 379 ad
439 345 597 379 neminem
638 345 882 392 appellandum:
921 355 991 378 cum

245 393 358 437 sciant,
380 394 407 427 ei
432 394 489 428 soli
519 394 563 428 sas
584 406 653 429 esse
680 395 718 428 de
745 394 829 429 omni
850 392 991 427 Ecclesia

242 442 414 483 iudicandi,
438 443 540 490 ipsum
564 455 636 477 vero
659 443 815 477 nullorum
829 441 991 476 subiacere

241 491 375 532 iudici03
400 504 457 526 nec
479 504 533 526 eos
555 491 631 526 illud
653 491 812 526 credimus
835 491 990 537 ignorare,

241 540 326 586 qnod
349 540 429 584 sola,
451 541 533 575 nulla
548 540 669 587 synodo
693 539 909 587 praecedente,
931 538 991 572 Se-

240 588 296 623 des
311 588 493 635 Apostolica
516 590 613 624 valeat
628 601 686 623 suo
701 588 793 623 statui
813 589 988 629 restituere,

239 649 320 684 quos
342 638 481 686 synodus
509 638 614 685 inique
641 637 852 679 damuaverit,
889 637 989 684 ipsius

239 698 311 721 vero
335 687 452 721 nemini
475 687 565 721 liceat
588 687 746 721 retrahere
773 686 897 721 iudicia.

288 735 308 782 S
335 738 366 770 3.
391 735 496 775 Certe,
519 747 590 769 cum
618 735 656 770 de
684 735 853 781 leprarum,
881 735 909 769 id
943 742 989 769 est

236 783 275 818 de
310 785 478 818 criminum
523 784 743 824 varietatibus,
780 785 817 819 ad
857 785 986 832 Moysen

237 832 392 868 Dominus
408 834 602 880 loqueretur:
622 833 855 874 Considcrabit,
877 833 987 880 inquit,

235 881 394 929 leprosum
423 881 585 926 sacerdos,
613 891 644 917 et
671 883 869 917 immundum
902 882 988 916 iudi-

236 930 334 971 cabit,
369 943 404 966 ac
427 931 543 966 deiude
577 931 758 977 subiungit:
796 932 835 966 Et
861 931 986 966 clausus

234 979 396 1014 tenebitur
439 980 475 1014 ad
511 980 675 1014 arbitrium
720 980 892 1016 sacerdotis
933 984 983 1025 (α).

233 1027 356 1064 Videtis
390 1041 482 1074 ergo,
522 1029 594 1076 quia
628 1030 665 1064 ad
695 1029 778 1064 illius
813 1030 986 1065 sacerdotis

233 1077 398 1112 arbitrium
413 1079 539 1112 clausus
555 1079 652 1113 teneri
668 1079 870 1126 praecipitur,
893 1079 985 1114 cuius

232 1126 363 1162 arbitrio
390 1127 547 1162 iudicatus
578 1136 625 1162 est
656 1128 851 1163 immundus.
889 1128 984 1170 Quo-

233 1176 328 1210 modo
351 1176 455 1223 itaque
477 1176 514 1210 ad
538 1177 745 1224 aperiendum
769 1190 896 1212 manum
911 1190 984 1224 por-

231 1224 345 1271 rigent,
380 1226 418 1260 ad
451 1237 544 1272 quem
568 1225 779 1260 claudendum
804 1239 838 1261 os
861 1227 982 1273 aperire

233 1286 296 1308 non
325 1274 393 1308 ausi
421 1276 515 1308 sunt?
549 1274 630 1309 Cum
653 1275 898 1321 quatriduamnu
921 1276 983 1310 La-

233 1335 339 1358 rarum
351 1322 508 1358 Dominus
518 1324 699 1358 suscitasset
714 1325 763 1369 (b),
784 1337 845 1359 uon
868 1324 982 1370 legitur

234 1371 274 1406 ad
292 1371 519 1407 absolvendum
556 1385 628 1407 eum
656 1373 911 1407 circumstantius
938 1377 980 1418 (l)

233 1420 347 1468 aliquis
368 1433 402 1456 se
416 1421 576 1462 iniecisse,
597 1421 673 1456 dum
690 1422 789 1468 ipsius
810 1422 981 1457 Salvator-is

232 1478 411 1517 praecepto,
427 1471 486 1505 iam
511 1470 664 1505 viventem
693 1471 752 1505 iam
776 1479 909 1506 stantem
933 1472 981 1506 di-

230 1519 344 1566 scipuli
363 1519 581 1561 absolverunt,
609 1529 642 1554 ut
664 1520 803 1567 profecto
825 1522 981 1555 secuturis

231 1567 358 1603 daretur
379 1568 572 1615 exemplum,
599 1570 669 1615 quia
698 1570 789 1604 etiam
814 1570 980 1617 poenitens

231 1617 302 1664 quis
336 1617 505 1652 solvendus
532 1630 592 1652 non
628 1626 696 1658 est,
729 1618 786 1653 nisi
815 1631 869 1665 per
897 1618 980 1654 illius

229 1665 411 1711 arbitrium,
446 1667 536 1702 cuius
563 1679 638 1702 voce
667 1667 714 1702 vel
742 1669 859 1714 gemitu
883 1680 899 1702 a
922 1680 979 1702 se-

229 1715 338 1762 pulcro
363 1715 552 1751 criminosus
585 1716 738 1751 educitur.
779 1716 842 1751 Sed
874 1729 978 1764 neque

229 1763 306 1799 illud
341 1765 572 1799 venerabilibus
607 1765 754 1799 fratribus
788 1765 979 1800 arbitramur

229 1812 397 1859 ignotum,
431 1814 504 1861 quia
537 1814 624 1849 Deus
658 1814 804 1861 superbis
845 1815 977 1856 resistit,

230 1874 328 1909 prope
349 1871 396 1897 est
417 1871 520 1897 autem
545 1863 669 1898 obtritis
689 1864 783 1898 corde
805 1867 852 1907 (c).
876 1864 980 1911 Super

229 1922 323 1957 quem
351 1911 434 1946 enim
458 1912 639 1958 respiciam,
662 1912 704 1947 ait
725 1913 894 1954 Dominus,
918 1913 977 1947 nisi

231 1971 326 2007 super
339 1960 510 2005 humilem,
525 1969 555 1995 et
569 1962 724 2008 quietum,
743 1970 773 1996 et
793 1970 977 1996 trementem

229 2008 321 2044 verba
335 2021 402 2044 mea
428 2010 493 2054 (ἀγ.)
519 2010 661 2044 Viderint
688 2023 779 2056 ergo,
802 2023 865 2057 quo
890 2019 979 2057 pacto

230 2066 427 2104 peccatorem
463 2067 617 2093 conentur
654 2060 817 2094 absolvere
856 2068 979 2106 praeter

200 2118 204 2124 “
229 2106 311 2140 illius
330 2107 375 2141 vel
399 2108 606 2153 praesentiam
623 2109 668 2142 vel
690 2116 904 2154 praeceptum,
928 2121 980 2143 cu-

230 2154 279 2189 ius
300 2163 347 2189 est
372 2155 488 2190 iudicio
515 2156 543 2189 in
566 2158 703 2202 generali
739 2157 860 2204 synodo
891 2169 979 2191 com-

230 2203 367 2249 peditus.
403 2203 502 2238 Nobis
535 2216 630 2249 sane,
666 2212 696 2240 et
730 2205 888 2245 omnibus,
923 2206 976 2252 qui

229 2251 366 2287 Turonis
384 2252 549 2287 nobiscum
569 2253 637 2287 Deo
659 2254 850 2300 propitiante
869 2265 978 2288 conve-

231 2309 355 2342 nerunt,
377 2300 496 2348 liquido
520 2303 629 2347 patuit,
656 2311 686 2336 et
697 2302 801 2348 Legis,
821 2310 851 2336 et
872 2302 978 2336 Evan-

229 2349 301 2395 gelii
327 2356 358 2384 et
384 2358 564 2384 sanctorum
588 2362 744 2385 canonum
767 2350 977 2391 documentis,

229 2398 347 2432 nullam
380 2398 538 2439 solvendi,
573 2411 666 2445 quem
701 2411 758 2433 nos
793 2399 977 2445 ligavimus,

229 2446 410 2482 fraternitati
439 2457 558 2482 vestrae
579 2456 748 2494 suppetere
781 2456 976 2494 potestatem.

265 2523 304 2559 (l)
320 2524 438 2552 Forsitan
455 2528 685 2551 circtttrtstonlittm
704 2526 748 2559 (R.
761 2525 804 2560 T.)
843 2525 880 2560 (a)
893 2526 967 2552 Levit

229 2570 290 2590 xm.
329 2563 367 2599 (b)
386 2565 459 2591 Ioan.
473 2571 513 2596 x1,
524 2565 569 2592 [ιδ.
608 2565 644 2600 (c)
656 2565 742 2592 Iacob.
755 2566 829 2598 tV‚6.
868 2566 906 2602 (a)
918 2566 978 2593 lsai.

229 2609 304 2630 LXVI·

1670 227 1743 261 205

1036 354 1104 376 rum
1133 355 1251 388 regem,
1274 343 1375 378 donec
1397 343 1464 378 Deo
1492 343 1522 377 iu
1549 342 1651 386 nobis,

1812 255 1902 284 An.c.
1923 255 1992 283 1099

1852 313 1981 334 Francorum

1811 346 1845 361 rex
1869 340 1936 361 donee
1952 340 1995 361 Deo

1811 369 1831 387 ct
1846 370 1932 387 sanct-no
1955 367 1994 387 lto·

1033 400 1101 426 ctae
1114 392 1275 426 Romanae
1292 392 1450 427 Ecclesiae
1466 391 1645 431 satisfaciat,
1658 403 1788 426 excom-
1810 399 1891 439 ‘ns-{¹¹³0
1922 392 1994 413 ΕΜ·

1034 441 1241 484 municatum,
1264 448 1371 475 ettam
1395 442 1572 488 episcopos,
1595 453 1689 488 quam
1704 440 1784 476 alios

1032 490 1201 535 quoslibet,
1229 490 1256 524 ei
1281 491 1477 536 pertinaciter
1498 491 1783 535 communicantes,

1032 539 1322 573 excommunicatos
1343 551 1412 574 esse
1436 539 1607 582 sancimus,
1629 547 1659 574 et
1687 540 1785 587 privi-

1032 586 1146 633 legium
1172 587 1334 634 potestatis
1361 588 1515 632 amittere,
1537 589 1561 622 si
1577 588 1647 635 quis
1670 589 1700 624 in
1715 589 1784 625 eius

1030 636 1230 671 absolutione
1273 637 1454 671 inconcessa
1490 637 1577 672 abuti
1617 650 1783 685 praesum-

1032 686 1129 732 pserit
1153 693 1315 732 potestate.

1078 735 1142 781 §5-
1168 734 1212 768 De
1227 742 1350 769 caetero
1367 735 1529 770 universos
1549 747 1603 770 vos
1618 735 1779 773 Arelatem

1030 782 1061 817 in
1083 784 1200 818 octavis
1222 784 1436 830 apostolorum
1469 784 1552 819 Petri
1576 793 1605 820 et
1628 785 1716 821 Pauli
1740 787 1779 822 ad

1029 832 1199 867 concilium
1227 833 1311 868 omni
1349 833 1484 880 reposita
1519 834 1703 880 occasione,
1733 836 1782 871 in-

1031 890 1175 916 vitamus.

1348 982 1458 1018 LVlII.

1026 1040 1195 1075 Decretali's
1216 1043 1344 1086 epistola.
1362 1043 1404 1076 ad
1427 1043 1552 1076 Lucium
1566 1044 1780 1089 praepositum

1075 1091 1330 1124 Sanctt‘Ittveutii
1356 1092 1483 1136 Pupien.
1512 1093 1643 1126 civitatis
1670 1101 1779 1128 contra

1073 1140 1281 1174 simoniacos:
1321 1147 1347 1174 et
1385 1142 1421 1174 cle
1456 1142 1704 1176 ordinationibus
1737 1144 1777 1176 ab

1074 1189 1231 1222 haereticis
1253 1190 1380 1234 acceptis
1404 1191 1465 1232 (l).

1292 1249 1506 1281 SUMMARIUM

1023 1299 1516 1332 Exordium.—1.Ecelesiasticam
1530 1312 1590 1333 rem
1604 1305 1777 1336 venderesi-

1063 1342 1230 1371 monianum
1250 1351 1316 1371 esse
1335 1342 1474 1372 decernit.
1486 1360 1526 1365 —
1538 1344 1565 1372 2.
1578 1343 1696 1374 Munere
1714 1346 1775 1375 lin-

1062 1390 1146 1417 guae,
1166 1381 1209 1410 vel
1226 1381 1348 1411 indebiti
1367 1382 1515 1421 obsequii,
1532 1383 1574 1412 vel
1587 1384 1712 1422 pecunia
1727 1394 1774 1415 res

1061 1420 1280 1450 ecclesiasticas
1293 1421 1501 1459 adipiscentes,
1515 1422 1693 1453 simoniacos
1705 1433 1772 1453 esse

1062 1459 1200 1489 declarat.
1217 1477 1258 1482 —
1275 1460 1525 1490 Chalcedonensis
1544 1463 1674 1500 synodus
1693 1464 1775 1493 ordi-

1060 1500 1212 1528 nationum
1246 1509 1297 1538 per
1319 1501 1473 1538 pecuniam
1503 1501 1644 1531 factarum
1677 1503 1771 1532 inter-

1061 1543 1195 1568 ventores
1227 1540 1462 1570 anathematizat.
1477 1557 1517 1563 —
1532 1541 1559 1570 3.
1584 1541 1774 1580 Explicantur

1061 1578 1147 1608 verba
1175 1579 1390 1609 concilii.—->l.
1407 1579 1450 1609 lra
1462 1579 1513 1609 Dei
1526 1590 1616 1619 super
1628 1581 1775 1611 simonia-

1061 1626 1120 1654 COS‚
1139 1622 1167 1648 et
1185 1628 1271 1657 quam
1289 1619 1384 1657 gravis
1405 1620 1516 1657 peccati
1540 1621 1581 1650 rei
1601 1621 1773 1651 efficiantur.

1059 1673 1099 1679 ——
1120 1658 1147 1686 5.
1173 1658 1287 1692 Quibus
1308 1659 1335 1687 in
1353 1658 1442 1688 rebus
1464 1660 1639 1698 praepositis
1663 1662 1774 1690 nostris

1060 1696 1221 1726 debeamus
1245 1697 1463 1728 obedire—(5.
1480 1698 1581 1728 Utrum
1605 1699 1647 1729 uti
1669 1708 1773 1729 sacra-

1060 1737 1167 1766 mentis
1186 1737 1344 1775 possimus,
1363 1747 1437 1776 quae
1450 1747 1465 1767 a
1488 1739 1658 1768 criminosis
1671 1740 1774 1769 confe-

1059 1780 1173 1805 runtur.
1191 1793 1231 1798 —
1249 1777 1274 1805 7.
1288 1776 1551 1807 Schismaticorum
1561 1782 1589 1807 et
1606 1778 1771 1808 haeretico-

1059 1823 1123 1844 rum
1144 1821 1327 1846 sacramenta
1346 1817 1470 1846 sormam
1490 1817 1608 1854 habere,
1630 1818 1680 1847 sed
1711 1827 1769 1848 non

1059 1854 1175 1884 virtutis
1198 1855 1334 1884 effectum
1357 1856 1495 1885 declarat.
1513 1873 1553 1879 -—·
1571 1858 1598 1886 8.
1619 1856 1767 1895 Baptisma

1059 1893 1094 1923 ab
1108 1894 1275 1931 haereticis,
1294 1895 1337 1924 vel
1350 1896 1436 1925 etiam
1449 1905 1463 1925 a
1476 1896 1674 1926 schismaticis
1689 1906 1770 1926 more

1058 1933 1261 1963 ecclesiastico
1284 1934 1394 1971 datum,
1422 1940 1518 1964 ratum
1541 1945 1609 1965 esse
1631 1936 1770 1966 declarat.

1019 1985 1124 2015 Urbanus
1146 1987 1265 2025 episcopus
1292 1996 1371 2016 servus
1392 1997 1507 2017 servorum
1530 1988 1581 2025 Dei,
1604 1988 1692 2018 dilecto
1722 1988 1772 2018 lilio

1059 2025 1140 2063 Lucio,
1160 2028 1288 2064 praeposito
1310 2027 1426 2056 Ecclesiae
1445 2027 1522 2057 Sancti
1538 2027 1635 2057 luventii
1655 2028 1715 2065 apud
1732 2028 1772 2057 Ti-

1058 2065 1145 2102 cinum,
1168 2065 1267 2095 salutem
1286 2069 1308 2095 et
1326 2066 1475 2105 apostolicam
1499 2066 1694 2096 benedictionem.

1068 2117 1211 2152 Salvator
1244 2119 1396 2164 praedicit
1423 2119 1453 2153 in
1476 2119 1661 2165 Evangelio,
1688 2119 1772 2154 circa

1019 2165 1114 2200 finem
1136 2167 1253 2200 saeculi
1279 2167 1536 2213 pseudochristos
1558 2176 1589 2202 et
1626 2168 1770 2214 pseudo-

1021 2215 1188 2260 prophetas
1222 2228 1362 2261 surgere,
1397 2224 1427 2250 et
1456 2216 1570 2250 multos
1597 2216 1769 2251 seducere:

1019 2270 1050 2296 et
1071 2263 1181 2297 fideles
1202 2275 1277 2297 suos
1300 2264 1329 2297 in
1347 2264 1465 2298 mundo
1480 2265 1594 2299 multas
1608 2265 1772 2299 habituros

1020 2323 1198 2356 pressuras;
1234 2312 1287 2346 sed
1316 2321 1419 2347 tamen
1434 2313 1642 2359 portasinl'eri
1658 2313 1772 2348 adver-

1019 2372 1074 2393 sus
1095 2359 1266 2394 Ecclesiam
1283 2372 1345 2394 non
1362 2361 1581 2407 praevalituras
1595 2365 1647 2404 (a).
1671 2362 1769 2397 Proin

1020 2409 1102 2454 quia,
1133 2417 1164 2442 ut
1192 2410 1233 2442 ait
1260 2409 1448 2453 Apostolus,
1475 2418 1599 2456 oportet
1625 2410 1772 2446 haereses

1020 2469 1101 2497 esse,
1115 2458 1210 2504 utqui
1226 2457 1347 2504 probati
1362 2466 1447 2498 sunt,
1463 2459 1618 2494 manifesti
1635 2459 1707 2494 fiant
1719 2462 1771 2503 (b);

1055 2526 1094 2561 (t)
1111 2526 1200 2553 Edidit
1219 2527 1347 2553 Baronius
1362 2528 1432 2554 circa
1453 2528 1529 2555 finem
1556 2532 1620 2556 tom.
1641 2538 1680 2560 xr,
1706 2529 1770 2556 edit.

1020 2574 1122 2592 roman.
1141 2574 1199 2600 pag.
1226 2567 1287 2592 725.
1326 2566 1364 2600 (a)
1392 2567 1483 2594 ltlattb.
1513 2575 1602 2601 xxxv,
1630 2576 1695 2601 xvi,
1722 2569 1770 2596 ¹8.

997 2602 1160 2642 l(o)1Cor.
1182 2613 1222 2633 x1.
1243 2606 1284 2633 ¹9.
1320 2606 1363 2642 (R.
1385 2607 1429 2642 T.)

1810 426 1853 439 Ult.
1869 420 1995 442 saltsfat'tal,

1810 446 1871 471 tiqui·
1882 452 1994 465 enitunuut-

1809 475 1882 492 caules
1893 488 1897 495 .
1913 478 1995 493 exculti-

1809 499 1948 520 manicantur.

1835 758 1932 779 universi
1947 759 1993 779 Gal-

1808 784 1850 805 liae
1860 786 1954 811 episcopi
1966 786 1993 806 ad

1808 811 1920 832 concilium
1944 813 1993 833 Aro-

1808 837 1888 860 latense
1904 839 1993 860 invitan-

1808 866 1848 885 tur.

1828 2135 1948 2156 Exordium.
