2180 3205
863 299 962 326 mnzx
980 283 1183 328 mmmm
1205 326 1208 327 .
1235 284 1239 287 ’

265 362 357 399 LXII.
382 363 429 398 Ad
458 362 737 407 archiepiscopum
763 361 956 395 Auxitanum
978 368 1007 396 et

354 416 502 450 abbatem
524 414 694 449 Massilien.
718 419 753 447 ut
773 414 941 448 monachis
963 415 1008 448 in-

354 467 1007 512 obedientibuspoenitentiamcongruam

355 522 533 567 imponant,
558 520 632 554 754.

268 576 374 612 LXIII.
397 576 548 611 Definitio
569 575 808 608 controversiae
823 575 1010 608 intercano-

356 630 444 664 nicos
472 628 632 663 Pratensis
656 628 827 668 Ecclesiae,
849 634 880 662 et
900 628 1010 673 pleba-

357 693 432 717 num
453 682 483 717 S.
500 682 575 717 Iusti
590 681 732 715 eiusdem
745 681 897 715 territorii
915 693 1011 726 super

357 743 560 771 mortuorum
581 735 757 780 sepultura,
784 733 857 768 755.

268 789 373 825 LXIV.
397 788 606 824 Confirmatio
620 788 783 822 bonorum
798 787 957 828 omnium,
976 799 1012 821 ac

358 842 600 888 privilegiorum
614 841 799 875 monasterii
823 841 1010 875 monialium

357 897 387 932 S.
411 896 528 931 Mariae
549 895 588 929 de
607 894 905 940 Synningtbmayte,
935 893 1009 929 756.

269 950 360 986 LXV.
391 950 545 984 Tabulam
574 959 718 988 auream,
753 948 814 982 sibi
845 949 1009 989 donatam,

358 1003 536 1038 Cassinensi
557 1001 716 1036 coenobio
737 1002 886 1043 restituit,
904 1002 943 1035 ab
960 1013 1013 1036 eo-

358 1067 420 1101 que
455 1057 667 1101 imposterum
696 1055 830 1089 alienari
851 1055 910 1089 sub
935 1066 1011 1089 ana-

359 1110 500 1145 themate
520 1109 682 1154 prohibet,
703 1109 777 1143 757.

270 1163 376 1199 LXVI.
392 1163 595 1198 Canonizatio
608 1163 638 1197 S.
653 1163 794 1196 Thomae
807 1162 1014 1196 Cantuarien-

358 1217 401 1251 sis
421 1216 666 1261 archiepiscopi,
685 1215 818 1260 eiusque
840 1216 1014 1261 adscriptio

360 1271 392 1305 in
413 1271 583 1313 cathalogo
603 1270 649 1303 Ss.
674 1270 866 1314 Martyrum,
888 1268 961 1303 758.

270 1323 392 1359 LXVII.
415 1325 463 1358 Ad
493 1322 670 1357 monachos
700 1323 938 1357 Cantuariensis
958 1323 1015 1357 Ec-

360 1377 475 1411 clesiae
496 1377 535 1410 de
555 1376 799 1410 canonizatione
819 1376 849 1410 S.
873 1376 1014 1411 'rhomae

360 1431 454 1465 huius
471 1430 631 1464 Ecclesiae
649 1429 898 1474 archiepiscopi,
925 1431 1015 1464 cuius

361 1495 477 1529 corpus
501 1484 560 1517 sub
593 1483 685 1517 altari
706 1482 837 1516 recondi
859 1483 1016 1529 praecipi-

361 1544 424 1579 tur,
449 1536 523 1571 758.

271 1591 408 1627 LXVIII.
439 1591 632 1625 Monasterio
661 1591 691 1625 S.
716 1590 821 1625 Savini
858 1591 1016 1624 Placenti-

359 1647 419 1670 nae
439 1635 606 1675 dioecesis,
628 1636 715 1680 quod
736 1635 795 1668 sub
816 1635 1015 1685 protectione

360 1680 450 1730 Sedis
481 1680 684 1724 Apostolicae
705 1680 900 1723 suscipitur,
931 1680 1016 1713 bona

361 1724 470 1758 omnia
500 1724 756 1763 confilmanttn
795 1724 1015 1768 nonnullaque

361 1769 584 1804 conceduntur
604 1779 642 1812 pt
646 1768 748 1811 iviles
729 1778 781 1806 ta
806 1767 879 1801 759.

273 1822 380 1858 LXIX.
412 1822 451 1857 Ut
493 1822 652 1856 decimam
682 1821 785 1855 Clausi
818 1821 1016 1855 monasterio

360 1866 468 1901 Sancti
499 1866 605 1900 Savini
631 1866 836 1916 Placentinae
862 1866 1017 1900 dioecesis

362 1911 478 1945 iniuste
504 1911 543 1944 ab
577 1911 714 1953 Hugone
739 1909 891 1955 episcopo
923 1911 1013 1944 abla-

362 1961 440 1996 tam,
463 1955 568 1989 eidem
590 1954 748 1995 restituat,
777 1954 851 1987 761

273 2007 366 2043 LXX
396 2007 604 2043 Confiimatio
636 2008 755 2041 iurium
787 2019 823 2041 ac
854 2008 1017 2041 bonorum

362 2061 508 2096 omnium
526 2062 566 2095 ad
579 2062 743 2095 Teatinam
758 2060 931 2094 Ecclesiam
946 2071 1018 2105 per-

361 2106 547 2147 tinentium,
573 2105 646 2139 762.

274 2158 382 2195 LXXI.
402 2158 611 2193 Confirmatio
629 2159 806 2208 sententiae
827 2159 910 2192 latae
922 2170 939 2193 a
952 2159 1018 2193 Bri-

362 2203 463 2237 xiens't
483 2203 635 2248 episcopo
649 2203 680 2236 in
701 2204 922 2237 contr'ovetsia
935 2203 1019 2237 inter

362 2248 586 2282 Placentinum
612 2247 801 2297 episcopum
820 2248 1018 2281 etParmen-

363 2302 431 2326 sem
462 2303 560 2335 super
584 2291 718 2325 ecclesia
742 2292 840 2325 Castii
875 2292 1015 2336 Speculi‚

364 2342 395 2369 et
415 2336 550 2370 ccclesia
568 2336 598 2370 S.
630 2335 818 2374 christinae
847 2347 929 2380 quae
949 2336 1019 2369 Pla—

364 2380 492 2414 centino
506 2379 742 2420 adiudicantm,
765 2363 838 2413 764.

276 2433 399 2469 LXXII.
422 2433 630 2476 Privilegium
651 2432 907 2467 consumationis
919 2433 1020 2466 bono-

363 2487 435 2511 rum
462 2477 631 2531 Capuanae
651 2477 821 2518 Ecclesiae,
839 2488 921 2521 quae
942 2488 1019 2511 enu-

364 2527 541 2561 merantur,
569 2520 642 2554 765

276 2574 414 2609 LXXIII.
435 2574 642 2609 Confitmatio
670 2575 894 2608 universoium
912 2575 1017 2608 bono·
1036 2577 1038 2604 i

365 2629 450 2658 rum,
474 2629 511 2651 ac
523 2618 708 2662 prlvllefftol
712 2629 765 2652 um
786 2619 987 2652 concessioli
990 2630 1021 2651 c-

367 2662 483 2697 clesiae
505 2662 536 2697 S.
562 2662 680 2696 Mariae
700 2663 739 2696 de
765 2663 918 2703 Luffelde,
943 2662 1016 2695 767.

274 2714 406 2753 LXXIV.
428 2715 636 2760 privilegium
674 2715 930 2751 confirmationis
957 2715 1021 2749 col-

1693 285 1758 322 909

1130 372 1203 414 legii
1224 372 1329 406 Sancti
1349 371 1522 406 Salvatoris
1552 368 1783 404 canonicorum

1130 426 1241 470 oppidi
1261 425 1291 460 S.
1321 426 1420 465 Pauli,
1444 426 1670 468 bonorumque
1691 423 1730 457 ad
1748 424 1784 456 il-

1132 480 1185 512 lud
1222 479 1474 523 pertinentium3
1513 483 1543 511 et
1568 476 1785 511 concessionis

1133 533 1360 566 nonnullarum
1388 531 1638 570 immunitatum,
1663 530 1737 564 768.

1046 585 1158 620 LXXV.
1182 585 1389 619 Confirmatio
1409 585 1587 625 bonorum,
1620 595 1657 618 ac
1687 584 1784 628 privi-

1134 631 1291 681 legiorum
1311 638 1475 672 concessio
1488 637 1648 672 Ecclesiae
1662 638 1701 671 de
1713 637 1784 672 Sto-

1133 693 1198 730 ltes.
1224 691 1296 725 789.

1047 745 1179 779 LXXVI.
1203 745 1392 779 Monasterio
1405 746 1435 779 S.
1458 744 1617 778 Michaelis
1631 745 1669 777 de
1682 744 1787 778 Monte

1133 800 1281 837 Caveoso‚
1306 800 1395 832 cuius
1416 798 1523 832 abbati
1545 799 1659 832 mitrae
1680 804 1711 832 et
1724 808 1783 831 an-

1136 853 1202 886 nuli
1224 864 1315 886 usum
1343 853 1467 886 statutis
1493 853 1606 886 diebus
1624 850 1783 891 concedit,

1136 907 1219 939 bona
1232 907 1341 939 omnia
1350 906 1545 940 confirmans
1558 916 1594 939 ac
1607 905 1783 950 privilegia,

1137 958 1297 993 interdicti
1345 965 1490 1003 tempore
1535 959 1641 992 divina
1683 957 1788 991 officia

1136 1013 1270 1046 recitare
1292 1013 1455 1055 elargitur,
1480 1012 1553 1046 771.

1049 1066 1191 1100 Lxxvrt
1232 1066 1503 1100 Ambidiaconum
1542 1072 1569 1099 et
1614 1065 1788 1099 canonicos

1138 1111 1313 1144 Aseulanae
1334 1110 1492 1144 Ecclesiae
1512 1111 1570 1143 sub
1589 1110 1789 1154 protectione

1138 1155 1227 1189 Sedis
1245 1155 1446 1204 Apostolicae
1459 1155 1646 1198 suscipiens,
1668 1154 1787 1187 eisdem

1139 1200 1223 1233 bona
1257 1199 1365 1232 omnia
1396 1199 1584 1239 οοηῇιᾘητιῑ
1624 1199 1790 1242 multaque

1139 1244 1273 1286 largitur
1293 1243 1469 1287 privilegia,
1491 1242 1564 1276 773.

1051 1296 1213 1331 LXXVIII.
1237 1296 1444 1330 Confirmatio
1457 1295 1641 1329 monasterii
1661 1295 1789 1329 Montis-

1138 1350 1265 1392 Regalis
1285 1349 1406 1383 ordinis
1430 1349 1459 1383 S.
1484 1349 1657 1388 Benedicti,
1685 1359 1703 1382 a
1719 1348 1786 1382 Vil-

1138 1395 1236 1428 lelrno
1268 1394 1293 1428 ll
1324 1393 1451 1428 Siciliae
1481 1404 1556 1436 rege
1587 1403 1691 1437 nuper
1710 1403 1788 1427 con-

1139 1439 1262 1477 structi,
1287 1439 1512 1482 bonorumque
1529 1438 1568 1471 ad
1595 1437 1673 1471 illud
1690 1437 1789 1482 perti-

1139 1483 1295 1524 nentium,
1321 1482 1393 1516 775.

1050 1537 1188 1572 LXXIX.
1212 1536 1379 1570 Concessio
1397 1536 1650 1580 privilegiorum,
1671 1540 1702 1570 et
1715 1545 1791 1583 con-

1140 1590 1280 1623 firmatio
1300 1590 1461 1623 bonorum
1486 1589 1631 1622 omnium
1651 1589 1787 1623 Balneo-

1140 1645 1202 1677 len.
1220 1643 1415 1681 monasterii,
1431 1643 1516 1686 quod
1537 1642 1595 1675 sub
1606 1641 1695 1675 Sedis
1709 1644 1791 1685 Apo-

1139 1697 1270 1731 stolicae
1284 1696 1485 1740 protectione
1506 1695 1688 1740 suscipitur,
1713 1695 1786 1729 778.

1052 1750 1173 1784 LXXX.
1207 1749 1405 1793 Approbatio
1437 1748 1569 1781 instituti
1600 1748 1732 1782 militiae
1757 1747 1787 1782 S.

1139 1802 1245 1836 Iacobi
1266 1802 1305 1835 de
1325 1801 1444 1845 Spatha
1464 1800 1495 1833 in
1513 1800 1675 1844 Hispania,
1697 1798 1770 1834 780.

1051 1856 1187 1890 LXXXI.
1211 1854 1417 1897 Privilegium
1439 1853 1678 1898 approbationis
1689 1853 1792 1887 archi-

1142 1909 1354 1942 mandritatus
1374 1907 1592 1947 Messanensis,
1618 1905 1691 1940 785.

1052 1962 1204 1997 LXXXII.
1228 1962 1433 2006 Privilegium
1449 1960 1703 1994 confirmationis
1733 1960 1791 1993 bo-

1141 2026 1258 2049 norum
1279 2020 1375 2058 atque
1406 2013 1642 2046 immunitatum
1675 2023 1790 2046 mona-

1141 2069 1228 2103 sterii
1250 2067 1549 2106 Vallis-Umbrosae,
1575 2065 1648 2099 787.

1053 2122 1215 2158 LXXXIII.
1240 2123 1326 2156 Bona
1344 2127 1373 2154 et
1393 2121 1469 2153 iura-
1483 2119 1669 2153 monasterii
1685 2118 1714 2153 S.
1730 2118 1793 2154 Ma-

1142 2167 1207 2200 riae
1239 2167 1278 2199 de
1318 2165 1479 2199 Florentia
1518 2164 1587 2197 ord.
1629 2163 1790 2213 Cassinen.

1144 2211 1349 2249 cons1r‚mans
1373 2208 1611 2257 quampluiima
1641 2207 1669 2240 ei
1697 2207 1793 2257 privi-

1142 2255 1225 2295 lefria
1259 2260 1354 2297 atque
1380 2252 1597 2295 exemptiones
1622 2251 1789 2291 concedit,

1143 2288 1216 2332 789

1054 2351 1218 2388 LXXXIV
1251 2350 1458 2385 Confirmatio
1494 2349 1746 2393 privilepmiorum
1776 2359 1795 2381 a

1142 2395 1281 2430 Summis
1301 2394 1452 2428 Romanis
1472 2392 1681 2427 Pontificibus
1712 2403 1790 2426 con-

1143 2450 1306 2474 cessoium
1328 2437 1521 2471 monastetio
1548 2437 1654 2471 Sancti
1667 2435 1796 2470 Ioannis

1143 2485 1174 2517 in
1206 2484 1327 2517 Venere
1357 2482 1506 2515 Teatinae
1541 2481 1718 2519 dioecesis,
1758 2491 1796 2514 ac

1143 2527 1331 2561 omnimoda
1350 2526 1510 2570 exemptio
1535 2535 1553 2558 a
1573 2525 1796 2559 iurisdictione

1143 2571 1314 2609 Ordinarii,
1339 2570 1412 2603 791.

1036 2625 1206 2660 LXXXV.
1242 2623 1358 2657 Podius
1396 2622 1562 2662 Bonitius,
1598 2623 1629 2656 in
1656 2621 1796 2656 dioecesi

1144 2668 1328 2718 Florentina
1349 2667 1482 2717 positus,
1505 2666 1700 2701 Senensibus
1730 2666 1795 2711 epi-

1143 2712 1250 2758 scopis
1267 2711 1481 2754 adiudicatur,
1505 2710 1579 2745 794.
