2180 3205
0 1953 1 1962 ,
22 1942 77 1960 cuim
90 1938 206 1966 pr⁰¹⁰¹⁵⁵⁰·
220 1940 252 1974 in
273 1948 374 1975 vestra

15 250 116 284 An.c.
137 253 201 282 1181

221 309 277 357 qui
300 309 451 356 magister
472 316 530 353 est,
558 309 774 345 consentiente
802 318 903 344 tannen
920 322 970 343 sa-

220 359 302 394 niori
326 366 412 406 parte
434 358 574 405 capituli,
602 359 692 394 liceat
708 359 876 394 immutari.
899 359 968 393 Pro-

218 407 371 443 bibemus
393 407 552 455 siquidem
576 416 606 443 et
627 408 819 443 omnimodis
841 408 968 443 interdi-

215 458 333 498 cimus,
351 466 383 492 ut
407 456 586 498 fidelitates,
610 457 758 498 hominia,
791 459 856 492 sive
885 458 968 492 iura-

214 515 335 550 menta,
371 506 417 541 vel
456 506 594 553 reliquas
627 508 822 551 securitates,
849 520 929 553 quae
950 519 966 542 a

215 555 433 592 saecularibus
455 556 703 603 frequentantur,
739 556 820 591 nulla
859 556 966 590 eccle-

211 605 340 641 siastica
373 605 580 640 saecularisve
614 617 744 652 persona
772 618 787 640 a
816 606 965 652 magistro

211 663 243 689 et
264 653 415 689 fratribus
434 654 575 689 eiusdem
600 654 720 689 Domus
753 655 880 700 exigere
907 667 965 689 au—

12 703 294 760 ‘xmffffiffidean
319 703 398 738 Illud
431 713 534 739 autem
567 704 690 744 scitote,
713 704 861 749 quoniam
885 704 964 739 sicut

12 753 125 795 rengione*
158 743 196 789 fa·
211 761 313 788 vestra
340 765 428 788 sacra
452 753 605 788 institutio
635 761 663 788 et
687 753 831 799 religiosa
856 753 963 788 Militia

13 799 114 821 ”⁰¹²³⁸¹¹'²
210 802 313 838 divina
336 809 383 837 est
406 802 598 848 providentia
621 802 767 846 stabilita,
793 803 832 836 ita
849 803 964 837 nihilo-

210 853 315 887 minus
343 852 461 887 nullius
484 853 563 886 vitae
591 852 797 898 religiosioris
831 852 961 887 obtentu

208 901 248 936 ad
265 902 369 936 locum
389 901 484 936 alium
508 914 563 936 vos
585 902 732 936 convenit
754 901 962 942 transvolare3

209 950 296 986 Deus
322 951 418 992 euim,
456 950 508 998 qui
546 959 593 985 est
633 950 903 985 incommutabilis
933 958 964 985 et

210 1009 368 1040 aeternus,
401 1000 563 1035 mutabilia
597 1000 691 1034 corda
714 1012 775 1034 non
798 999 962 1046 approbat,

210 1050 265 1084 sed
293 1049 398 1097 potius
424 1062 546 1085 sacrum
571 1049 766 1096 propositum
794 1050 891 1084 semel
913 1049 963 1084 in-

211 1107 340 1147 ceptum
363 1099 493 1146 perduci
515 1098 580 1133 vult
602 1111 701 1146 usque
729 1099 759 1132 in
788 1098 882 1133 finem
906 1098 964 1133 dc-

211 1148 296 1183 bitae
322 1148 464 1183 actionis.
489 1148 575 1190 Quot
607 1156 636 1183 et
662 1148 771 1196 quanti
795 1148 854 1182 sub
877 1148 964 1182 mili-

210 1198 268 1233 tari
292 1198 421 1245 cingulo
453 1207 483 1233 et
520 1198 655 1232 clamide
687 1198 800 1232 terreni
838 1198 962 1244 imperii

211 1247 349 1283 Domino
389 1248 588 1295 placuerunt,
622 1247 744 1294 sibique
780 1247 962 1282 memoriale

213 1304 400 1344 perpetuum
423 1297 638 1343 reliquerunt?
659 1296 743 1338 Quot
759 1305 787 1331 et
806 1297 915 1343 quanti
931 1297 961 1331 in

212 1347 309 1381 armis
343 1346 464 1381 bellicis
498 1346 658 1382 constituti
695 1358 751 1393 pro
774 1354 962 1381 testamento

212 1395 284 1441 Dei,
311 1403 342 1430 et
357 1404 557 1443 paternarum
573 1395 678 1442 legum
696 1395 879 1430 defensione
897 1396 962 1431 suis

213 1446 410 1493 temporibus
431 1445 762 1485 fortiterdimicarnut,
781 1454 873 1491 atque
897 1458 963 1480 ma-

213 1507 274 1530 nus
296 1507 369 1530 suas
395 1495 426 1529 in
447 1495 601 1541 sanguine
623 1494 798 1529 infidelium
826 1494 963 1530 Domino

213 1552 447 1589 consecrantes,
471 1552 540 1591 post
562 1543 691 1579 bellicos
713 1544 845 1579 sudores
863 1552 963 1579 aeter-

214 1605 273 1629 nae
294 1593 374 1629 vitae
401 1593 541 1628 bravium
577 1601 650 1629 sunt
688 1590 963 1641 a<lepti?'Videte

214 1643 320 1691 itaque
355 1643 549 1678 vocationem
583 1652 717 1678 vestram
754 1652 816 1679 tam
846 1643 963 1678 milites

215 1704 309 1740 quam
327 1692 510 1734 servientes,
529 1699 623 1740 atque
657 1693 741 1727 iuxta
774 1692 962 1739 Apostolum

216 1742 436 1789 unusquisque
463 1750 613 1787 vestrum,
640 1742 671 1776 in
704 1754 764 1789 qua
799 1742 963 1777 vocatione

218 1799 346 1826 vocatus
372 1800 430 1836 est,
449 1791 479 1825 in
502 1803 537 1826 ea
560 1800 740 1838 permaneat
755 1794 811 1834 (a).
827 1791 963 1838 Ideoque

34 1847 85 1897 ⁸⁰1·
104 1845 204 1896 prohifbet
219 1840 328 1875 fratres
363 1849 483 1875 vestros
515 1840 613 1875 semel
647 1840 789 1881 devotos,
810 1848 903 1887 atque
931 1842 962 1875 in

21 1882 155 1935 iribiiqiiissi
171 1883 205 1928 ΞΣ
219 1902 308 1925 sacro
329 1890 460 1936 collegio
481 1898 583 1925 vestro
600 1898 754 1937 receptos,
771 1899 840 1936 post
853 1890 961 1924 factam

23 1975 72 1990 nem
109 1973 144 1990 w
171 1970 206 1990 ‹n-
394 1940 504 1974 Militia
523 1939 748 1986 professionem
771 1948 801 1974 et
822 1939 960 1973 habitum

23 1986 87 2036 minii
116 1999 205 2036 ⁴hainin
221 1997 340 2025 vestrae
361 1989 522 2036 religionis
544 1997 753 2035 assumptum,
787 1989 960 2023 revertendi

24 2031 145 2057 ‘⁰¹¹⁸¹⁰¹¹¹⁵’
179 2031 205 2052 ⁸⁶
220 2039 257 2073 ad
286 2038 470 2082 saeculum,
503 2037 619 2072 nullam
653 2038 768 2073 habere
808 2038 962 2085 praecipi-

23 2060 130 2082 »aeculum
167 2065 205 2081 re-

24 2093 144 2143 2322313112
161 2092 206 2142 ,⁵¹2-
222 2100 292 2123 mus
305 2087 500 2129 facultatem,
523 2099 581 2122 nec
601 2087 692 2122 alicui
719 2099 827 2122 eorum
855 2087 898 2121 sas
911 2088 961 2127 sit,

25 2128 207 2179 ‹r÷t{2,fdi1÷2ni
222 2146 291 2185 post
316 2137 425 2173 factam
449 2136 690 2184 professionem,
716 2136 811 2171 semel
839 2149 962 2171 assum-

25 2180 206 2207 ¹³⁰¹¹¹¹¹²¹³¹¹⁵0⁸¹·
222 2194 306 2235 ptam
344 2199 470 2222 crucem
513 2185 709 2221 Dominicarn
752 2195 782 2221 et
822 2185 960 2220 habitum

222 2246 341 2272 vestrae
366 2236 525 2282 religionis
546 2236 691 2277 abiicere,
719 2236 765 2270 vel
799 2235 838 2270 ad
867 2235 960 2270 alium

221 2285 326 2321 locum
352 2298 408 2321 seu
440 2286 533 2320 etiam
568 2284 804 2325 monasterium,
837 2285 962 2319 maioris

221 2335 287 2371 sive
308 2334 437 2371 minoris
458 2334 884 2380 religionisobtentu,invitis
898 2334 962 2369 sive

222 2384 408 2422 inconsultis
428 2384 585 2425 fratribus,
606 2392 660 2419 aut
685 2395 733 2423 eo,
748 2383 800 2430 qui
817 2384 963 2429 magister

222 2434 368 2479 extiterit,
389 2434 480 2469 liceat
493 2433 726 2480 transmigrare:
750 2432 889 2479 nullique
910 2444 963 2467 ec-

222 2483 413 2519 clesiasticae
434 2482 623 2518 saecularive
642 2494 792 2529 personae
806 2482 891 2529 ipsos
908 2495 963 2517 su-

223 2533 377 2581 scipiendi
398 2541 450 2568 aut
470 2532 622 2567 retinendi
646 2532 767 2566 licentia
790 2539 901 2578 pateat.
924 2531 962 2566 Et

223 2583 388 2631 quoniam,
409 2582 464 2630 qui
499 2590 572 2617 sunt
598 2580 757 2616 Ecclesiae
783 2580 963 2616 defensores

259 2643 297 2681 (a)
317 2652 325 2671 ι
341 2643 401 2672 Cor.
421 2652 470 2678 vn,
487 2644 520 2671 20
536 2643 572 2678 (ri.
594 2642 635 2678 T.)

820 255 1015 279 ALExANnssu
1043 255 1079 277 nl
1107 255 1153 277 1¹1².

1630 240 1691 274 851
1764 251 1856 277 Aac.
1878 250 1937 276 list

1011 308 1049 343 dc
1073 309 1162 343 bonis
1177 307 1338 342 Ecclesiae
1360 306 1475 341 debent
1502 306 1602 340 vivere
1632 318 1666 339 ac
1693 318 1748 339 su-
1776 311 1942 352 ¹3⁴·r·¹⁰=¹*‘¹J¹1··=‘*

1009 359 1154 401 stentari,
1181 358 1219 392 de
1242 357 1335 391 rebus
1357 356 1524 390 mobilibus
1547 355 1592 390 vel
1620 367 1652 389 se
1680 343 1943 394 rno-⁴,'.',',',',¹¹,„‘.¹{⁴'[f'„‡ss

1010 407 1163 448 ventibus,
1202 419 1257 441 seu
1293 406 1331 440 de
1363 405 1563 452 quibuslibet,
1597 416 1676 451 quac
1709 404 1746 439 ad
1763 409 1805 425 '¹¹¹²-

1009 465 1139 491 vestram
1168 455 1372 490 venerabilem
1394 455 1528 489 Domum
1550 454 1716 501 pertinent,
1732 467 1748 489 a

1008 506 1095 540 vobis
1133 506 1271 540 decimas
1309 505 1390 550 exigi
1423 513 1529 539 contra
1558 503 1746 538 voluntatem

1008 563 1151 594 vestram,
1173 554 1365 589 omnimodis
1388 553 1600 600 probibemus.
1625 553 1664 587 Ut
1691 566 1748 587 au-

1007 612 1066 639 tem
1099 605 1136 638 ad
1170 603 1398 651 plenitudinem
1429 603 1551 645 salutis,
1586 610 1615 637 et
1641 615 1747 637 curam

1005 654 1178 688 animarum
1205 663 1375 688 vestrarum
1399 652 1474 687 nibil
1499 652 1584 686 vobis
1606 652 1697 691 desit,
1719 660 1749 686 et

1005 703 1214 738 ecclesiastica
1236 709 1440 746 sacramenta,
1466 709 1495 736 et
1517 701 1620 736 divina
1648 701 1748 735 ollicia

1006 761 1105 788 vestro
1128 764 1216 787 sacro
1231 752 1361 798 collegio
1370 751 1566 786 commodius
1581 751 1749 786 exhibean-

1005 809 1065 846 tur,
1087 802 1181 836 simili
1205 801 1297 836 modo
1312 801 1480 840 sancimus,
1498 808 1529 834 ut
1547 800 1635 835 liccat
1650 801 1746 841 vobis,

1004 852 1153 886 honestos
1175 851 1305 886 clericos
1327 859 1356 885 et
1374 850 1553 885 sacerdotes
1570 850 1746 885 secundum
1770 861 1942 895 ςωωωιυ-υνπ

1004 900 1070 935 Deu
1078 913 1118 941 m,
1136 908 1288 947 quantum
1305 900 1342 934 ad
1359 908 1490 934 vestram
1507 899 1728 934 conscientiam
1739 927 1746 941 ,
1762 891 1942 945 ζῗ,Ῐ,“ζ,“,Ῑ,,’ξ,““”(ἷζζῗ,.’ζῖ

1004 950 1174 989 ordinatos,
1202 949 1422 996 undecumque
1445 949 1481 983 ad
1506 961 1560 984 vos
1587 950 1748 984 venientes
1761 956 1942 975 ¹2=1⁰¹¹==’⁰²¹⁶=‘*¹*¹*

1004 999 1175 1047 suscipere,
1197 1008 1227 1034 et
1249 1008 1309 1034 tam
1332 999 1362 1032 in
1387 998 1547 1045 principali
1575 998 1668 1034 domo
1694 1011 1748 1033 ve—

1003 1057 1077 1093 stra,
1104 1061 1196 1095 quarn
1220 1049 1310 1083 etiam
1347 1048 1377 1082 in
1404 1048 1591 1083 obedientiis
1618 1055 1649 1083 et
1672 1048 1748 1083 locis

1003 1098 1061 1133 sibi
1080 1098 1226 1142 subditis,
1240 1097 1402 1132 vobiscum
1413 1097 1528 1132 babere
1541 1111 1548 1137 ;
1562 1097 1747 1138 dummodo,

1004 1148 1028 1181 si
1047 1160 1063 1183 e
1086 1148 1189 1182 vicino
1215 1156 1300 1191 sunt,
1323 1159 1376 1181 eos
1396 1159 1411 1181 a
1435 1147 1569 1193 propriis
1591 1148 1749 1194 episcopis

1003 1198 1166 1243 expetatis,
1195 1197 1354 1243 iidemque
1376 1196 1452 1230 nulli
1474 1197 1524 1231 alii
1561 1197 1747 1244 professioni

1005 1246 1049 1281 vel
1086 1248 1189 1281 ordini
1218 1254 1383 1281 teneantur
1419 1246 1565 1280 obnoxii:
1599 1246 1683 1293 quod
1722 1246 1748 1280 si

1003 1297 1145 1342 episcopi
1181 1295 1309 1332 eosdem
1348 1295 1436 1329 vobis
1475 1295 1552 1330 forte
1573 1295 1748 1331 concedere

1004 1346 1172 1387 noluerint,
1200 1345 1408 1380 nihilominus
1431 1352 1531 1380 tamen
1554 1357 1608 1380 eos
1646 1345 1749 1380 susci-

1005 1395 1108 1441 piendi
1132 1403 1162 1429 et
1178 1395 1331 1429 retinendi
1346 1395 1530 1429 auctoritate
1544 1403 1669 1429 sanctae
1682 1395 1747 1429 Ro-

1005 1456 1113 1479 manae
1143 1444 1303 1479 Ecclesiae
1336 1443 1491 1478 licentiam
1528 1444 1676 1479 liabeatis.
1712 1444 1746 1478 Si

1005 1505 1076 1528 vero
1109 1494 1204 1541 aliqui
1236 1494 1360 1532 borum,
1402 1502 1470 1540 post
1494 1493 1601 1527 factam
1626 1493 1747 1540 profes-

1003 1543 1138 1584 sionem,
1165 1543 1343 1578 turbatores
1365 1543 1526 1589 religionis
1555 1552 1673 1578 vestrae
1695 1553 1746 1578 aut

1003 1592 1137 1633 Domus,
1150 1593 1199 1627 vel
1215 1593 1306 1627 etiam
1331 1592 1457 1627 inutiles
1479 1593 1693 1639 apparuerint,
1709 1593 1746 1626 li-

1004 1650 1071 1677 ceat
1091 1642 1177 1677 vobis
1198 1654 1252 1677 eos
1274 1654 1345 1676 cum
1372 1642 1486 1677 saniori
1511 1651 1596 1689 parte
1617 1642 1744 1688 capituli

1004 1704 1164 1731 amovere;
1187 1692 1295 1738 eisque
1318 1691 1498 1726 transeundi
1521 1691 1557 1725 ad
1581 1691 1676 1725 alium
1695 1704 1746 1725 or-

1004 1740 1121 1781 dinem,
1150 1741 1202 1775 ubi
1236 1740 1410 1775 secundum
1444 1740 1545 1775 Deum
1570 1741 1670 1775 vivere
1691 1754 1747 1775 vo-

1005 1790 1133 1833 luerint,
1155 1790 1312 1825 licentiam
1343 1790 1427 1830 dare,
1457 1799 1487 1824 et
1510 1791 1577 1825 loco
1604 1790 1744 1837 ipsorum

1004 1839 1082 1874 alios
1097 1839 1227 1874 idoneos
1243 1839 1445 1882 substituere,
1467 1841 1519 1886 qui
1544 1840 1636 1874 etiam
1653 1840 1746 1874 unius

1004 1889 1076 1922 anni
1099 1889 1198 1934 spatio
1221 1890 1252 1923 in
1279 1898 1379 1923 vestra
1402 1889 1548 1923 societate
1564 1889 1743 1936 probentur:

1004 1950 1065 1984 quo
1089 1946 1225 1984 peracto,
1247 1938 1271 1973 si
1297 1950 1398 1973 mores
1419 1950 1527 1973 eorum
1550 1938 1609 1973 hoc
1631 1951 1747 1984 exege-

1004 1988 1076 2031 rint,
1111 1996 1187 2022 tunc
1221 1988 1348 2022 demum
1387 1988 1611 2034 professionem
1635 1987 1746 2022 saciant

1004 2036 1186 2082 regulariter
1206 2037 1342 2077 vivendi,
1364 2045 1392 2071 et
1412 2037 1560 2082 magistro
1586 2050 1644 2072 suo
1668 2037 1746 2071 obe-

1003 2085 1130 2120 diendi:
1154 2087 1193 2121 ita
1211 2096 1326 2127 tamen,
1348 2094 1382 2120 ut
1403 2086 1549 2121 eumdem
1576 2087 1691 2121 victum
1715 2095 1746 2121 et

1004 2135 1147 2170 vestitum
1174 2135 1333 2170 vobiscum
1358 2135 1500 2180 babeant,
1523 2148 1642 2171 necnon
1659 2137 1746 2171 lecti-

1003 2185 1132 2219 sternia:
1156 2194 1286 2231 excepto
1319 2196 1367 2226 eo,
1403 2185 1485 2232 quod
1517 2185 1619 2220 clausa
1653 2187 1746 2220 vesti-

1004 2242 1104 2268 menta
1127 2234 1304 2281 portabunt.
1326 2233 1389 2269 Sed
1413 2247 1470 2269 nec
1492 2235 1567 2280 ipsis
1585 2235 1685 2275 liceat,
1707 2235 1746 2270 de

1002 2283 1138 2330 capitulo
1161 2283 1206 2317 vel
1222 2296 1294 2318 cura
1312 2283 1434 2318 Domus
1450 2292 1567 2319 vestrae
1582 2297 1614 2318 se
1628 2293 1745 2320 temere

1004 2332 1218 2376 intromittere,
1241 2333 1299 2367 nisi
1321 2340 1472 2380 quantum
1493 2345 1509 2367 a
1533 2333 1619 2368 vobis
1653 2334 1745 2368 suerit

1003 2382 1188 2416 iniunctum.
1212 2381 1326 2417 Curam
1342 2394 1466 2429 quoque
1487 2382 1659 2418 animarum
1682 2391 1747 2418 tan-

1002 2439 1068 2466 tum
1106 2431 1249 2476 babeant,
1281 2440 1430 2478 quantum
1465 2444 1480 2466 a
1513 2431 1600 2467 vobis
1631 2433 1745 2468 fuerint

1003 2481 1153 2528 requisiti.
1181 2480 1343 2515 Praeterea
1384 2481 1460 2515 nulli
1488 2493 1638 2527 personae
1660 2490 1745 2517 extra

1002 2537 1138 2564 vestrum
1160 2530 1326 2576 capitulum
1354 2530 1415 2565 sint
1440 2530 1586 2572 subiecti,
1614 2532 1744 2579 tibique,

1003 2579 1114 2614 dilecte
1127 2579 1156 2613 in
1178 2579 1314 2614 Domino
1342 2580 1382 2614 lili
1410 2579 1515 2621 Oddo,
1534 2581 1657 2628 tuisque
1671 2594 1744 2616 suc-

1004 2628 1190 2671 cessoribuS,
1212 2636 1368 2677 tamquam
1384 2630 1531 2676 magistro
1552 2640 1582 2665 et
1608 2633 1743 2679 praelato

1773 1496 1943 1517 Contrainuiiles

1761 1531 1782 1548 ct
1810 1528 1928 1548 turbatores
1936 1544 1940 1552 ,

1761 1561 1862 1586 quomodo
1882 1561 1927 1579 int-e
1935 1570 1942 1574 -

1761 1591 1849 1610 dcudum
