<?xml version="1.0" encoding="UTF-8"?>
<!DOCTYPE html PUBLIC "-//W3C//DTD XHTML 1.0 Transitional//EN"
    "http://www.w3.org/TR/xhtml1/DTD/xhtml1-transitional.dtd">
<html xmlns="http://www.w3.org/1999/xhtml" xml:lang="en" lang="en">
 <head>
  <title>
</title>
<meta http-equiv="Content-Type" content="text/html;charset=utf-8" />
  <meta name='ocr-system' content='tesseract 3.04.00' />
  <meta name='ocr-capabilities' content='ocr_page ocr_carea ocr_par ocr_line ocrx_word'/>
</head>
<body>
  <div class='ocr_page' id='page_1' title='image "./bullarumdiplomat02cath_0519.png"; bbox 0 0 2180 3205; ppageno 0'>
   <div class='ocr_carea' id='block_1_1' title="bbox 38 228 991 264">
    <p class='ocr_par' dir='ltr' id='par_1_1' title="bbox 38 228 991 264">
     <span class='ocr_line' id='line_1_1' title="bbox 38 228 991 264; baseline -0.015 0"><span class='ocrx_word' id='word_1_1' title='bbox 38 235 88 264; x_wconf 75' lang='lat' dir='ltr'>An.</span> <span class='ocrx_word' id='word_1_2' title='bbox 105 235 136 263; x_wconf 89' lang='lat' dir='ltr'>C.</span> <span class='ocrx_word' id='word_1_3' title='bbox 152 235 216 262; x_wconf 78' lang='lat' dir='ltr'>ttltlt</span> <span class='ocrx_word' id='word_1_4' title='bbox 882 228 991 252; x_wconf 78' lang='grc' dir='ltr'>ι,ι·(;ιι·5</span> 
     </span>
    </p>
   </div>
   <div class='ocr_carea' id='block_1_2' title="bbox 38 284 987 1409">
    <p class='ocr_par' dir='ltr' id='par_1_2' title="bbox 38 284 987 1409">
     <span class='ocr_line' id='line_1_2' title="bbox 230 284 980 333; baseline -0.007 -9"><span class='ocrx_word' id='word_1_5' title='bbox 230 288 417 333; x_wconf 82' lang='lat' dir='ltr'>Quarrione‚</span> <span class='ocrx_word' id='word_1_6' title='bbox 432 288 584 324; x_wconf 81' lang='lat' dir='ltr'>Sanctum</span> <span class='ocrx_word' id='word_1_7' title='bbox 602 289 781 324; x_wconf 83' lang='lat' dir='ltr'>Romanum</span> <span class='ocrx_word' id='word_1_8' title='bbox 798 286 835 321; x_wconf 88' lang='lat' dir='ltr'>de</span> <span class='ocrx_word' id='word_1_9' title='bbox 852 284 980 323; x_wconf 80' lang='lat' dir='ltr'>Pennis.</span> 
     </span>
     <span class='ocr_line' id='line_1_3' title="bbox 231 339 982 382; baseline -0.005 -6"><span class='ocrx_word' id='word_1_10' title='bbox 231 342 518 382; x_wconf 78' lang='lat' dir='ltr'>vittam-viridem,</span> <span class='ocrx_word' id='word_1_11' title='bbox 533 342 826 379; x_wconf 48' lang='lat' dir='ltr'>vittam-Prummu„</span> <span class='ocrx_word' id='word_1_12' title='bbox 842 339 982 373; x_wconf 70' lang='lat' dir='ltr'>Yailem-</span> 
     </span>
     <span class='ocr_line' id='line_1_4' title="bbox 230 392 982 438; baseline -0.007 -8"><span class='ocrx_word' id='word_1_13' title='bbox 230 395 385 438; x_wconf 71' lang='lat' dir='ltr'>Vir-idam,</span> <span class='ocrx_word' id='word_1_14' title='bbox 412 395 650 434; x_wconf 80' lang='lat' dir='ltr'>Paiumbarum,</span> <span class='ocrx_word' id='word_1_15' title='bbox 684 395 853 434; x_wconf 68' lang='lat' dir='ltr'>Bodinuin„</span> <span class='ocrx_word' id='word_1_16' title='bbox 882 392 982 426; x_wconf 78' lang='lat' dir='ltr'>Vimi-</span> 
     </span>
     <span class='ocr_line' id='line_1_5' title="bbox 230 446 980 490; baseline -0.005 -6"><span class='ocrx_word' id='word_1_17' title='bbox 230 450 369 490; x_wconf 76' lang='lat' dir='ltr'>neriam,</span> <span class='ocrx_word' id='word_1_18' title='bbox 397 450 549 485; x_wconf 84' lang='lat' dir='ltr'>Sanctum</span> <span class='ocrx_word' id='word_1_19' title='bbox 584 449 751 484; x_wconf 76' lang='lat' dir='ltr'>Mai-tinum</span> <span class='ocrx_word' id='word_1_20' title='bbox 787 448 826 483; x_wconf 85' lang='lat' dir='ltr'>de</span> <span class='ocrx_word' id='word_1_21' title='bbox 853 446 980 489; x_wconf 64' lang='lat' dir='ltr'>Notata,</span> 
     </span>
     <span class='ocr_line' id='line_1_6' title="bbox 229 501 979 543; baseline -0.008 -3"><span class='ocrx_word' id='word_1_22' title='bbox 229 504 382 540; x_wconf 88' lang='lat' dir='ltr'>Sanctum</span> <span class='ocrx_word' id='word_1_23' title='bbox 405 503 604 538; x_wconf 73' lang='lat' dir='ltr'>Yincentium</span> <span class='ocrx_word' id='word_1_24' title='bbox 635 503 673 537; x_wconf 84' lang='lat' dir='ltr'>de</span> <span class='ocrx_word' id='word_1_25' title='bbox 701 502 924 543; x_wconf 58' lang='lat' dir='ltr'>Summanum,</span> <span class='ocrx_word' id='word_1_26' title='bbox 946 501 979 534; x_wconf 78' lang='lat' dir='ltr'>S.</span> 
     </span>
     <span class='ocr_line' id='line_1_7' title="bbox 229 555 982 603; baseline -0.008 -10"><span class='ocrx_word' id='word_1_27' title='bbox 229 558 416 593; x_wconf 77' lang='lat' dir='ltr'>columbam</span> <span class='ocrx_word' id='word_1_28' title='bbox 445 558 485 591; x_wconf 87' lang='lat' dir='ltr'>de</span> <span class='ocrx_word' id='word_1_29' title='bbox 513 557 637 603; x_wconf 77' lang='lat' dir='ltr'>Burgis,</span> <span class='ocrx_word' id='word_1_30' title='bbox 665 555 879 593; x_wconf 77' lang='lat' dir='ltr'>Corvilanam,</span> <span class='ocrx_word' id='word_1_31' title='bbox 901 565 982 600; x_wconf 79' lang='lat' dir='ltr'>quae</span> 
     </span>
     <span class='ocr_line' id='line_1_8' title="bbox 230 608 980 659; baseline -0.008 -13"><span class='ocrx_word' id='word_1_32' title='bbox 230 612 356 659; x_wconf 79' lang='lat' dir='ltr'>proprie</span> <span class='ocrx_word' id='word_1_33' title='bbox 371 610 572 646; x_wconf 78' lang='lat' dir='ltr'>Cluniacensi</span> <span class='ocrx_word' id='word_1_34' title='bbox 588 609 777 644; x_wconf 84' lang='lat' dir='ltr'>monasterio</span> <span class='ocrx_word' id='word_1_35' title='bbox 791 608 881 643; x_wconf 85' lang='lat' dir='ltr'>datae</span> <span class='ocrx_word' id='word_1_36' title='bbox 894 616 980 641; x_wconf 84' lang='lat' dir='ltr'>sunt:</span> 
     </span>
     <span class='ocr_line' id='line_1_9' title="bbox 230 663 982 709; baseline -0.008 -10"><span class='ocrx_word' id='word_1_37' title='bbox 230 665 304 699; x_wconf 89' lang='lat' dir='ltr'>item</span> <span class='ocrx_word' id='word_1_38' title='bbox 333 666 362 699; x_wconf 93' lang='lat' dir='ltr'>in</span> <span class='ocrx_word' id='word_1_39' title='bbox 386 664 571 698; x_wconf 79' lang='lat' dir='ltr'>Nivernensi</span> <span class='ocrx_word' id='word_1_40' title='bbox 599 663 781 709; x_wconf 74' lang='lat' dir='ltr'>episcopam</span> <span class='ocrx_word' id='word_1_41' title='bbox 821 668 982 695; x_wconf 66' lang='lat' dir='ltr'>monaste-</span> 
     </span>
     <span class='ocr_line' id='line_1_10' title="bbox 230 715 980 763; baseline -0.008 -10"><span class='ocrx_word' id='word_1_42' title='bbox 230 718 310 753; x_wconf 88' lang='lat' dir='ltr'>rium</span> <span class='ocrx_word' id='word_1_43' title='bbox 345 718 384 753; x_wconf 86' lang='lat' dir='ltr'>de</span> <span class='ocrx_word' id='word_1_44' title='bbox 418 717 593 755; x_wconf 77' lang='lat' dir='ltr'>Albiniaco,</span> <span class='ocrx_word' id='word_1_45' title='bbox 620 715 705 763; x_wconf 88' lang='lat' dir='ltr'>quod</span> <span class='ocrx_word' id='word_1_46' title='bbox 734 716 769 749; x_wconf 90' lang='lat' dir='ltr'>ad</span> <span class='ocrx_word' id='word_1_47' title='bbox 804 715 980 749; x_wconf 79' lang='lat' dir='ltr'>caritatem:</span> 
     </span>
     <span class='ocr_line' id='line_1_11' title="bbox 231 767 980 815; baseline -0.007 -8"><span class='ocrx_word' id='word_1_48' title='bbox 231 772 261 807; x_wconf 94' lang='lat' dir='ltr'>in</span> <span class='ocrx_word' id='word_1_49' title='bbox 278 771 407 807; x_wconf 82' lang='lat' dir='ltr'>Francia</span> <span class='ocrx_word' id='word_1_50' title='bbox 423 771 647 806; x_wconf 90' lang='lat' dir='ltr'>monasterium</span> <span class='ocrx_word' id='word_1_51' title='bbox 663 770 701 804; x_wconf 86' lang='lat' dir='ltr'>de</span> <span class='ocrx_word' id='word_1_52' title='bbox 714 769 880 807; x_wconf 74' lang='lat' dir='ltr'>Causiaco,</span> <span class='ocrx_word' id='word_1_53' title='bbox 896 767 980 815; x_wconf 87' lang='lat' dir='ltr'>quod</span> 
     </span>
     <span class='ocr_line' id='line_1_12' title="bbox 231 823 980 872; baseline -0.008 -10"><span class='ocrx_word' id='word_1_54' title='bbox 231 827 268 862; x_wconf 89' lang='lat' dir='ltr'>ad</span> <span class='ocrx_word' id='word_1_55' title='bbox 292 826 325 862; x_wconf 91' lang='lat' dir='ltr'>S.</span> <span class='ocrx_word' id='word_1_56' title='bbox 353 826 523 861; x_wconf 83' lang='lat' dir='ltr'>Martinum</span> <span class='ocrx_word' id='word_1_57' title='bbox 547 825 586 860; x_wconf 90' lang='lat' dir='ltr'>de</span> <span class='ocrx_word' id='word_1_58' title='bbox 608 825 739 872; x_wconf 84' lang='lat' dir='ltr'>Campis</span> <span class='ocrx_word' id='word_1_59' title='bbox 766 823 980 858; x_wconf 67' lang='lat' dir='ltr'>canonicalem</span> 
     </span>
     <span class='ocr_line' id='line_1_13' title="bbox 231 876 983 927; baseline -0.005 -12"><span class='ocrx_word' id='word_1_60' title='bbox 231 881 271 916; x_wconf 86' lang='lat' dir='ltr'>de</span> <span class='ocrx_word' id='word_1_61' title='bbox 296 880 460 916; x_wconf 81' lang='lat' dir='ltr'>Ahbevitta</span> <span class='ocrx_word' id='word_1_62' title='bbox 484 880 633 927; x_wconf 87' lang='lat' dir='ltr'>pertinet:</span> <span class='ocrx_word' id='word_1_63' title='bbox 659 879 731 913; x_wconf 89' lang='lat' dir='ltr'>item</span> <span class='ocrx_word' id='word_1_64' title='bbox 756 878 919 912; x_wconf 67' lang='lat' dir='ltr'>ecclesiam</span> <span class='ocrx_word' id='word_1_65' title='bbox 944 876 983 911; x_wconf 90' lang='lat' dir='ltr'>de</span> 
     </span>
     <span class='ocr_line' id='line_1_14' title="bbox 232 930 982 982; baseline -0.005 -13"><span class='ocrx_word' id='word_1_66' title='bbox 232 934 313 978; x_wconf 80' lang='lat' dir='ltr'>Rua,</span> <span class='ocrx_word' id='word_1_67' title='bbox 340 946 420 982; x_wconf 86' lang='lat' dir='ltr'>quae</span> <span class='ocrx_word' id='word_1_68' title='bbox 442 934 479 969; x_wconf 88' lang='lat' dir='ltr'>ad</span> <span class='ocrx_word' id='word_1_69' title='bbox 503 934 726 968; x_wconf 70' lang='lat' dir='ltr'>monasterium</span> <span class='ocrx_word' id='word_1_70' title='bbox 755 932 793 966; x_wconf 88' lang='lat' dir='ltr'>de</span> <span class='ocrx_word' id='word_1_71' title='bbox 821 930 982 965; x_wconf 71' lang='lat' dir='ltr'>Ahbovitta</span> 
     </span>
     <span class='ocr_line' id='line_1_15' title="bbox 38 984 983 1044; baseline -0.007 -20"><span class='ocrx_word' id='word_1_72' title='bbox 38 989 221 1044; x_wconf 48' lang='grc' dir='ltr'>ηὓῑίηψᾶθζξίζ</span> <span class='ocrx_word' id='word_1_73' title='bbox 234 989 378 1036; x_wconf 88' lang='lat' dir='ltr'>pertinet.</span> <span class='ocrx_word' id='word_1_74' title='bbox 404 987 614 1023; x_wconf 74' lang='lat' dir='ltr'>prohibemus</span> <span class='ocrx_word' id='word_1_75' title='bbox 635 994 754 1028; x_wconf 69' lang='lat' dir='ltr'>autem,</span> <span class='ocrx_word' id='word_1_76' title='bbox 778 992 809 1019; x_wconf 87' lang='lat' dir='ltr'>ut</span> <span class='ocrx_word' id='word_1_77' title='bbox 832 984 910 1018; x_wconf 80' lang='lat' dir='ltr'>infra</span> <span class='ocrx_word' id='word_1_78' title='bbox 937 996 983 1030; x_wconf 85' lang='lat' dir='ltr'>pa·</span> 
     </span>
     <span class='ocr_line' id='line_1_16' title="bbox 51 1037 982 1088; baseline -0.009 -10"><span class='ocrx_word' id='word_1_79' title='bbox 51 1053 210 1088; x_wconf 58' lang='lat' dir='ltr'>eeqfinmona-</span> <span class='ocrx_word' id='word_1_80' title='bbox 235 1041 358 1077; x_wconf 87' lang='lat' dir='ltr'>rochias</span> <span class='ocrx_word' id='word_1_81' title='bbox 391 1041 428 1076; x_wconf 90' lang='lat' dir='ltr'>ad</span> <span class='ocrx_word' id='word_1_82' title='bbox 470 1042 518 1075; x_wconf 90' lang='lat' dir='ltr'>ius</span> <span class='ocrx_word' id='word_1_83' title='bbox 549 1039 768 1075; x_wconf 81' lang='lat' dir='ltr'>Cinniaccnsis</span> <span class='ocrx_word' id='word_1_84' title='bbox 802 1037 982 1072; x_wconf 68' lang='lat' dir='ltr'>monasterii</span> 
     </span>
     <span class='ocr_line' id='line_1_17' title="bbox 38 1085 985 1143; baseline -0.011 -8"><span class='ocrx_word' id='word_1_85' title='bbox 38 1086 105 1140; x_wconf 59' lang='lat'>2²53,</span> <span class='ocrx_word' id='word_1_86' title='bbox 123 1085 222 1134; x_wconf 50' lang='lat' dir='ltr'>iipeiamii]</span> <span class='ocrx_word' id='word_1_87' title='bbox 235 1096 440 1143; x_wconf 76' lang='lat' dir='ltr'>pertinentes,</span> <span class='ocrx_word' id='word_1_88' title='bbox 466 1095 585 1142; x_wconf 81' lang='lat' dir='ltr'>absque</span> <span class='ocrx_word' id='word_1_89' title='bbox 619 1093 838 1129; x_wconf 82' lang='lat' dir='ltr'>Cluuiaccnsis</span> <span class='ocrx_word' id='word_1_90' title='bbox 864 1091 985 1126; x_wconf 72' lang='lat' dir='ltr'>abbatis</span> 
     </span>
     <span class='ocr_line' id='line_1_18' title="bbox 53 1143 982 1203; baseline -0.005 -19"><span class='ocrx_word' id='word_1_91' title='bbox 53 1143 207 1203; x_wconf 47' lang='lat' dir='ltr'>c‘ssgffifi}</span> <span class='ocrx_word' id='word_1_92' title='bbox 233 1161 364 1184; x_wconf 86' lang='lat' dir='ltr'>assensu</span> <span class='ocrx_word' id='word_1_93' title='bbox 405 1148 509 1183; x_wconf 80' lang='lat' dir='ltr'>nulius</span> <span class='ocrx_word' id='word_1_94' title='bbox 542 1147 707 1183; x_wconf 77' lang='lat' dir='ltr'>ecclesiam</span> <span class='ocrx_word' id='word_1_95' title='bbox 745 1147 792 1181; x_wconf 74' lang='lat' dir='ltr'>vel</span> <span class='ocrx_word' id='word_1_96' title='bbox 829 1146 982 1193; x_wconf 78' lang='lat' dir='ltr'>capellani</span> 
     </span>
     <span class='ocr_line' id='line_1_19' title="bbox 40 1200 985 1258; baseline -0.005 -20"><span class='ocrx_word' id='word_1_97' title='bbox 40 1201 399 1258; x_wconf 47' lang='lat' dir='ltr'>‘iggmffbaflgffiff‘aedificare</span> <span class='ocrx_word' id='word_1_98' title='bbox 436 1210 632 1248; x_wconf 86' lang='lat' dir='ltr'>praesumat:</span> <span class='ocrx_word' id='word_1_99' title='bbox 667 1201 750 1236; x_wconf 78' lang='lat' dir='ltr'>saiva</span> <span class='ocrx_word' id='word_1_100' title='bbox 780 1201 810 1234; x_wconf 96' lang='lat' dir='ltr'>in</span> <span class='ocrx_word' id='word_1_101' title='bbox 834 1200 985 1234; x_wconf 86' lang='lat' dir='ltr'>omuibus</span> 
     </span>
     <span class='ocr_line' id='line_1_20' title="bbox 234 1254 986 1302; baseline -0.005 -12"><span class='ocrx_word' id='word_1_102' title='bbox 234 1255 433 1302; x_wconf 80' lang='lat' dir='ltr'>Apostolicae</span> <span class='ocrx_word' id='word_1_103' title='bbox 446 1255 541 1290; x_wconf 85' lang='lat' dir='ltr'>Sedis</span> <span class='ocrx_word' id='word_1_104' title='bbox 556 1255 750 1291; x_wconf 88' lang='lat' dir='ltr'>auctoritate.</span> <span class='ocrx_word' id='word_1_105' title='bbox 774 1254 986 1289; x_wconf 88' lang='lat' dir='ltr'>Decernimus</span> 
     </span>
     <span class='ocr_line' id='line_1_21' title="bbox 52 1307 985 1360; baseline -0.004 -15"><span class='ocrx_word' id='word_1_106' title='bbox 52 1323 163 1360; x_wconf 51' lang='lat' dir='ltr'>nonginta</span> <span class='ocrx_word' id='word_1_107' title='bbox 184 1323 222 1344; x_wconf 77' lang='lat' dir='ltr'>im-</span> <span class='ocrx_word' id='word_1_108' title='bbox 234 1321 322 1355; x_wconf 83' lang='lat' dir='ltr'>ergo,</span> <span class='ocrx_word' id='word_1_109' title='bbox 345 1318 378 1343; x_wconf 88' lang='lat' dir='ltr'>ut</span> <span class='ocrx_word' id='word_1_110' title='bbox 400 1309 477 1343; x_wconf 83' lang='lat' dir='ltr'>nulii</span> <span class='ocrx_word' id='word_1_111' title='bbox 512 1309 642 1343; x_wconf 90' lang='lat' dir='ltr'>omnino</span> <span class='ocrx_word' id='word_1_112' title='bbox 679 1307 844 1342; x_wconf 82' lang='lat' dir='ltr'>bominum</span> <span class='ocrx_word' id='word_1_113' title='bbox 885 1308 985 1344; x_wconf 82' lang='lat' dir='ltr'>liceat,</span> 
     </span>
     <span class='ocr_line' id='line_1_22' title="bbox 58 1357 987 1409; baseline -0.003 -11"><span class='ocrx_word' id='word_1_114' title='bbox 58 1357 166 1377; x_wconf 75' lang='grc'><em>“““““““</em></span> <span class='ocrx_word' id='word_1_115' title='bbox 189 1359 202 1374; x_wconf 72' lang='lat'>⁸</span> <span class='ocrx_word' id='word_1_116' title='bbox 235 1362 406 1409; x_wconf 74' lang='lat' dir='ltr'>praefatum</span> <span class='ocrx_word' id='word_1_117' title='bbox 436 1362 660 1397; x_wconf 83' lang='lat' dir='ltr'>monasterium</span> <span class='ocrx_word' id='word_1_118' title='bbox 700 1370 818 1396; x_wconf 89' lang='lat' dir='ltr'>temere</span> <span class='ocrx_word' id='word_1_119' title='bbox 855 1370 987 1408; x_wconf 82' lang='lat' dir='ltr'>pertur-</span> 
     </span>
    </p>
   </div>
   <div class='ocr_carea' id='block_1_3' title="bbox 40 1390 986 1463">
    <p class='ocr_par' dir='ltr' id='par_1_3' title="bbox 40 1390 986 1463">
     <span class='ocr_line' id='line_1_23' title="bbox 41 1390 222 1414; baseline -0.011 -6"><span class='ocrx_word' id='word_1_120' title='bbox 41 1390 222 1414; x_wconf 49' lang='lat' dir='ltr'>qwmquemo*</span> 
     </span>
     <span class='ocr_line' id='line_1_24' title="bbox 40 1413 986 1463; baseline -0.005 -10"><span class='ocrx_word' id='word_1_121' title='bbox 40 1416 116 1443; x_wconf 49' lang='lat'>¹⁶⁸³*</span> <span class='ocrx_word' id='word_1_122' title='bbox 139 1417 167 1442; x_wconf 59' lang='grc' dir='ltr'>’ὶ-</span> <span class='ocrx_word' id='word_1_123' title='bbox 191 1416 322 1461; x_wconf 66' lang='lat' dir='ltr'>“i·bare,</span> <span class='ocrx_word' id='word_1_124' title='bbox 355 1425 410 1452; x_wconf 89' lang='lat' dir='ltr'>aut</span> <span class='ocrx_word' id='word_1_125' title='bbox 435 1417 503 1451; x_wconf 90' lang='lat' dir='ltr'>eius</span> <span class='ocrx_word' id='word_1_126' title='bbox 530 1415 748 1463; x_wconf 88' lang='lat' dir='ltr'>possessiones</span> <span class='ocrx_word' id='word_1_127' title='bbox 782 1415 916 1458; x_wconf 77' lang='lat' dir='ltr'>auferre,</span> <span class='ocrx_word' id='word_1_128' title='bbox 939 1413 986 1448; x_wconf 81' lang='lat' dir='ltr'>vel</span> 
     </span>
    </p>
   </div>
   <div class='ocr_carea' id='block_1_4' title="bbox 40 1449 221 1474">
    <p class='ocr_par' dir='ltr' id='par_1_4' title="bbox 40 1449 221 1474">
     <span class='ocr_line' id='line_1_25' title="bbox 40 1449 221 1474; baseline -0.011 -4"><span class='ocrx_word' id='word_1_129' title='bbox 40 1449 163 1474; x_wconf 71' lang='lat' dir='ltr'>nmatione,</span> <span class='ocrx_word' id='word_1_130' title='bbox 179 1450 221 1469; x_wconf 78' lang='lat' dir='ltr'>ete.</span> 
     </span>
    </p>
   </div>
   <div class='ocr_carea' id='block_1_5' title="bbox 85 1266 172 1288">
    <p class='ocr_par' dir='ltr' id='par_1_5' title="bbox 85 1266 172 1288">
     <span class='ocr_line' id='line_1_26' title="bbox 85 1266 172 1288; baseline -0.023 0"><span class='ocrx_word' id='word_1_131' title='bbox 85 1266 172 1288; x_wconf 66' lang='lat' dir='ltr'>meae.</span> 
     </span>
    </p>
   </div>
   <div class='ocr_carea' id='block_1_6' title="bbox 234 1468 1009 1570">
    <p class='ocr_par' dir='ltr' id='par_1_6' title="bbox 234 1468 1009 1570">
     <span class='ocr_line' id='line_1_27' title="bbox 234 1468 1009 1516; baseline -0.004 -11"><span class='ocrx_word' id='word_1_132' title='bbox 234 1470 354 1506; x_wconf 82' lang='lat' dir='ltr'>ablatas</span> <span class='ocrx_word' id='word_1_133' title='bbox 381 1470 526 1510; x_wconf 84' lang='lat' dir='ltr'>retinere,</span> <span class='ocrx_word' id='word_1_134' title='bbox 562 1469 718 1508; x_wconf 81' lang='lat' dir='ltr'>minuere,</span> <span class='ocrx_word' id='word_1_135' title='bbox 753 1477 806 1503; x_wconf 92' lang='lat' dir='ltr'>aut</span> <span class='ocrx_word' id='word_1_136' title='bbox 829 1468 1009 1516; x_wconf 61' lang='lat' dir='ltr'>aliquibus&lt;</span> 
     </span>
     <span class='ocr_line' id='line_1_28' title="bbox 236 1523 1009 1570; baseline -0.001 -12"><span class='ocrx_word' id='word_1_137' title='bbox 236 1524 453 1560; x_wconf 81' lang='lat' dir='ltr'>vexationibus</span> <span class='ocrx_word' id='word_1_138' title='bbox 474 1524 620 1570; x_wconf 81' lang='lat' dir='ltr'>fatigare;</span> <span class='ocrx_word' id='word_1_139' title='bbox 643 1523 697 1558; x_wconf 89' lang='lat' dir='ltr'>sed</span> <span class='ocrx_word' id='word_1_140' title='bbox 726 1523 832 1558; x_wconf 85' lang='lat' dir='ltr'>onmia</span> <span class='ocrx_word' id='word_1_141' title='bbox 868 1525 988 1570; x_wconf 74' lang='lat' dir='ltr'>integra</span> <span class='ocrx_word' id='word_1_142' title='bbox 1008 1542 1009 1547; x_wconf 67' lang='lat'>=</span> 
     </span>
    </p>
   </div>
   <div class='ocr_carea' id='block_1_7' title="bbox 235 1579 996 2271">
    <p class='ocr_par' dir='ltr' id='par_1_7' title="bbox 235 1579 996 2271">
     <span class='ocr_line' id='line_1_29' title="bbox 235 1579 988 1624; baseline -0.003 -11"><span class='ocrx_word' id='word_1_143' title='bbox 235 1585 473 1622; x_wconf 79' lang='lat' dir='ltr'>conserventur,</span> <span class='ocrx_word' id='word_1_144' title='bbox 495 1589 619 1622; x_wconf 80' lang='lat' dir='ltr'>eorum,</span> <span class='ocrx_word' id='word_1_145' title='bbox 644 1589 699 1624; x_wconf 92' lang='lat' dir='ltr'>pro</span> <span class='ocrx_word' id='word_1_146' title='bbox 719 1589 854 1624; x_wconf 87' lang='lat' dir='ltr'>quorum</span> <span class='ocrx_word' id='word_1_147' title='bbox 871 1579 988 1624; x_wconf 81' lang='lat' dir='ltr'>guber-</span> 
     </span>
     <span class='ocr_line' id='line_1_30' title="bbox 236 1631 988 1673; baseline -0.001 -6"><span class='ocrx_word' id='word_1_148' title='bbox 236 1632 362 1667; x_wconf 76' lang='lat' dir='ltr'><strong>natione</strong></span> <span class='ocrx_word' id='word_1_149' title='bbox 383 1641 413 1667; x_wconf 91' lang='lat' dir='ltr'>et</span> <span class='ocrx_word' id='word_1_150' title='bbox 439 1631 692 1667; x_wconf 79' lang='lat' dir='ltr'>substentatione</span> <span class='ocrx_word' id='word_1_151' title='bbox 721 1643 870 1666; x_wconf 85' lang='lat' dir='ltr'>concessa</span> <span class='ocrx_word' id='word_1_152' title='bbox 903 1640 988 1673; x_wconf 81' lang='lat' dir='ltr'>sunt,</span> 
     </span>
     <span class='ocr_line' id='line_1_31' title="bbox 237 1685 990 1733; baseline -0.003 -11"><span class='ocrx_word' id='word_1_153' title='bbox 237 1686 347 1722; x_wconf 90' lang='lat' dir='ltr'>usibus</span> <span class='ocrx_word' id='word_1_154' title='bbox 365 1685 558 1721; x_wconf 82' lang='lat' dir='ltr'>omnimodis</span> <span class='ocrx_word' id='word_1_155' title='bbox 578 1686 749 1732; x_wconf 84' lang='lat' dir='ltr'>profutura.</span> <span class='ocrx_word' id='word_1_156' title='bbox 766 1685 798 1720; x_wconf 91' lang='lat' dir='ltr'>Si</span> <span class='ocrx_word' id='word_1_157' title='bbox 819 1698 881 1732; x_wconf 91' lang='lat' dir='ltr'>qua</span> <span class='ocrx_word' id='word_1_158' title='bbox 897 1686 990 1733; x_wconf 74' lang='lat' dir='ltr'>igitur</span> 
     </span>
     <span class='ocr_line' id='line_1_32' title="bbox 237 1739 990 1786; baseline -0.001 -11"><span class='ocrx_word' id='word_1_159' title='bbox 237 1741 269 1775; x_wconf 92' lang='lat' dir='ltr'>in</span> <span class='ocrx_word' id='word_1_160' title='bbox 291 1740 431 1776; x_wconf 87' lang='lat' dir='ltr'>futurum</span> <span class='ocrx_word' id='word_1_161' title='bbox 454 1739 662 1775; x_wconf 82' lang='lat' dir='ltr'>ecclesiastica</span> <span class='ocrx_word' id='word_1_162' title='bbox 679 1739 888 1774; x_wconf 70' lang='lat' dir='ltr'>saecularisve</span> <span class='ocrx_word' id='word_1_163' title='bbox 913 1752 990 1786; x_wconf 84' lang='lat' dir='ltr'>per-</span> 
     </span>
     <span class='ocr_line' id='line_1_33' title="bbox 237 1793 988 1840; baseline -0.003 -10"><span class='ocrx_word' id='word_1_164' title='bbox 237 1807 327 1835; x_wconf 87' lang='lat' dir='ltr'>sona,</span> <span class='ocrx_word' id='word_1_165' title='bbox 350 1794 430 1829; x_wconf 89' lang='lat' dir='ltr'>hanc</span> <span class='ocrx_word' id='word_1_166' title='bbox 448 1802 573 1829; x_wconf 85' lang='lat' dir='ltr'>nostrae</span> <span class='ocrx_word' id='word_1_167' title='bbox 595 1793 831 1828; x_wconf 71' lang='lat' dir='ltr'>constitutionis</span> <span class='ocrx_word' id='word_1_168' title='bbox 845 1794 988 1840; x_wconf 83' lang='lat' dir='ltr'>paginam</span> 
     </span>
     <span class='ocr_line' id='line_1_34' title="bbox 238 1847 993 1893; baseline -0.001 -10"><span class='ocrx_word' id='word_1_169' title='bbox 238 1848 355 1893; x_wconf 80' lang='lat' dir='ltr'>sciens,</span> <span class='ocrx_word' id='word_1_170' title='bbox 380 1857 489 1883; x_wconf 89' lang='lat' dir='ltr'>eontra</span> <span class='ocrx_word' id='word_1_171' title='bbox 513 1860 582 1882; x_wconf 89' lang='lat' dir='ltr'>eam</span> <span class='ocrx_word' id='word_1_172' title='bbox 610 1855 728 1882; x_wconf 85' lang='lat' dir='ltr'>temere</span> <span class='ocrx_word' id='word_1_173' title='bbox 757 1847 862 1881; x_wconf 86' lang='lat' dir='ltr'>venire</span> <span class='ocrx_word' id='word_1_174' title='bbox 890 1855 993 1882; x_wconf 83' lang='lat' dir='ltr'>tenta-</span> 
     </span>
     <span class='ocr_line' id='line_1_35' title="bbox 241 1901 990 1945; baseline 0 -9"><span class='ocrx_word' id='word_1_175' title='bbox 241 1902 330 1945; x_wconf 85' lang='lat' dir='ltr'>verit,</span> <span class='ocrx_word' id='word_1_176' title='bbox 350 1901 492 1936; x_wconf 88' lang='lat' dir='ltr'>secundo</span> <span class='ocrx_word' id='word_1_177' title='bbox 514 1902 642 1936; x_wconf 85' lang='lat' dir='ltr'>tertiove</span> <span class='ocrx_word' id='word_1_178' title='bbox 663 1902 866 1941; x_wconf 75' lang='lat' dir='ltr'>commonita,</span> <span class='ocrx_word' id='word_1_179' title='bbox 885 1903 910 1936; x_wconf 93' lang='lat' dir='ltr'>si</span> <span class='ocrx_word' id='word_1_180' title='bbox 929 1914 990 1937; x_wconf 89' lang='lat' dir='ltr'>non</span> 
     </span>
     <span class='ocr_line' id='line_1_36' title="bbox 240 1955 994 2003; baseline 0 -13"><span class='ocrx_word' id='word_1_181' title='bbox 240 1955 454 1990; x_wconf 68' lang='lat' dir='ltr'>satisfactione</span> <span class='ocrx_word' id='word_1_182' title='bbox 476 1967 616 2001; x_wconf 81' lang='lat' dir='ltr'>congrua</span> <span class='ocrx_word' id='word_1_183' title='bbox 641 1955 866 1996; x_wconf 75' lang='lat' dir='ltr'>emendaverit,</span> <span class='ocrx_word' id='word_1_184' title='bbox 902 1964 994 2003; x_wconf 90' lang='lat' dir='ltr'>pote-</span> 
     </span>
     <span class='ocr_line' id='line_1_37' title="bbox 241 2009 993 2056; baseline -0.001 -11"><span class='ocrx_word' id='word_1_185' title='bbox 241 2010 328 2045; x_wconf 79' lang='lat' dir='ltr'>statis</span> <span class='ocrx_word' id='word_1_186' title='bbox 364 2009 556 2056; x_wconf 78' lang='lat' dir='ltr'>honorisque</span> <span class='ocrx_word' id='word_1_187' title='bbox 595 2009 644 2043; x_wconf 92' lang='lat' dir='ltr'>sui</span> <span class='ocrx_word' id='word_1_188' title='bbox 684 2009 835 2055; x_wconf 78' lang='lat' dir='ltr'>dignitate</span> <span class='ocrx_word' id='word_1_189' title='bbox 869 2018 993 2049; x_wconf 83' lang='lat' dir='ltr'>careat,</span> 
     </span>
     <span class='ocr_line' id='line_1_38' title="bbox 243 2063 993 2110; baseline -0.001 -11"><span class='ocrx_word' id='word_1_190' title='bbox 243 2075 392 2110; x_wconf 86' lang='lat' dir='ltr'>reamque</span> <span class='ocrx_word' id='word_1_191' title='bbox 427 2075 461 2098; x_wconf 89' lang='lat' dir='ltr'>se</span> <span class='ocrx_word' id='word_1_192' title='bbox 488 2063 598 2098; x_wconf 90' lang='lat' dir='ltr'>divino</span> <span class='ocrx_word' id='word_1_193' title='bbox 632 2063 749 2098; x_wconf 90' lang='lat' dir='ltr'>iudicio</span> <span class='ocrx_word' id='word_1_194' title='bbox 784 2064 918 2098; x_wconf 78' lang='lat' dir='ltr'>existere</span> <span class='ocrx_word' id='word_1_195' title='bbox 955 2064 993 2098; x_wconf 85' lang='lat' dir='ltr'>de</span> 
     </span>
     <span class='ocr_line' id='line_1_39' title="bbox 242 2117 996 2166; baseline 0 -14"><span class='ocrx_word' id='word_1_196' title='bbox 242 2123 418 2166; x_wconf 86' lang='lat' dir='ltr'>perpetrata</span> <span class='ocrx_word' id='word_1_197' title='bbox 442 2117 607 2163; x_wconf 86' lang='lat' dir='ltr'>iniquitate</span> <span class='ocrx_word' id='word_1_198' title='bbox 631 2126 812 2163; x_wconf 77' lang='lat' dir='ltr'>cognoscat,</span> <span class='ocrx_word' id='word_1_199' title='bbox 841 2125 870 2151; x_wconf 87' lang='lat' dir='ltr'>et</span> <span class='ocrx_word' id='word_1_200' title='bbox 897 2129 912 2152; x_wconf 90' lang='lat' dir='ltr'>a</span> <span class='ocrx_word' id='word_1_201' title='bbox 943 2130 996 2152; x_wconf 87' lang='lat' dir='ltr'>sa-</span> 
     </span>
     <span class='ocr_line' id='line_1_40' title="bbox 243 2169 994 2217; baseline -0.003 -11"><span class='ocrx_word' id='word_1_202' title='bbox 243 2170 420 2206; x_wconf 87' lang='lat' dir='ltr'>cratissimo</span> <span class='ocrx_word' id='word_1_203' title='bbox 441 2169 582 2217; x_wconf 87' lang='lat' dir='ltr'>Corpore</span> <span class='ocrx_word' id='word_1_204' title='bbox 615 2182 650 2205; x_wconf 82' lang='lat' dir='ltr'>ac</span> <span class='ocrx_word' id='word_1_205' title='bbox 676 2169 841 2216; x_wconf 85' lang='lat' dir='ltr'>Sanguine</span> <span class='ocrx_word' id='word_1_206' title='bbox 868 2170 994 2205; x_wconf 85' lang='lat' dir='ltr'>Domini</span> 
     </span>
     <span class='ocr_line' id='line_1_41' title="bbox 245 2222 995 2271; baseline -0.001 -12"><span class='ocrx_word' id='word_1_207' title='bbox 245 2224 342 2259; x_wconf 83' lang='lat' dir='ltr'>nostri</span> <span class='ocrx_word' id='word_1_208' title='bbox 370 2223 440 2258; x_wconf 89' lang='lat' dir='ltr'>Iesu</span> <span class='ocrx_word' id='word_1_209' title='bbox 467 2222 584 2258; x_wconf 82' lang='lat' dir='ltr'>Christi</span> <span class='ocrx_word' id='word_1_210' title='bbox 619 2223 722 2258; x_wconf 83' lang='lat' dir='ltr'>aliena</span> <span class='ocrx_word' id='word_1_211' title='bbox 750 2223 813 2264; x_wconf 73' lang='lat' dir='ltr'>siat,</span> <span class='ocrx_word' id='word_1_212' title='bbox 836 2232 930 2271; x_wconf 88' lang='lat' dir='ltr'>atque</span> <span class='ocrx_word' id='word_1_213' title='bbox 965 2224 995 2258; x_wconf 92' lang='lat' dir='ltr'>in</span> 
     </span>
    </p>
   </div>
   <div class='ocr_carea' id='block_1_8' title="bbox 51 1693 216 1809">
    <p class='ocr_par' dir='ltr' id='par_1_8' title="bbox 51 1693 216 1809">
     <span class='ocr_line' id='line_1_42' title="bbox 63 1693 197 1716; baseline -0.015 0"><span class='ocrx_word' id='word_1_214' title='bbox 63 1693 197 1716; x_wconf 64' lang='lat' dir='ltr'>confirmatio</span> 
     </span>
     <span class='ocr_line' id='line_1_43' title="bbox 51 1724 216 1752; baseline -0.006 -6"><span class='ocrx_word' id='word_1_215' title='bbox 51 1725 138 1752; x_wconf 66' lang='lat' dir='ltr'>&#39;anginae</span> <span class='ocrx_word' id='word_1_216' title='bbox 155 1724 216 1746; x_wconf 75' lang='lat' dir='ltr'>huius</span> 
     </span>
     <span class='ocr_line' id='line_1_44' title="bbox 69 1755 203 1777; baseline -0.007 0"><span class='ocrx_word' id='word_1_217' title='bbox 69 1762 115 1777; x_wconf 79' lang='lat' dir='ltr'>cum</span> <span class='ocrx_word' id='word_1_218' title='bbox 133 1755 203 1777; x_wconf 77' lang='lat' dir='ltr'>solitis</span> 
     </span>
     <span class='ocr_line' id='line_1_45' title="bbox 80 1785 188 1809; baseline -0.028 0"><span class='ocrx_word' id='word_1_219' title='bbox 80 1785 188 1809; x_wconf 67' lang='lat' dir='ltr'>tunnulis.</span> 
     </span>
    </p>
   </div>
   <div class='ocr_carea' id='block_1_9' title="bbox 245 2275 1019 2314">
    <p class='ocr_par' dir='ltr' id='par_1_9' title="bbox 245 2275 1019 2314">
     <span class='ocr_line' id='line_1_46' title="bbox 245 2275 1019 2314; baseline -0.001 -1"><span class='ocrx_word' id='word_1_220' title='bbox 245 2285 386 2314; x_wconf 82' lang='lat' dir='ltr'>extremo</span> <span class='ocrx_word' id='word_1_221' title='bbox 408 2277 552 2312; x_wconf 83' lang='lat' dir='ltr'>examine</span> <span class='ocrx_word' id='word_1_222' title='bbox 575 2277 736 2312; x_wconf 89' lang='lat' dir='ltr'>districtae</span> <span class='ocrx_word' id='word_1_223' title='bbox 756 2277 867 2313; x_wconf 86' lang='lat' dir='ltr'>ultioni</span> <span class='ocrx_word' id='word_1_224' title='bbox 890 2278 997 2312; x_wconf 84' lang='lat' dir='ltr'>subia-</span> <span class='ocrx_word' id='word_1_225' title='bbox 1017 2275 1019 2303; x_wconf 59' lang='grc' dir='ltr'><strong>ἴ</strong></span> 
     </span>
    </p>
   </div>
   <div class='ocr_carea' id='block_1_10' title="bbox 246 2330 998 2433">
    <p class='ocr_par' dir='ltr' id='par_1_10' title="bbox 246 2330 998 2433">
     <span class='ocr_line' id='line_1_47' title="bbox 246 2330 997 2373; baseline -0.001 -6"><span class='ocrx_word' id='word_1_226' title='bbox 246 2340 332 2373; x_wconf 79' lang='lat' dir='ltr'>ceat3</span> <span class='ocrx_word' id='word_1_227' title='bbox 358 2332 480 2366; x_wconf 90' lang='lat' dir='ltr'>cunctis</span> <span class='ocrx_word' id='word_1_228' title='bbox 502 2339 605 2366; x_wconf 79' lang='lat' dir='ltr'>autern</span> <span class='ocrx_word' id='word_1_229' title='bbox 633 2330 738 2366; x_wconf 88' lang='lat' dir='ltr'>eidem</span> <span class='ocrx_word' id='word_1_230' title='bbox 762 2332 831 2366; x_wconf 89' lang='lat' dir='ltr'>loco</span> <span class='ocrx_word' id='word_1_231' title='bbox 857 2343 913 2366; x_wconf 87' lang='lat' dir='ltr'>sua</span> <span class='ocrx_word' id='word_1_232' title='bbox 931 2332 997 2366; x_wconf 83' lang='lat' dir='ltr'>iura</span> 
     </span>
     <span class='ocr_line' id='line_1_48' title="bbox 247 2385 998 2433; baseline -0.001 -13"><span class='ocrx_word' id='word_1_233' title='bbox 247 2385 444 2422; x_wconf 83' lang='lat' dir='ltr'>servantibus</span> <span class='ocrx_word' id='word_1_234' title='bbox 473 2385 513 2420; x_wconf 93' lang='lat' dir='ltr'>sit</span> <span class='ocrx_word' id='word_1_235' title='bbox 543 2398 600 2433; x_wconf 78' lang='lat' dir='ltr'>pax</span> <span class='ocrx_word' id='word_1_236' title='bbox 632 2385 760 2419; x_wconf 92' lang='lat' dir='ltr'>Domini</span> <span class='ocrx_word' id='word_1_237' title='bbox 798 2386 894 2420; x_wconf 86' lang='lat' dir='ltr'>nostri</span> <span class='ocrx_word' id='word_1_238' title='bbox 928 2385 998 2419; x_wconf 88' lang='lat' dir='ltr'>Iesu</span> 
     </span>
    </p>
   </div>
   <div class='ocr_carea' id='block_1_11' title="bbox 1003 1153 1007 1205">
    <p class='ocr_par' dir='ltr' id='par_1_11' title="bbox 1003 1153 1007 1205">
     <span class='ocr_line' id='line_1_49' title="bbox 1003 1153 1007 1205; baseline 0 0"><span class='ocrx_word' id='word_1_239' title='bbox 1003 1153 1007 1205; x_wconf 74' lang='grc'><strong>1</strong></span> 
     </span>
    </p>
   </div>
   <div class='ocr_carea' id='block_1_12' title="bbox 1004 918 1020 2372">
    <p class='ocr_par' dir='ltr' id='par_1_12' title="bbox 1004 918 1020 2372">
     <span class='ocr_line' id='line_1_50' title="bbox 1004 918 1020 2372; baseline 0 0"><span class='ocrx_word' id='word_1_240' title='bbox 1004 918 1020 2372; x_wconf 95' lang='lat' dir='ltr'> </span> 
     </span>
    </p>
   </div>
   <div class='ocr_carea' id='block_1_13' title="bbox 1653 210 1715 242">
    <p class='ocr_par' dir='ltr' id='par_1_13' title="bbox 1653 210 1715 242">
     <span class='ocr_line' id='line_1_51' title="bbox 1653 210 1715 242; baseline -0.016 0"><span class='ocrx_word' id='word_1_241' title='bbox 1653 210 1715 242; x_wconf 64' lang='grc'>301</span> 
     </span>
    </p>
   </div>
   <div class='ocr_carea' id='block_1_14' title="bbox 1021 275 1934 387">
    <p class='ocr_par' dir='ltr' id='par_1_14' title="bbox 1021 275 1934 387">
     <span class='ocr_line' id='line_1_52' title="bbox 1072 275 1934 323; baseline -0.008 -8"><span class='ocrx_word' id='word_1_242' title='bbox 1072 281 1142 315; x_wconf 65' lang='lat' dir='ltr'>Euo</span> <span class='ocrx_word' id='word_1_243' title='bbox 1172 280 1288 315; x_wconf 73' lang='lat' dir='ltr'>mes</span> <span class='ocrx_word' id='word_1_244' title='bbox 1320 278 1490 315; x_wconf 76' lang='lat' dir='ltr'>catholicae</span> <span class='ocrx_word' id='word_1_245' title='bbox 1520 276 1678 313; x_wconf 71' lang='lat' dir='ltr'>Ecclesiae</span> <span class='ocrx_word' id='word_1_246' title='bbox 1706 275 1775 323; x_wconf 88' lang='lat' dir='ltr'>epi·</span> <span class='ocrx_word' id='word_1_247' title='bbox 1824 281 1934 303; x_wconf 50' lang='lat' dir='ltr'>tua-211³?-</span> 
     </span>
     <span class='ocr_line' id='line_1_53' title="bbox 1021 348 1198 387; baseline -0.028 -13"><span class='ocrx_word' id='word_1_248' title='bbox 1021 351 1138 387; x_wconf 86' lang='lat' dir='ltr'>scopus</span> <span class='ocrx_word' id='word_1_249' title='bbox 1156 348 1198 371; x_wconf 89' lang='lat' dir='ltr'>ss.</span> 
     </span>
    </p>
   </div>
   <div class='ocr_carea' id='block_1_15' title="bbox 1019 216 1969 249">
    <p class='ocr_par' dir='ltr' id='par_1_15' title="bbox 1019 216 1969 249">
     <span class='ocr_line' id='line_1_54' title="bbox 1019 216 1969 249; baseline -0.007 0"><span class='ocrx_word' id='word_1_250' title='bbox 1019 227 1040 249; x_wconf 84' lang='grc'>11</span> <span class='ocrx_word' id='word_1_251' title='bbox 1072 227 1117 249; x_wconf 76' lang='grc' dir='ltr'>ΙΨ.</span> <span class='ocrx_word' id='word_1_252' title='bbox 1793 218 1840 244; x_wconf 65' lang='lat' dir='ltr'>An.</span> <span class='ocrx_word' id='word_1_253' title='bbox 1859 216 1888 242; x_wconf 83' lang='lat' dir='ltr'>C.</span> <span class='ocrx_word' id='word_1_254' title='bbox 1906 218 1969 243; x_wconf 78' lang='grc' dir='ltr'>11ἰί</span> 
     </span>
    </p>
   </div>
   <div class='ocr_carea' id='block_1_16' title="bbox 1352 424 1750 823">
    <p class='ocr_par' dir='ltr' id='par_1_16' title="bbox 1352 424 1750 823">
     <span class='ocr_line' id='line_1_55' title="bbox 1352 424 1750 823; baseline 0 2382"><span class='ocrx_word' id='word_1_255' title='bbox 1352 424 1750 823; x_wconf 95' lang='lat' dir='ltr'> </span> 
     </span>
    </p>
   </div>
   <div class='ocr_carea' id='block_1_17' title="bbox 1024 859 1971 2421">
    <p class='ocr_par' dir='ltr' id='par_1_17' title="bbox 1024 859 1971 2421">
     <span class='ocr_line' id='line_1_56' title="bbox 1072 859 1971 913; baseline -0.016 -11"><span class='ocrx_word' id='word_1_256' title='bbox 1072 867 1140 913; x_wconf 83' lang='lat' dir='ltr'>Ego</span> <span class='ocrx_word' id='word_1_257' title='bbox 1154 863 1387 900; x_wconf 76' lang='lat' dir='ltr'>Theodewinus</span> <span class='ocrx_word' id='word_1_258' title='bbox 1402 862 1436 897; x_wconf 87' lang='lat' dir='ltr'>S.</span> <span class='ocrx_word' id='word_1_259' title='bbox 1457 860 1589 896; x_wconf 73' lang='lat' dir='ltr'>Rufinae</span> <span class='ocrx_word' id='word_1_260' title='bbox 1610 859 1708 907; x_wconf 82' lang='lat' dir='ltr'>episc.</span> <span class='ocrx_word' id='word_1_261' title='bbox 1730 870 1772 892; x_wconf 79' lang='lat' dir='ltr'>ss.</span> <span class='ocrx_word' id='word_1_262' title='bbox 1790 883 1810 901; x_wconf 51' lang='grc' dir='ltr'>θ,</span> <span class='ocrx_word' id='word_1_263' title='bbox 1825 880 1846 901; x_wconf 36' lang='grc' dir='ltr'>ς,</span> <span class='ocrx_word' id='word_1_264' title='bbox 1862 880 1884 900; x_wconf 26' lang='lat'>„4</span> <span class='ocrx_word' id='word_1_265' title='bbox 1900 879 1971 900; x_wconf 43' lang='lat' dir='ltr'>vm,</span> 
     </span>
     <span class='ocr_line' id='line_1_57' title="bbox 1073 912 1962 967; baseline -0.012 -13"><span class='ocrx_word' id='word_1_266' title='bbox 1073 920 1139 967; x_wconf 75' lang='lat' dir='ltr'>Ego</span> <span class='ocrx_word' id='word_1_267' title='bbox 1166 918 1335 954; x_wconf 86' lang='lat' dir='ltr'>Rainerius</span> <span class='ocrx_word' id='word_1_268' title='bbox 1365 916 1468 964; x_wconf 86' lang='lat' dir='ltr'>presb.</span> <span class='ocrx_word' id='word_1_269' title='bbox 1497 915 1581 950; x_wconf 89' lang='lat' dir='ltr'>eard.</span> <span class='ocrx_word' id='word_1_270' title='bbox 1617 914 1663 948; x_wconf 87' lang='lat' dir='ltr'>tit.</span> <span class='ocrx_word' id='word_1_271' title='bbox 1690 912 1773 947; x_wconf 83' lang='lat' dir='ltr'>San·</span> <span class='ocrx_word' id='word_1_272' title='bbox 1802 912 1962 963; x_wconf 52' lang='lat' dir='ltr'>ssffisgjss&#39;ssssssj</span> 
     </span>
     <span class='ocr_line' id='line_1_58' title="bbox 1024 974 1920 1010; baseline -0.02 0"><span class='ocrx_word' id='word_1_273' title='bbox 1024 984 1091 1010; x_wconf 73' lang='grc'>0138</span> <span class='ocrx_word' id='word_1_274' title='bbox 1116 974 1243 1009; x_wconf 67' lang='lat' dir='ltr'>priSt&#39;aC</span> <span class='ocrx_word' id='word_1_275' title='bbox 1270 984 1311 1006; x_wconf 86' lang='lat' dir='ltr'>SS.</span> <span class='ocrx_word' id='word_1_276' title='bbox 1829 974 1920 1000; x_wconf 72' lang='lat' dir='ltr'>prienes.</span> 
     </span>
     <span class='ocr_line' id='line_1_59' title="bbox 1073 1018 1777 1073; baseline -0.016 -10"><span class='ocrx_word' id='word_1_277' title='bbox 1073 1028 1142 1073; x_wconf 78' lang='lat' dir='ltr'>Ego</span> <span class='ocrx_word' id='word_1_278' title='bbox 1169 1026 1307 1061; x_wconf 81' lang='lat' dir='ltr'>Thomas</span> <span class='ocrx_word' id='word_1_279' title='bbox 1335 1022 1496 1071; x_wconf 73' lang='lat' dir='ltr'>presbyter</span> <span class='ocrx_word' id='word_1_280' title='bbox 1518 1020 1603 1056; x_wconf 87' lang='lat' dir='ltr'>card.</span> <span class='ocrx_word' id='word_1_281' title='bbox 1636 1020 1680 1054; x_wconf 92' lang='lat' dir='ltr'>tit.</span> <span class='ocrx_word' id='word_1_282' title='bbox 1712 1018 1777 1053; x_wconf 79' lang='lat' dir='ltr'>Ve-</span> 
     </span>
     <span class='ocr_line' id='line_1_60' title="bbox 1025 1083 1188 1117; baseline -0.018 0"><span class='ocrx_word' id='word_1_283' title='bbox 1025 1083 1124 1117; x_wconf 82' lang='lat' dir='ltr'>stinac</span> <span class='ocrx_word' id='word_1_284' title='bbox 1146 1094 1188 1115; x_wconf 86' lang='lat' dir='ltr'>ss.</span> 
     </span>
     <span class='ocr_line' id='line_1_61' title="bbox 1074 1128 1773 1182; baseline -0.014 -12"><span class='ocrx_word' id='word_1_285' title='bbox 1074 1136 1141 1182; x_wconf 78' lang='lat' dir='ltr'>Ego</span> <span class='ocrx_word' id='word_1_286' title='bbox 1162 1134 1355 1169; x_wconf 80' lang='lat' dir='ltr'>Giiiebertus</span> <span class='ocrx_word' id='word_1_287' title='bbox 1377 1132 1424 1166; x_wconf 91' lang='lat' dir='ltr'>tit.</span> <span class='ocrx_word' id='word_1_288' title='bbox 1451 1130 1584 1165; x_wconf 84' lang='lat' dir='ltr'>Sanctae</span> <span class='ocrx_word' id='word_1_289' title='bbox 1601 1128 1715 1163; x_wconf 82' lang='lat' dir='ltr'>Mariae</span> <span class='ocrx_word' id='word_1_290' title='bbox 1732 1140 1773 1161; x_wconf 87' lang='lat' dir='ltr'>ss.</span> 
     </span>
     <span class='ocr_line' id='line_1_62' title="bbox 1076 1182 1696 1235; baseline -0.016 -11"><span class='ocrx_word' id='word_1_291' title='bbox 1076 1190 1143 1235; x_wconf 70' lang='lat' dir='ltr'>Ego</span> <span class='ocrx_word' id='word_1_292' title='bbox 1166 1188 1287 1223; x_wconf 76' lang='lat' dir='ltr'>linai-us</span> <span class='ocrx_word' id='word_1_293' title='bbox 1309 1185 1509 1221; x_wconf 88' lang='lat' dir='ltr'>Tusculanus</span> <span class='ocrx_word' id='word_1_294' title='bbox 1530 1182 1627 1230; x_wconf 85' lang='lat' dir='ltr'>episc.</span> <span class='ocrx_word' id='word_1_295' title='bbox 1655 1194 1696 1215; x_wconf 83' lang='lat' dir='ltr'>ss.</span> 
     </span>
     <span class='ocr_line' id='line_1_63' title="bbox 1075 1237 1687 1289; baseline -0.015 -11"><span class='ocrx_word' id='word_1_296' title='bbox 1075 1244 1143 1289; x_wconf 71' lang='lat' dir='ltr'>Ego</span> <span class='ocrx_word' id='word_1_297' title='bbox 1172 1242 1283 1276; x_wconf 67' lang='lat' dir='ltr'>Petrus</span> <span class='ocrx_word' id='word_1_298' title='bbox 1306 1239 1496 1274; x_wconf 65' lang='lat' dir='ltr'>Albanensis</span> <span class='ocrx_word' id='word_1_299' title='bbox 1521 1237 1620 1283; x_wconf 88' lang='lat' dir='ltr'>episc.</span> <span class='ocrx_word' id='word_1_300' title='bbox 1645 1247 1687 1269; x_wconf 93' lang='grc'>55.</span> 
     </span>
     <span class='ocr_line' id='line_1_64' title="bbox 1077 1287 1778 1343; baseline -0.014 -12"><span class='ocrx_word' id='word_1_301' title='bbox 1077 1298 1141 1343; x_wconf 59' lang='lat' dir='ltr'>ligo</span> <span class='ocrx_word' id='word_1_302' title='bbox 1157 1296 1323 1330; x_wconf 72' lang='lat' dir='ltr'>Rainerius</span> <span class='ocrx_word' id='word_1_303' title='bbox 1344 1292 1446 1340; x_wconf 83' lang='lat' dir='ltr'>presb.</span> <span class='ocrx_word' id='word_1_304' title='bbox 1469 1290 1553 1324; x_wconf 85' lang='lat' dir='ltr'>card.</span> <span class='ocrx_word' id='word_1_305' title='bbox 1573 1288 1679 1324; x_wconf 85' lang='lat' dir='ltr'>Sancti</span> <span class='ocrx_word' id='word_1_306' title='bbox 1708 1287 1778 1322; x_wconf 84' lang='lat' dir='ltr'>Ste-</span> 
     </span>
     <span class='ocr_line' id='line_1_65' title="bbox 1029 1349 1512 1399; baseline -0.017 -13"><span class='ocrx_word' id='word_1_307' title='bbox 1029 1352 1122 1399; x_wconf 80' lang='lat' dir='ltr'>phani</span> <span class='ocrx_word' id='word_1_308' title='bbox 1152 1351 1180 1384; x_wconf 87' lang='lat' dir='ltr'>iu</span> <span class='ocrx_word' id='word_1_309' title='bbox 1205 1349 1314 1384; x_wconf 77' lang='lat' dir='ltr'>Coelio</span> <span class='ocrx_word' id='word_1_310' title='bbox 1338 1354 1444 1382; x_wconf 87' lang='lat' dir='ltr'>moute</span> <span class='ocrx_word' id='word_1_311' title='bbox 1470 1357 1512 1380; x_wconf 82' lang='lat' dir='ltr'>ss.</span> 
     </span>
     <span class='ocr_line' id='line_1_66' title="bbox 1076 1397 1779 1452; baseline -0.014 -12"><span class='ocrx_word' id='word_1_312' title='bbox 1076 1406 1146 1452; x_wconf 84' lang='lat' dir='ltr'>Ego</span> <span class='ocrx_word' id='word_1_313' title='bbox 1176 1403 1358 1439; x_wconf 56' lang='lat' dir='ltr'>§lantredus</span> <span class='ocrx_word' id='word_1_314' title='bbox 1385 1399 1489 1449; x_wconf 85' lang='lat' dir='ltr'>presb.</span> <span class='ocrx_word' id='word_1_315' title='bbox 1524 1397 1607 1434; x_wconf 90' lang='lat' dir='ltr'>card.</span> <span class='ocrx_word' id='word_1_316' title='bbox 1644 1397 1779 1432; x_wconf 84' lang='lat' dir='ltr'>Sanctae</span> 
     </span>
     <span class='ocr_line' id='line_1_67' title="bbox 1029 1459 1230 1494; baseline -0.02 0"><span class='ocrx_word' id='word_1_317' title='bbox 1029 1459 1165 1494; x_wconf 84' lang='lat' dir='ltr'>Sabinae</span> <span class='ocrx_word' id='word_1_318' title='bbox 1187 1470 1230 1492; x_wconf 86' lang='lat' dir='ltr'>ss.</span> 
     </span>
     <span class='ocr_line' id='line_1_68' title="bbox 1077 1505 1779 1559; baseline -0.014 -11"><span class='ocrx_word' id='word_1_319' title='bbox 1077 1514 1145 1559; x_wconf 79' lang='lat' dir='ltr'>Ego</span> <span class='ocrx_word' id='word_1_320' title='bbox 1173 1512 1322 1546; x_wconf 78' lang='lat' dir='ltr'>Aibertus</span> <span class='ocrx_word' id='word_1_321' title='bbox 1350 1508 1454 1557; x_wconf 85' lang='lat' dir='ltr'>presb.</span> <span class='ocrx_word' id='word_1_322' title='bbox 1472 1507 1557 1542; x_wconf 63' lang='lat' dir='ltr'>card.</span> <span class='ocrx_word' id='word_1_323' title='bbox 1576 1507 1620 1540; x_wconf 91' lang='lat' dir='ltr'>tit.</span> <span class='ocrx_word' id='word_1_324' title='bbox 1645 1505 1779 1540; x_wconf 86' lang='lat' dir='ltr'>Sanctae</span> 
     </span>
     <span class='ocr_line' id='line_1_69' title="bbox 1030 1566 1275 1602; baseline -0.012 -1"><span class='ocrx_word' id='word_1_325' title='bbox 1030 1566 1212 1602; x_wconf 73' lang='lat' dir='ltr'>Anastasiae</span> <span class='ocrx_word' id='word_1_326' title='bbox 1234 1578 1275 1599; x_wconf 83' lang='lat' dir='ltr'>ss.</span> 
     </span>
     <span class='ocr_line' id='line_1_70' title="bbox 1078 1617 1780 1672; baseline -0.011 -12"><span class='ocrx_word' id='word_1_327' title='bbox 1078 1626 1146 1672; x_wconf 74' lang='lat' dir='ltr'>Ego</span> <span class='ocrx_word' id='word_1_328' title='bbox 1162 1624 1255 1670; x_wconf 73' lang='lat' dir='ltr'>Hugo</span> <span class='ocrx_word' id='word_1_329' title='bbox 1279 1623 1382 1671; x_wconf 88' lang='lat' dir='ltr'>presb.</span> <span class='ocrx_word' id='word_1_330' title='bbox 1400 1621 1484 1657; x_wconf 89' lang='lat' dir='ltr'>card.</span> <span class='ocrx_word' id='word_1_331' title='bbox 1505 1621 1549 1655; x_wconf 89' lang='lat' dir='ltr'>tit.</span> <span class='ocrx_word' id='word_1_332' title='bbox 1571 1618 1680 1654; x_wconf 84' lang='lat' dir='ltr'>Sancti</span> <span class='ocrx_word' id='word_1_333' title='bbox 1695 1617 1780 1652; x_wconf 86' lang='lat' dir='ltr'>Lau-</span> 
     </span>
     <span class='ocr_line' id='line_1_71' title="bbox 1031 1683 1396 1719; baseline -0.014 0"><span class='ocrx_word' id='word_1_334' title='bbox 1031 1685 1122 1719; x_wconf 85' lang='lat' dir='ltr'>rentii</span> <span class='ocrx_word' id='word_1_335' title='bbox 1148 1685 1177 1718; x_wconf 94' lang='lat' dir='ltr'>in</span> <span class='ocrx_word' id='word_1_336' title='bbox 1207 1683 1326 1717; x_wconf 88' lang='lat' dir='ltr'>Lucina</span> <span class='ocrx_word' id='word_1_337' title='bbox 1354 1693 1396 1715; x_wconf 88' lang='lat' dir='ltr'>ss.</span> 
     </span>
     <span class='ocr_line' id='line_1_72' title="bbox 1081 1736 1646 1790; baseline -0.016 -12"><span class='ocrx_word' id='word_1_338' title='bbox 1081 1744 1147 1790; x_wconf 79' lang='lat' dir='ltr'>Ego</span> <span class='ocrx_word' id='word_1_339' title='bbox 1173 1742 1366 1777; x_wconf 87' lang='lat' dir='ltr'>Octavianus</span> <span class='ocrx_word' id='word_1_340' title='bbox 1393 1738 1472 1773; x_wconf 88' lang='lat' dir='ltr'>diac.</span> <span class='ocrx_word' id='word_1_341' title='bbox 1496 1736 1581 1771; x_wconf 87' lang='lat' dir='ltr'>card.</span> <span class='ocrx_word' id='word_1_342' title='bbox 1604 1748 1646 1770; x_wconf 87' lang='lat' dir='ltr'>ss.</span> 
     </span>
     <span class='ocr_line' id='line_1_73' title="bbox 1080 1794 1783 1848; baseline -0.013 -12"><span class='ocrx_word' id='word_1_343' title='bbox 1080 1802 1149 1848; x_wconf 77' lang='lat' dir='ltr'>Ego</span> <span class='ocrx_word' id='word_1_344' title='bbox 1176 1798 1282 1834; x_wconf 89' lang='lat' dir='ltr'>Guido</span> <span class='ocrx_word' id='word_1_345' title='bbox 1299 1798 1329 1832; x_wconf 92' lang='lat' dir='ltr'>in</span> <span class='ocrx_word' id='word_1_346' title='bbox 1353 1797 1496 1832; x_wconf 87' lang='lat' dir='ltr'>Romana</span> <span class='ocrx_word' id='word_1_347' title='bbox 1520 1794 1660 1829; x_wconf 84' lang='lat' dir='ltr'>Ecclesia</span> <span class='ocrx_word' id='word_1_348' title='bbox 1677 1794 1783 1828; x_wconf 83' lang='lat' dir='ltr'>altaris</span> 
     </span>
     <span class='ocr_line' id='line_1_74' title="bbox 1033 1857 1411 1906; baseline -0.019 -10"><span class='ocrx_word' id='word_1_349' title='bbox 1033 1861 1177 1895; x_wconf 88' lang='lat' dir='ltr'>minister</span> <span class='ocrx_word' id='word_1_350' title='bbox 1197 1857 1348 1906; x_wconf 81' lang='lat' dir='ltr'>indignus</span> <span class='ocrx_word' id='word_1_351' title='bbox 1369 1868 1411 1890; x_wconf 90' lang='lat' dir='ltr'>ss.</span> 
     </span>
     <span class='ocr_line' id='line_1_75' title="bbox 1082 1910 1782 1965; baseline -0.014 -12"><span class='ocrx_word' id='word_1_352' title='bbox 1082 1918 1149 1965; x_wconf 78' lang='lat' dir='ltr'>Ego</span> <span class='ocrx_word' id='word_1_353' title='bbox 1176 1916 1352 1963; x_wconf 82' lang='lat' dir='ltr'>Gregorius</span> <span class='ocrx_word' id='word_1_354' title='bbox 1378 1914 1532 1949; x_wconf 88' lang='lat' dir='ltr'>diaconus</span> <span class='ocrx_word' id='word_1_355' title='bbox 1559 1910 1643 1946; x_wconf 86' lang='lat' dir='ltr'>card.</span> <span class='ocrx_word' id='word_1_356' title='bbox 1675 1910 1782 1944; x_wconf 83' lang='lat' dir='ltr'>Sancti</span> 
     </span>
     <span class='ocr_line' id='line_1_76' title="bbox 1034 1965 1485 2023; baseline -0.013 -11"><span class='ocrx_word' id='word_1_357' title='bbox 1034 1965 1145 2023; x_wconf 66' lang='lat' dir='ltr'>Aug&#39;eti</span> <span class='ocrx_word' id='word_1_358' title='bbox 1172 1988 1216 2010; x_wconf 90' lang='lat' dir='ltr'>ss.</span> <span class='ocrx_word' id='word_1_359' title='bbox 1483 1983 1485 1985; x_wconf 81' lang='grc'><strong>’</strong></span> 
     </span>
     <span class='ocr_line' id='line_1_77' title="bbox 1082 2028 1784 2081; baseline -0.01 -12"><span class='ocrx_word' id='word_1_360' title='bbox 1082 2035 1151 2081; x_wconf 77' lang='lat' dir='ltr'>Ego</span> <span class='ocrx_word' id='word_1_361' title='bbox 1179 2032 1327 2067; x_wconf 72' lang='lat' dir='ltr'>Astaidus</span> <span class='ocrx_word' id='word_1_362' title='bbox 1353 2030 1433 2066; x_wconf 89' lang='lat' dir='ltr'>diac.</span> <span class='ocrx_word' id='word_1_363' title='bbox 1468 2030 1554 2065; x_wconf 90' lang='lat' dir='ltr'>card.</span> <span class='ocrx_word' id='word_1_364' title='bbox 1583 2029 1688 2064; x_wconf 88' lang='lat' dir='ltr'>Sancti</span> <span class='ocrx_word' id='word_1_365' title='bbox 1716 2028 1784 2062; x_wconf 89' lang='lat' dir='ltr'>Eu-</span> 
     </span>
     <span class='ocr_line' id='line_1_78' title="bbox 1035 2088 1679 2136; baseline -0.011 -8"><span class='ocrx_word' id='word_1_366' title='bbox 1035 2092 1143 2128; x_wconf 77' lang='lat' dir='ltr'>stachii</span> <span class='ocrx_word' id='word_1_367' title='bbox 1171 2091 1256 2125; x_wconf 77' lang='lat' dir='ltr'>iuxta</span> <span class='ocrx_word' id='word_1_368' title='bbox 1283 2089 1434 2136; x_wconf 90' lang='lat' dir='ltr'>templum</span> <span class='ocrx_word' id='word_1_369' title='bbox 1458 2088 1615 2135; x_wconf 78' lang='lat' dir='ltr'>Agrippae</span> <span class='ocrx_word' id='word_1_370' title='bbox 1638 2100 1679 2121; x_wconf 74' lang='lat' dir='ltr'>ss.</span> 
     </span>
     <span class='ocr_line' id='line_1_79' title="bbox 1084 2138 1783 2197; baseline -0.01 -12"><span class='ocrx_word' id='word_1_371' title='bbox 1084 2151 1152 2197; x_wconf 70' lang='lat' dir='ltr'>Ego</span> <span class='ocrx_word' id='word_1_372' title='bbox 1184 2149 1317 2183; x_wconf 83' lang='lat' dir='ltr'>Ioannes</span> <span class='ocrx_word' id='word_1_373' title='bbox 1343 2146 1422 2181; x_wconf 84' lang='lat' dir='ltr'>diae.</span> <span class='ocrx_word' id='word_1_374' title='bbox 1450 2145 1617 2181; x_wconf 85' lang='lat' dir='ltr'>cardinalis</span> <span class='ocrx_word' id='word_1_375' title='bbox 1650 2138 1783 2179; x_wconf 80' lang='lat' dir='ltr'>Sanctae</span> 
     </span>
     <span class='ocr_line' id='line_1_80' title="bbox 1038 2206 1342 2244; baseline -0.016 0"><span class='ocrx_word' id='word_1_376' title='bbox 1038 2209 1151 2244; x_wconf 80' lang='lat' dir='ltr'>Mariae</span> <span class='ocrx_word' id='word_1_377' title='bbox 1174 2206 1279 2241; x_wconf 82' lang='lat' dir='ltr'>Novae</span> <span class='ocrx_word' id='word_1_378' title='bbox 1301 2217 1342 2240; x_wconf 91' lang='lat' dir='ltr'>ss.</span> 
     </span>
     <span class='ocr_line' id='line_1_81' title="bbox 1088 2260 1786 2310; baseline -0.011 -9"><span class='ocrx_word' id='word_1_379' title='bbox 1088 2267 1201 2301; x_wconf 84' lang='lat' dir='ltr'>Datum</span> <span class='ocrx_word' id='word_1_380' title='bbox 1236 2263 1381 2299; x_wconf 84' lang='lat' dir='ltr'>Laterani</span> <span class='ocrx_word' id='word_1_381' title='bbox 1415 2274 1471 2310; x_wconf 89' lang='lat' dir='ltr'>per</span> <span class='ocrx_word' id='word_1_382' title='bbox 1497 2273 1626 2296; x_wconf 88' lang='lat' dir='ltr'>manum</span> <span class='ocrx_word' id='word_1_383' title='bbox 1654 2260 1786 2295; x_wconf 81' lang='lat' dir='ltr'>Barouis</span> 
     </span>
     <span class='ocr_line' id='line_1_82' title="bbox 1039 2318 1786 2360; baseline -0.012 0"><span class='ocrx_word' id='word_1_384' title='bbox 1039 2325 1198 2360; x_wconf 75' lang='lat' dir='ltr'>Ecciesiae</span> <span class='ocrx_word' id='word_1_385' title='bbox 1225 2320 1425 2359; x_wconf 85' lang='lat' dir='ltr'>subdiaconi,</span> <span class='ocrx_word' id='word_1_386' title='bbox 1448 2332 1480 2354; x_wconf 80' lang='lat' dir='ltr'>xi</span> <span class='ocrx_word' id='word_1_387' title='bbox 1503 2319 1563 2354; x_wconf 77' lang='lat' dir='ltr'>kat.</span> <span class='ocrx_word' id='word_1_388' title='bbox 1588 2318 1675 2359; x_wconf 75' lang='lat' dir='ltr'>iunii,</span> <span class='ocrx_word' id='word_1_389' title='bbox 1704 2318 1786 2352; x_wconf 85' lang='lat' dir='ltr'>iudi-</span> 
     </span>
     <span class='ocr_line' id='line_1_83' title="bbox 1039 2378 1786 2421; baseline -0.011 -3"><span class='ocrx_word' id='word_1_390' title='bbox 1039 2384 1142 2419; x_wconf 90' lang='lat' dir='ltr'>ctione</span> <span class='ocrx_word' id='word_1_391' title='bbox 1154 2394 1211 2421; x_wconf 78' lang='lat' dir='ltr'>vn,</span> <span class='ocrx_word' id='word_1_392' title='bbox 1224 2379 1449 2415; x_wconf 87' lang='lat' dir='ltr'>incarnationis</span> <span class='ocrx_word' id='word_1_393' title='bbox 1461 2378 1637 2413; x_wconf 89' lang='lat' dir='ltr'>dominicae</span> <span class='ocrx_word' id='word_1_394' title='bbox 1652 2389 1786 2417; x_wconf 68' lang='lat' dir='ltr'>iicxmv,</span> 
     </span>
    </p>
   </div>
   <div class='ocr_carea' id='block_1_18' title="bbox 247 2432 1788 2489">
    <p class='ocr_par' dir='ltr' id='par_1_18' title="bbox 247 2432 1788 2489">
     <span class='ocr_line' id='line_1_84' title="bbox 247 2432 1788 2489; baseline -0.005 -13"><span class='ocrx_word' id='word_1_395' title='bbox 247 2441 378 2484; x_wconf 86' lang='lat' dir='ltr'>Christi,</span> <span class='ocrx_word' id='word_1_396' title='bbox 404 2448 560 2488; x_wconf 87' lang='lat' dir='ltr'>quatenus</span> <span class='ocrx_word' id='word_1_397' title='bbox 594 2447 624 2474; x_wconf 87' lang='lat' dir='ltr'>et</span> <span class='ocrx_word' id='word_1_398' title='bbox 651 2439 702 2473; x_wconf 83' lang='lat' dir='ltr'>hic</span> <span class='ocrx_word' id='word_1_399' title='bbox 728 2438 865 2474; x_wconf 81' lang='lat' dir='ltr'>fructum</span> <span class='ocrx_word' id='word_1_400' title='bbox 901 2432 1242 2489; x_wconf 39' lang='lat' dir='ltr'>bonaeipontificatus</span> <span class='ocrx_word' id='word_1_401' title='bbox 1284 2450 1356 2473; x_wconf 78' lang='lat' dir='ltr'>vero</span> <span class='ocrx_word' id='word_1_402' title='bbox 1401 2435 1509 2471; x_wconf 91' lang='lat' dir='ltr'>domni</span> <span class='ocrx_word' id='word_1_403' title='bbox 1551 2436 1638 2470; x_wconf 91' lang='lat' dir='ltr'>Lucii</span> <span class='ocrx_word' id='word_1_404' title='bbox 1686 2435 1788 2482; x_wconf 73' lang='lat' dir='ltr'>Papae</span> 
     </span>
    </p>
   </div>
   <div class='ocr_carea' id='block_1_19' title="bbox 249 2492 999 2638">
    <p class='ocr_par' dir='ltr' id='par_1_19' title="bbox 249 2492 999 2638">
     <span class='ocr_line' id='line_1_85' title="bbox 249 2492 999 2541; baseline -0.007 -11"><span class='ocrx_word' id='word_1_405' title='bbox 249 2495 382 2531; x_wconf 91' lang='lat' dir='ltr'>actionis</span> <span class='ocrx_word' id='word_1_406' title='bbox 413 2494 608 2541; x_wconf 80' lang='lat' dir='ltr'>percipiant,</span> <span class='ocrx_word' id='word_1_407' title='bbox 645 2500 677 2527; x_wconf 91' lang='lat' dir='ltr'>et</span> <span class='ocrx_word' id='word_1_408' title='bbox 702 2492 786 2539; x_wconf 89' lang='lat' dir='ltr'>apud</span> <span class='ocrx_word' id='word_1_409' title='bbox 822 2492 999 2526; x_wconf 71' lang='lat' dir='ltr'>‹listrietum</span> 
     </span>
     <span class='ocr_line' id='line_1_86' title="bbox 249 2545 999 2596; baseline -0.009 -11"><span class='ocrx_word' id='word_1_410' title='bbox 249 2549 391 2584; x_wconf 85' lang='lat' dir='ltr'>Iudicem</span> <span class='ocrx_word' id='word_1_411' title='bbox 408 2548 545 2596; x_wconf 87' lang='lat' dir='ltr'>praemia</span> <span class='ocrx_word' id='word_1_412' title='bbox 559 2554 706 2582; x_wconf 88' lang='lat' dir='ltr'>aeternae</span> <span class='ocrx_word' id='word_1_413' title='bbox 729 2547 814 2593; x_wconf 87' lang='lat' dir='ltr'>pacis</span> <span class='ocrx_word' id='word_1_414' title='bbox 829 2545 999 2579; x_wconf 78' lang='lat' dir='ltr'>inveniant.</span> 
     </span>
     <span class='ocr_line' id='line_1_87' title="bbox 250 2605 365 2638; baseline -0.009 0"><span class='ocrx_word' id='word_1_415' title='bbox 250 2605 365 2638; x_wconf 77' lang='lat' dir='ltr'>Amen.</span> 
     </span>
    </p>
   </div>
   <div class='ocr_carea' id='block_1_20' title="bbox 1020 2512 1168 2552">
    <p class='ocr_par' dir='ltr' id='par_1_20' title="bbox 1020 2512 1168 2552">
     <span class='ocr_line' id='line_1_88' title="bbox 1020 2512 1168 2552; baseline -0.02 -17"><span class='ocrx_word' id='word_1_416' title='bbox 1020 2512 1123 2552; x_wconf 61' lang='lat' dir='ltr'>innuo</span> <span class='ocrx_word' id='word_1_417' title='bbox 1147 2512 1168 2532; x_wconf 94' lang='grc'>1.</span> 
     </span>
    </p>
   </div>
   <div class='ocr_carea' id='block_1_21' title="bbox 1109 2556 1730 2643">
    <p class='ocr_par' dir='ltr' id='par_1_21' title="bbox 1109 2556 1730 2643">
     <span class='ocr_line' id='line_1_89' title="bbox 1109 2556 1730 2593; baseline -0.008 -3"><span class='ocrx_word' id='word_1_418' title='bbox 1109 2561 1170 2590; x_wconf 87' lang='lat' dir='ltr'>Dat.</span> <span class='ocrx_word' id='word_1_419' title='bbox 1193 2560 1239 2590; x_wconf 88' lang='lat' dir='ltr'>die</span> <span class='ocrx_word' id='word_1_420' title='bbox 1261 2559 1298 2588; x_wconf 69' lang='lat'>022</span> <span class='ocrx_word' id='word_1_421' title='bbox 1323 2558 1390 2589; x_wconf 88' lang='lat' dir='ltr'>maii</span> <span class='ocrx_word' id='word_1_422' title='bbox 1409 2567 1486 2587; x_wconf 88' lang='lat' dir='ltr'>anno</span> <span class='ocrx_word' id='word_1_423' title='bbox 1508 2556 1622 2586; x_wconf 90' lang='lat' dir='ltr'>Domini</span> <span class='ocrx_word' id='word_1_424' title='bbox 1646 2556 1730 2593; x_wconf 68' lang='lat' dir='ltr'>titt,</span> 
     </span>
     <span class='ocr_line' id='line_1_90' title="bbox 1300 2602 1536 2643; baseline -0.013 -10"><span class='ocrx_word' id='word_1_425' title='bbox 1300 2602 1401 2643; x_wconf 78' lang='lat' dir='ltr'>pontis.</span> <span class='ocrx_word' id='word_1_426' title='bbox 1423 2610 1499 2631; x_wconf 86' lang='lat' dir='ltr'>anno</span> <span class='ocrx_word' id='word_1_427' title='bbox 1517 2610 1536 2631; x_wconf 90' lang='lat'>1.</span> 
     </span>
    </p>
   </div>
  </div>
 </body>
</html>
