<?xml version="1.0" encoding="UTF-8"?>
<!DOCTYPE html PUBLIC "-//W3C//DTD XHTML 1.0 Transitional//EN"
    "http://www.w3.org/TR/xhtml1/DTD/xhtml1-transitional.dtd">
<html xmlns="http://www.w3.org/1999/xhtml" xml:lang="en" lang="en">
 <head>
  <title>
</title>
<meta http-equiv="Content-Type" content="text/html;charset=utf-8" />
  <meta name='ocr-system' content='tesseract 3.04.00' />
  <meta name='ocr-capabilities' content='ocr_page ocr_carea ocr_par ocr_line ocrx_word'/>
</head>
<body>
  <div class='ocr_page' id='page_1' title='image "./bullarumdiplomat02cath_0086.png"; bbox 0 0 2180 3205; ppageno 0'>
   <div class='ocr_carea' id='block_1_1' title="bbox 162 300 344 329">
    <p class='ocr_par' dir='ltr' id='par_1_1' title="bbox 162 300 344 329">
     <span class='ocr_line' id='line_1_1' title="bbox 162 300 344 329; baseline 0 -1"><span class='ocrx_word' id='word_1_1' title='bbox 162 303 210 329; x_wconf 84' lang='grc' dir='ltr'>Αιι.</span> <span class='ocrx_word' id='word_1_2' title='bbox 225 301 252 328; x_wconf 85' lang='lat' dir='ltr'>C.</span> <span class='ocrx_word' id='word_1_3' title='bbox 277 300 344 328; x_wconf 79' lang='lat'>1075</span> 
     </span>
    </p>
   </div>
   <div class='ocr_carea' id='block_1_2' title="bbox 186 1462 307 1485">
    <p class='ocr_par' dir='ltr' id='par_1_2' title="bbox 186 1462 307 1485">
     <span class='ocr_line' id='line_1_2' title="bbox 186 1462 307 1485; baseline -0.025 0"><span class='ocrx_word' id='word_1_4' title='bbox 186 1462 307 1485; x_wconf 80' lang='lat' dir='ltr'>Exordium.</span> 
     </span>
    </p>
   </div>
   <div class='ocr_carea' id='block_1_3' title="bbox 423 278 1120 311">
    <p class='ocr_par' dir='ltr' id='par_1_3' title="bbox 423 278 1120 311">
     <span class='ocr_line' id='line_1_3' title="bbox 423 278 1120 311; baseline -0.014 0"><span class='ocrx_word' id='word_1_5' title='bbox 423 278 470 311; x_wconf 71' lang='grc' dir='ltr'>ὒῧ</span> <span class='ocrx_word' id='word_1_6' title='bbox 932 280 1120 303; x_wconf 65' lang='lat' dir='ltr'>ammaim</span> 
     </span>
    </p>
   </div>
   <div class='ocr_carea' id='block_1_4' title="bbox 369 335 1121 623">
    <p class='ocr_par' dir='ltr' id='par_1_4' title="bbox 369 335 1121 623">
     <span class='ocr_line' id='line_1_4' title="bbox 370 335 1118 384; baseline -0.011 -8"><span class='ocrx_word' id='word_1_7' title='bbox 370 341 545 376; x_wconf 57' lang='lat' dir='ltr'>Ecclesiam</span> <span class='ocrx_word' id='word_1_8' title='bbox 581 347 732 376; x_wconf 73' lang='lat' dir='ltr'>vestram,</span> <span class='ocrx_word' id='word_1_9' title='bbox 773 348 865 384; x_wconf 87' lang='lat' dir='ltr'>quam</span> <span class='ocrx_word' id='word_1_10' title='bbox 895 348 948 383; x_wconf 85' lang='lat' dir='ltr'>per</span> <span class='ocrx_word' id='word_1_11' title='bbox 983 335 1118 381; x_wconf 76' lang='lat' dir='ltr'>legatum</span> 
     </span>
     <span class='ocr_line' id='line_1_5' title="bbox 369 384 1119 438; baseline -0.013 -13"><span class='ocrx_word' id='word_1_12' title='bbox 369 390 571 438; x_wconf 80' lang='lat' dir='ltr'>Apostolicae</span> <span class='ocrx_word' id='word_1_13' title='bbox 594 388 686 422; x_wconf 85' lang='lat' dir='ltr'>Sedis</span> <span class='ocrx_word' id='word_1_14' title='bbox 717 386 911 421; x_wconf 83' lang='lat' dir='ltr'>reconciliari</span> <span class='ocrx_word' id='word_1_15' title='bbox 940 384 1119 431; x_wconf 72' lang='lat' dir='ltr'>quaesistis,</span> 
     </span>
     <span class='ocr_line' id='line_1_6' title="bbox 372 432 1119 486; baseline -0.011 -13"><span class='ocrx_word' id='word_1_16' title='bbox 372 439 510 486; x_wconf 79' lang='lat' dir='ltr'>praefato</span> <span class='ocrx_word' id='word_1_17' title='bbox 538 437 602 471; x_wconf 87' lang='lat' dir='ltr'>lilio</span> <span class='ocrx_word' id='word_1_18' title='bbox 618 444 724 471; x_wconf 89' lang='lat' dir='ltr'>nostro</span> <span class='ocrx_word' id='word_1_19' title='bbox 751 434 862 470; x_wconf 89' lang='lat' dir='ltr'>Diensi</span> <span class='ocrx_word' id='word_1_20' title='bbox 884 434 1045 480; x_wconf 86' lang='lat' dir='ltr'>episcopo,</span> <span class='ocrx_word' id='word_1_21' title='bbox 1067 432 1119 479; x_wconf 89' lang='lat' dir='ltr'>qui</span> 
     </span>
     <span class='ocr_line' id='line_1_7' title="bbox 370 481 1121 529; baseline -0.011 -7"><span class='ocrx_word' id='word_1_22' title='bbox 370 496 400 522; x_wconf 88' lang='lat' dir='ltr'>et</span> <span class='ocrx_word' id='word_1_23' title='bbox 432 498 597 529; x_wconf 85' lang='lat' dir='ltr'>romanus,</span> <span class='ocrx_word' id='word_1_24' title='bbox 624 493 655 519; x_wconf 88' lang='lat' dir='ltr'>et</span> <span class='ocrx_word' id='word_1_25' title='bbox 682 483 874 519; x_wconf 82' lang='lat' dir='ltr'>Viennensis</span> <span class='ocrx_word' id='word_1_26' title='bbox 902 482 1061 517; x_wconf 80' lang='lat' dir='ltr'>Ecclesiae</span> <span class='ocrx_word' id='word_1_27' title='bbox 1089 481 1121 514; x_wconf 80' lang='lat' dir='ltr'>fi-</span> 
     </span>
     <span class='ocr_line' id='line_1_8' title="bbox 370 531 1118 575; baseline -0.009 -5"><span class='ocrx_word' id='word_1_28' title='bbox 370 537 430 571; x_wconf 89' lang='lat' dir='ltr'>lius</span> <span class='ocrx_word' id='word_1_29' title='bbox 450 543 508 575; x_wconf 86' lang='lat' dir='ltr'>est,</span> <span class='ocrx_word' id='word_1_30' title='bbox 531 533 777 569; x_wconf 80' lang='lat' dir='ltr'>consecrandam</span> <span class='ocrx_word' id='word_1_31' title='bbox 799 532 1025 568; x_wconf 82' lang='lat' dir='ltr'>commisimus.</span> <span class='ocrx_word' id='word_1_32' title='bbox 1050 531 1118 565; x_wconf 87' lang='lat' dir='ltr'>Dat.</span> 
     </span>
     <span class='ocr_line' id='line_1_9' title="bbox 370 581 1079 623; baseline -0.008 -4"><span class='ocrx_word' id='word_1_33' title='bbox 370 585 491 620; x_wconf 82' lang='lat' dir='ltr'>Romae</span> <span class='ocrx_word' id='word_1_34' title='bbox 514 595 561 618; x_wconf 80' lang='lat' dir='ltr'>vu</span> <span class='ocrx_word' id='word_1_35' title='bbox 587 583 630 618; x_wconf 92' lang='lat' dir='ltr'>id.</span> <span class='ocrx_word' id='word_1_36' title='bbox 661 583 778 622; x_wconf 83' lang='lat' dir='ltr'>martii,</span> <span class='ocrx_word' id='word_1_37' title='bbox 805 581 913 616; x_wconf 91' lang='lat' dir='ltr'>indict.</span> <span class='ocrx_word' id='word_1_38' title='bbox 941 593 1002 615; x_wconf 82' lang='lat' dir='ltr'>xm</span> <span class='ocrx_word' id='word_1_39' title='bbox 1024 582 1079 623; x_wconf 85' lang='lat' dir='ltr'>(i).</span> 
     </span>
    </p>
   </div>
   <div class='ocr_carea' id='block_1_5' title="bbox 438 637 1056 719">
    <p class='ocr_par' dir='ltr' id='par_1_5' title="bbox 438 637 1056 719">
     <span class='ocr_line' id='line_1_10' title="bbox 438 637 1056 673; baseline -0.006 -2"><span class='ocrx_word' id='word_1_40' title='bbox 438 640 499 670; x_wconf 88' lang='lat' dir='ltr'>Dat.</span> <span class='ocrx_word' id='word_1_41' title='bbox 518 641 565 671; x_wconf 88' lang='lat' dir='ltr'>die</span> <span class='ocrx_word' id='word_1_42' title='bbox 582 641 600 671; x_wconf 81' lang='lat'>9</span> <span class='ocrx_word' id='word_1_43' title='bbox 618 640 714 670; x_wconf 89' lang='lat' dir='ltr'>martii</span> <span class='ocrx_word' id='word_1_44' title='bbox 734 648 810 669; x_wconf 87' lang='lat' dir='ltr'>auno</span> <span class='ocrx_word' id='word_1_45' title='bbox 832 638 947 668; x_wconf 86' lang='lat' dir='ltr'>Domini</span> <span class='ocrx_word' id='word_1_46' title='bbox 971 637 1056 673; x_wconf 82' lang='lat'>1075,</span> 
     </span>
     <span class='ocr_line' id='line_1_11' title="bbox 619 679 872 719; baseline -0.004 -10"><span class='ocrx_word' id='word_1_47' title='bbox 619 679 722 719; x_wconf 84' lang='lat' dir='ltr'>pontif.</span> <span class='ocrx_word' id='word_1_48' title='bbox 742 687 818 708; x_wconf 88' lang='lat' dir='ltr'>anno</span> <span class='ocrx_word' id='word_1_49' title='bbox 841 687 872 708; x_wconf 89' lang='lat'>11.</span> 
     </span>
    </p>
   </div>
   <div class='ocr_carea' id='block_1_6' title="bbox 650 743 835 751">
    <p class='ocr_par' dir='ltr' id='par_1_6' title="bbox 650 743 835 751">
     <span class='ocr_line' id='line_1_12' title="bbox 650 743 835 751; baseline 0 2454"><span class='ocrx_word' id='word_1_50' title='bbox 650 743 835 751; x_wconf 95' lang='lat' dir='ltr'> </span> 
     </span>
    </p>
   </div>
   <div class='ocr_carea' id='block_1_7' title="bbox 711 801 780 836">
    <p class='ocr_par' dir='ltr' id='par_1_7' title="bbox 711 801 780 836">
     <span class='ocr_line' id='line_1_13' title="bbox 711 801 780 836; baseline -0.014 0"><span class='ocrx_word' id='word_1_51' title='bbox 711 801 780 836; x_wconf 78' lang='lat' dir='ltr'>xil.</span> 
     </span>
    </p>
   </div>
   <div class='ocr_carea' id='block_1_8' title="bbox 371 872 1122 1067">
    <p class='ocr_par' dir='ltr' id='par_1_8' title="bbox 371 872 1122 1067">
     <span class='ocr_line' id='line_1_14' title="bbox 371 872 1120 921; baseline -0.009 -11"><span class='ocrx_word' id='word_1_52' title='bbox 371 875 545 910; x_wconf 63' lang='lat' dir='ltr'>fancordia</span> <span class='ocrx_word' id='word_1_53' title='bbox 566 886 658 921; x_wconf 82' lang='lat' dir='ltr'>super</span> <span class='ocrx_word' id='word_1_54' title='bbox 677 873 883 908; x_wconf 77' lang='lat' dir='ltr'>controversia</span> <span class='ocrx_word' id='word_1_55' title='bbox 909 873 986 905; x_wconf 76' lang='lat' dir='ltr'>inter</span> <span class='ocrx_word' id='word_1_56' title='bbox 1009 872 1120 905; x_wconf 83' lang='lat' dir='ltr'>Mora-</span> 
     </span>
     <span class='ocr_line' id='line_1_15' title="bbox 417 921 1122 968; baseline -0.01 -9"><span class='ocrx_word' id='word_1_57' title='bbox 417 937 534 959; x_wconf 82' lang='lat' dir='ltr'>vensem</span> <span class='ocrx_word' id='word_1_58' title='bbox 556 932 582 958; x_wconf 84' lang='lat' dir='ltr'>et</span> <span class='ocrx_word' id='word_1_59' title='bbox 616 926 805 968; x_wconf 77' lang='lat' dir='ltr'>Braqensem</span> <span class='ocrx_word' id='word_1_60' title='bbox 825 923 978 966; x_wconf 80' lang='lat' dir='ltr'>episcopos</span> <span class='ocrx_word' id='word_1_61' title='bbox 1000 933 1019 954; x_wconf 87' lang='lat' dir='ltr'>a</span> <span class='ocrx_word' id='word_1_62' title='bbox 1048 921 1122 953; x_wconf 78' lang='lat' dir='ltr'>Gre-</span> 
     </span>
     <span class='ocr_line' id='line_1_16' title="bbox 416 971 1120 1019; baseline -0.009 -11"><span class='ocrx_word' id='word_1_63' title='bbox 416 976 506 1019; x_wconf 76' lang='lat' dir='ltr'>yorio</span> <span class='ocrx_word' id='word_1_64' title='bbox 524 975 590 1007; x_wconf 88' lang='grc' dir='ltr'>ΡΡ.</span> <span class='ocrx_word' id='word_1_65' title='bbox 607 975 639 1007; x_wconf 74' lang='lat' dir='ltr'>in</span> <span class='ocrx_word' id='word_1_66' title='bbox 652 973 792 1011; x_wconf 83' lang='lat' dir='ltr'>concilio,</span> <span class='ocrx_word' id='word_1_67' title='bbox 804 972 968 1006; x_wconf 77' lang='lat' dir='ltr'>ambarum</span> <span class='ocrx_word' id='word_1_68' title='bbox 979 971 1120 1015; x_wconf 74' lang='lat' dir='ltr'>partium</span> 
     </span>
     <span class='ocr_line' id='line_1_17' title="bbox 417 1022 849 1067; baseline -0.009 -9"><span class='ocrx_word' id='word_1_69' title='bbox 417 1036 575 1061; x_wconf 83' lang='lat' dir='ltr'>consensu,</span> <span class='ocrx_word' id='word_1_70' title='bbox 596 1023 764 1067; x_wconf 78' lang='lat' dir='ltr'>composita</span> <span class='ocrx_word' id='word_1_71' title='bbox 792 1022 849 1064; x_wconf 74' lang='lat'><strong>(2).</strong></span> 
     </span>
    </p>
   </div>
   <div class='ocr_carea' id='block_1_9' title="bbox 366 1090 1121 1273">
    <p class='ocr_par' dir='ltr' id='par_1_9' title="bbox 366 1090 1121 1273">
     <span class='ocr_line' id='line_1_18' title="bbox 638 1090 853 1123; baseline -0.014 0"><span class='ocrx_word' id='word_1_72' title='bbox 638 1090 853 1123; x_wconf 74' lang='lat' dir='ltr'>SUMMARIUM</span> 
     </span>
     <span class='ocr_line' id='line_1_19' title="bbox 366 1151 1120 1187; baseline -0.009 0"><span class='ocrx_word' id='word_1_73' title='bbox 366 1155 536 1187; x_wconf 78' lang='lat' dir='ltr'>Exordium.</span> <span class='ocrx_word' id='word_1_74' title='bbox 565 1172 605 1177; x_wconf 97' lang='lat'><strong>—</strong></span> <span class='ocrx_word' id='word_1_75' title='bbox 635 1153 732 1184; x_wconf 85' lang='lat' dir='ltr'>Series</span> <span class='ocrx_word' id='word_1_76' title='bbox 766 1153 844 1183; x_wconf 87' lang='lat' dir='ltr'>sacti.</span> <span class='ocrx_word' id='word_1_77' title='bbox 866 1170 905 1174; x_wconf 97' lang='lat'><strong>—</strong></span> <span class='ocrx_word' id='word_1_78' title='bbox 935 1151 1045 1182; x_wconf 84' lang='lat' dir='ltr'>Divisio</span> <span class='ocrx_word' id='word_1_79' title='bbox 1078 1152 1120 1181; x_wconf 88' lang='lat' dir='ltr'>rei</span> 
     </span>
     <span class='ocr_line' id='line_1_20' title="bbox 407 1191 1121 1231; baseline -0.007 -6"><span class='ocrx_word' id='word_1_80' title='bbox 407 1200 622 1231; x_wconf 79' lang='lat' dir='ltr'>controversae,</span> <span class='ocrx_word' id='word_1_81' title='bbox 644 1194 737 1223; x_wconf 88' lang='lat' dir='ltr'>donec</span> <span class='ocrx_word' id='word_1_82' title='bbox 765 1202 894 1230; x_wconf 74' lang='lat' dir='ltr'>congrua</span> <span class='ocrx_word' id='word_1_83' title='bbox 928 1193 1023 1229; x_wconf 79' lang='lat' dir='ltr'>magis</span> <span class='ocrx_word' id='word_1_84' title='bbox 1047 1191 1121 1220; x_wconf 90' lang='lat' dir='ltr'>ratio</span> 
     </span>
     <span class='ocr_line' id='line_1_21' title="bbox 407 1231 1120 1273; baseline -0.008 -8"><span class='ocrx_word' id='word_1_85' title='bbox 407 1235 545 1265; x_wconf 84' lang='lat' dir='ltr'>alterutra</span> <span class='ocrx_word' id='word_1_86' title='bbox 563 1244 597 1264; x_wconf 81' lang='lat' dir='ltr'>ex</span> <span class='ocrx_word' id='word_1_87' title='bbox 615 1238 696 1273; x_wconf 85' lang='lat' dir='ltr'>parte</span> <span class='ocrx_word' id='word_1_88' title='bbox 717 1232 883 1263; x_wconf 76' lang='lat' dir='ltr'>afferretur.</span> <span class='ocrx_word' id='word_1_89' title='bbox 905 1248 945 1254; x_wconf 89' lang='lat'>—</span> <span class='ocrx_word' id='word_1_90' title='bbox 962 1231 1120 1260; x_wconf 79' lang='lat' dir='ltr'>Terminus</span> 
     </span>
    </p>
   </div>
   <div class='ocr_carea' id='block_1_10' title="bbox 407 1270 1121 1354">
    <p class='ocr_par' dir='ltr' id='par_1_10' title="bbox 407 1270 1121 1354">
     <span class='ocr_line' id='line_1_22' title="bbox 408 1270 1121 1311; baseline -0.007 -6"><span class='ocrx_word' id='word_1_91' title='bbox 408 1275 509 1305; x_wconf 87' lang='lat' dir='ltr'>decem</span> <span class='ocrx_word' id='word_1_92' title='bbox 538 1283 684 1304; x_wconf 88' lang='lat' dir='ltr'>annorum</span> <span class='ocrx_word' id='word_1_93' title='bbox 716 1273 833 1311; x_wconf 87' lang='lat' dir='ltr'>utrique</span> <span class='ocrx_word' id='word_1_94' title='bbox 865 1272 900 1301; x_wconf 85' lang='lat' dir='ltr'>ad</span> <span class='ocrx_word' id='word_1_95' title='bbox 933 1270 1121 1310; x_wconf 80' lang='lat' dir='ltr'>probationes</span> 
     </span>
     <span class='ocr_line' id='line_1_23' title="bbox 407 1314 805 1354; baseline -0.005 -10"><span class='ocrx_word' id='word_1_96' title='bbox 407 1314 613 1354; x_wconf 86' lang='lat' dir='ltr'>producendas</span> <span class='ocrx_word' id='word_1_97' title='bbox 632 1322 805 1343; x_wconf 87' lang='lat' dir='ltr'>concessus.</span> 
     </span>
    </p>
   </div>
   <div class='ocr_carea' id='block_1_11' title="bbox 416 1376 1070 1416">
    <p class='ocr_par' dir='ltr' id='par_1_11' title="bbox 416 1376 1070 1416">
     <span class='ocr_line' id='line_1_24' title="bbox 416 1376 1070 1416; baseline -0.008 -7"><span class='ocrx_word' id='word_1_98' title='bbox 416 1380 561 1416; x_wconf 80' lang='lat' dir='ltr'>Gregorius</span> <span class='ocrx_word' id='word_1_99' title='bbox 580 1379 720 1415; x_wconf 81' lang='lat' dir='ltr'>episcopus</span> <span class='ocrx_word' id='word_1_100' title='bbox 739 1385 834 1407; x_wconf 82' lang='lat' dir='ltr'>servus</span> <span class='ocrx_word' id='word_1_101' title='bbox 853 1384 992 1406; x_wconf 84' lang='lat' dir='ltr'>servorum</span> <span class='ocrx_word' id='word_1_102' title='bbox 1014 1376 1070 1405; x_wconf 82' lang='lat' dir='ltr'>Dei.</span> 
     </span>
    </p>
   </div>
   <div class='ocr_carea' id='block_1_12' title="bbox 368 1440 1125 1881">
    <p class='ocr_par' dir='ltr' id='par_1_12' title="bbox 368 1440 1125 1881">
     <span class='ocr_line' id='line_1_25' title="bbox 418 1440 1121 1485; baseline -0.007 -9"><span class='ocrx_word' id='word_1_103' title='bbox 418 1442 577 1484; x_wconf 86' lang='lat' dir='ltr'>Quoniam</span> <span class='ocrx_word' id='word_1_104' title='bbox 613 1441 650 1475; x_wconf 89' lang='lat' dir='ltr'>ad</span> <span class='ocrx_word' id='word_1_105' title='bbox 689 1440 898 1479; x_wconf 81' lang='lat' dir='ltr'>memoriam,</span> <span class='ocrx_word' id='word_1_106' title='bbox 933 1449 1121 1485; x_wconf 79' lang='lat' dir='ltr'>semperque</span> 
     </span>
     <span class='ocr_line' id='line_1_26' title="bbox 368 1488 1122 1535; baseline -0.008 -9"><span class='ocrx_word' id='word_1_107' title='bbox 368 1491 604 1526; x_wconf 83' lang='lat' dir='ltr'>dilucidandam</span> <span class='ocrx_word' id='word_1_108' title='bbox 647 1502 812 1524; x_wconf 87' lang='lat' dir='ltr'>causarum</span> <span class='ocrx_word' id='word_1_109' title='bbox 857 1488 1122 1535; x_wconf 80' lang='lat' dir='ltr'>negotiorumque</span> 
     </span>
     <span class='ocr_line' id='line_1_27' title="bbox 368 1536 1121 1586; baseline -0.008 -11"><span class='ocrx_word' id='word_1_110' title='bbox 368 1541 531 1575; x_wconf 87' lang='lat' dir='ltr'>veritatem</span> <span class='ocrx_word' id='word_1_111' title='bbox 560 1539 637 1573; x_wconf 86' lang='lat' dir='ltr'>nihil</span> <span class='ocrx_word' id='word_1_112' title='bbox 664 1539 791 1586; x_wconf 79' lang='lat' dir='ltr'>aptius,</span> <span class='ocrx_word' id='word_1_113' title='bbox 822 1537 901 1572; x_wconf 87' lang='lat' dir='ltr'>nihil</span> <span class='ocrx_word' id='word_1_114' title='bbox 929 1536 1121 1580; x_wconf 78' lang='lat' dir='ltr'>durabilius,</span> 
     </span>
     <span class='ocr_line' id='line_1_28' title="bbox 369 1586 1121 1637; baseline -0.008 -13"><span class='ocrx_word' id='word_1_115' title='bbox 369 1602 463 1637; x_wconf 90' lang='lat' dir='ltr'>quam</span> <span class='ocrx_word' id='word_1_116' title='bbox 486 1588 721 1635; x_wconf 82' lang='lat' dir='ltr'>Scripturaruni</span> <span class='ocrx_word' id='word_1_117' title='bbox 745 1587 876 1635; x_wconf 83' lang='lat' dir='ltr'>paginas</span> <span class='ocrx_word' id='word_1_118' title='bbox 902 1586 1121 1626; x_wconf 79' lang='lat' dir='ltr'>aestimamus3</span> 
     </span>
     <span class='ocr_line' id='line_1_29' title="bbox 369 1636 1123 1685; baseline -0.007 -12"><span class='ocrx_word' id='word_1_119' title='bbox 369 1638 504 1685; x_wconf 83' lang='lat' dir='ltr'>qualiter</span> <span class='ocrx_word' id='word_1_120' title='bbox 527 1638 565 1672; x_wconf 90' lang='lat' dir='ltr'>lis</span> <span class='ocrx_word' id='word_1_121' title='bbox 587 1645 616 1671; x_wconf 90' lang='lat' dir='ltr'>et</span> <span class='ocrx_word' id='word_1_122' title='bbox 638 1637 807 1680; x_wconf 74' lang='lat' dir='ltr'>discordia,</span> <span class='ocrx_word' id='word_1_123' title='bbox 834 1647 914 1682; x_wconf 89' lang='lat' dir='ltr'>quae</span> <span class='ocrx_word' id='word_1_124' title='bbox 942 1636 1022 1669; x_wconf 88' lang='lat' dir='ltr'>inter</span> <span class='ocrx_word' id='word_1_125' title='bbox 1045 1646 1123 1668; x_wconf 91' lang='lat' dir='ltr'>con-</span> 
     </span>
     <span class='ocr_line' id='line_1_30' title="bbox 370 1683 1122 1731; baseline -0.005 -10"><span class='ocrx_word' id='word_1_126' title='bbox 370 1687 482 1722; x_wconf 77' lang='lat' dir='ltr'>fratres</span> <span class='ocrx_word' id='word_1_127' title='bbox 515 1695 652 1731; x_wconf 81' lang='lat' dir='ltr'>nostros‚</span> <span class='ocrx_word' id='word_1_128' title='bbox 674 1685 823 1720; x_wconf 90' lang='lat' dir='ltr'>videlieet</span> <span class='ocrx_word' id='word_1_129' title='bbox 848 1685 999 1719; x_wconf 88' lang='lat' dir='ltr'>Ioannem</span> <span class='ocrx_word' id='word_1_130' title='bbox 1026 1683 1122 1717; x_wconf 82' lang='lat' dir='ltr'>Mora-</span> 
     </span>
     <span class='ocr_line' id='line_1_31' title="bbox 369 1732 1124 1782; baseline -0.004 -13"><span class='ocrx_word' id='word_1_131' title='bbox 369 1748 499 1771; x_wconf 89' lang='lat' dir='ltr'>vensem</span> <span class='ocrx_word' id='word_1_132' title='bbox 532 1735 721 1782; x_wconf 87' lang='lat' dir='ltr'>episcopum</span> <span class='ocrx_word' id='word_1_133' title='bbox 754 1743 784 1769; x_wconf 88' lang='lat' dir='ltr'>et</span> <span class='ocrx_word' id='word_1_134' title='bbox 810 1733 1015 1769; x_wconf 89' lang='lat' dir='ltr'>Geboardum</span> <span class='ocrx_word' id='word_1_135' title='bbox 1049 1732 1124 1767; x_wconf 88' lang='lat' dir='ltr'>Bra-</span> 
     </span>
     <span class='ocr_line' id='line_1_32' title="bbox 370 1782 1123 1831; baseline -0.005 -12"><span class='ocrx_word' id='word_1_136' title='bbox 370 1797 501 1831; x_wconf 86' lang='lat' dir='ltr'>gensem</span> <span class='ocrx_word' id='word_1_137' title='bbox 523 1784 562 1819; x_wconf 87' lang='lat' dir='ltr'>de</span> <span class='ocrx_word' id='word_1_138' title='bbox 589 1784 781 1831; x_wconf 87' lang='lat' dir='ltr'>quibusdam</span> <span class='ocrx_word' id='word_1_139' title='bbox 805 1783 938 1818; x_wconf 88' lang='lat' dir='ltr'>decimis</span> <span class='ocrx_word' id='word_1_140' title='bbox 964 1791 994 1817; x_wconf 90' lang='lat' dir='ltr'>et</span> <span class='ocrx_word' id='word_1_141' title='bbox 1025 1782 1123 1816; x_wconf 88' lang='lat' dir='ltr'>curti-</span> 
     </span>
     <span class='ocr_line' id='line_1_33' title="bbox 370 1832 1125 1881; baseline -0.004 -13"><span class='ocrx_word' id='word_1_142' title='bbox 370 1834 430 1869; x_wconf 89' lang='lat' dir='ltr'>bus</span> <span class='ocrx_word' id='word_1_143' title='bbox 462 1834 515 1868; x_wconf 90' lang='lat' dir='ltr'>diu</span> <span class='ocrx_word' id='word_1_144' title='bbox 551 1841 707 1881; x_wconf 86' lang='lat' dir='ltr'>protracta</span> <span class='ocrx_word' id='word_1_145' title='bbox 735 1840 798 1874; x_wconf 88' lang='lat' dir='ltr'>est,</span> <span class='ocrx_word' id='word_1_146' title='bbox 826 1832 954 1867; x_wconf 87' lang='lat' dir='ltr'>tandem</span> <span class='ocrx_word' id='word_1_147' title='bbox 984 1843 1039 1878; x_wconf 91' lang='lat' dir='ltr'>per</span> <span class='ocrx_word' id='word_1_148' title='bbox 1075 1843 1125 1878; x_wconf 90' lang='lat' dir='ltr'>pa-</span> 
     </span>
    </p>
   </div>
   <div class='ocr_carea' id='block_1_13' title="bbox 370 1901 1126 2687">
    <p class='ocr_par' dir='ltr' id='par_1_13' title="bbox 370 1901 1126 2687">
     <span class='ocr_line' id='line_1_34' title="bbox 406 1901 1123 1939; baseline -0.006 -9"><span class='ocrx_word' id='word_1_149' title='bbox 406 1904 446 1939; x_wconf 89' lang='lat' dir='ltr'>(l)</span> <span class='ocrx_word' id='word_1_150' title='bbox 472 1905 538 1931; x_wconf 88' lang='lat' dir='ltr'>Data</span> <span class='ocrx_word' id='word_1_151' title='bbox 562 1903 663 1930; x_wconf 86' lang='lat' dir='ltr'>abillis</span> <span class='ocrx_word' id='word_1_152' title='bbox 679 1903 800 1938; x_wconf 82' lang='lat' dir='ltr'>Gregorii</span> <span class='ocrx_word' id='word_1_153' title='bbox 823 1903 870 1929; x_wconf 90' lang='lat' dir='ltr'>VH</span> <span class='ocrx_word' id='word_1_154' title='bbox 890 1901 990 1933; x_wconf 81' lang='lat' dir='ltr'>verbis,</span> <span class='ocrx_word' id='word_1_155' title='bbox 1017 1903 1123 1927; x_wconf 77' lang='lat' dir='ltr'>obtentu</span> 
     </span>
     <span class='ocr_line' id='line_1_35' title="bbox 370 1941 1123 1978; baseline -0.005 -8"><span class='ocrx_word' id='word_1_156' title='bbox 370 1946 421 1978; x_wconf 81' lang='lat' dir='ltr'>filii</span> <span class='ocrx_word' id='word_1_157' title='bbox 437 1947 523 1970; x_wconf 76' lang='lat' dir='ltr'>nostri</span> <span class='ocrx_word' id='word_1_158' title='bbox 539 1945 656 1976; x_wconf 77' lang='lat' dir='ltr'>Huyonis</span> <span class='ocrx_word' id='word_1_159' title='bbox 670 1945 767 1969; x_wconf 81' lang='lat' dir='ltr'>Diensis</span> <span class='ocrx_word' id='word_1_160' title='bbox 778 1944 898 1974; x_wconf 75' lang='lat' dir='ltr'>episcopi,</span> <span class='ocrx_word' id='word_1_161' title='bbox 916 1941 1062 1972; x_wconf 83' lang='lat' dir='ltr'>occasione,</span> <span class='ocrx_word' id='word_1_162' title='bbox 1072 1948 1123 1966; x_wconf 89' lang='lat' dir='ltr'>nou</span> 
     </span>
     <span class='ocr_line' id='line_1_36' title="bbox 371 1980 1123 2018; baseline -0.008 -8"><span class='ocrx_word' id='word_1_163' title='bbox 371 1983 594 2018; x_wconf 81' lang='lat' dir='ltr'>praetereundum</span> <span class='ocrx_word' id='word_1_164' title='bbox 611 1987 660 2014; x_wconf 85' lang='lat' dir='ltr'>est,</span> <span class='ocrx_word' id='word_1_165' title='bbox 677 1981 893 2009; x_wconf 84' lang='lat' dir='ltr'>antelnnocentii</span> <span class='ocrx_word' id='word_1_166' title='bbox 910 1981 946 2006; x_wconf 79' lang='grc' dir='ltr'>ΙΙΙ</span> <span class='ocrx_word' id='word_1_167' title='bbox 962 1988 1057 2006; x_wconf 86' lang='lat' dir='ltr'>aevum</span> <span class='ocrx_word' id='word_1_168' title='bbox 1080 1980 1123 2005; x_wconf 89' lang='lat' dir='ltr'>in-</span> 
     </span>
     <span class='ocr_line' id='line_1_37' title="bbox 370 2021 1125 2056; baseline -0.007 -6"><span class='ocrx_word' id='word_1_169' title='bbox 370 2028 479 2050; x_wconf 70' lang='lat' dir='ltr'>vectum</span> <span class='ocrx_word' id='word_1_170' title='bbox 500 2024 550 2049; x_wconf 87' lang='lat' dir='ltr'>iam</span> <span class='ocrx_word' id='word_1_171' title='bbox 575 2023 600 2049; x_wconf 90' lang='lat' dir='ltr'>iu</span> <span class='ocrx_word' id='word_1_172' title='bbox 627 2022 723 2049; x_wconf 86' lang='lat' dir='ltr'>Sedem</span> <span class='ocrx_word' id='word_1_173' title='bbox 748 2021 928 2056; x_wconf 76' lang='lat' dir='ltr'>Apostolicam</span> <span class='ocrx_word' id='word_1_174' title='bbox 953 2027 1070 2050; x_wconf 85' lang='lat' dir='ltr'>morem,</span> <span class='ocrx_word' id='word_1_175' title='bbox 1096 2023 1125 2045; x_wconf 89' lang='lat' dir='ltr'>ut</span> 
     </span>
     <span class='ocr_line' id='line_1_38' title="bbox 370 2058 1125 2098; baseline -0.007 -9"><span class='ocrx_word' id='word_1_176' title='bbox 370 2064 486 2098; x_wconf 81' lang='lat' dir='ltr'>episcopi</span> <span class='ocrx_word' id='word_1_177' title='bbox 503 2070 554 2089; x_wconf 92' lang='lat' dir='ltr'>non</span> <span class='ocrx_word' id='word_1_178' title='bbox 571 2064 630 2096; x_wconf 79' lang='lat' dir='ltr'>filii,</span> <span class='ocrx_word' id='word_1_179' title='bbox 647 2061 693 2088; x_wconf 88' lang='lat' dir='ltr'>sed</span> <span class='ocrx_word' id='word_1_180' title='bbox 712 2061 813 2094; x_wconf 78' lang='lat' dir='ltr'>fratres</span> <span class='ocrx_word' id='word_1_181' title='bbox 829 2069 843 2086; x_wconf 89' lang='lat' dir='ltr'>a</span> <span class='ocrx_word' id='word_1_182' title='bbox 870 2061 995 2087; x_wconf 85' lang='lat' dir='ltr'>Romanis</span> <span class='ocrx_word' id='word_1_183' title='bbox 1016 2058 1125 2086; x_wconf 88' lang='lat' dir='ltr'>Pontifi-</span> 
     </span>
     <span class='ocr_line' id='line_1_39' title="bbox 371 2098 1125 2136; baseline -0.005 -7"><span class='ocrx_word' id='word_1_184' title='bbox 371 2103 447 2129; x_wconf 81' lang='lat' dir='ltr'>cibus</span> <span class='ocrx_word' id='word_1_185' title='bbox 463 2105 691 2136; x_wconf 79' lang='lat' dir='ltr'>nuncuparentur.</span> <span class='ocrx_word' id='word_1_186' title='bbox 710 2100 880 2126; x_wconf 79' lang='lat' dir='ltr'>Innocentius</span> <span class='ocrx_word' id='word_1_187' title='bbox 892 2099 1022 2134; x_wconf 85' lang='lat' dir='ltr'>siquidem</span> <span class='ocrx_word' id='word_1_188' title='bbox 1036 2100 1062 2125; x_wconf 89' lang='lat' dir='ltr'>in</span> <span class='ocrx_word' id='word_1_189' title='bbox 1078 2098 1125 2125; x_wconf 75' lang='lat' dir='ltr'>de-</span> 
     </span>
     <span class='ocr_line' id='line_1_40' title="bbox 371 2139 1123 2174; baseline -0.004 -7"><span class='ocrx_word' id='word_1_190' title='bbox 371 2141 462 2168; x_wconf 77' lang='lat' dir='ltr'>cretali</span> <span class='ocrx_word' id='word_1_191' title='bbox 475 2141 648 2167; x_wconf 84' lang='lat' dir='ltr'>Attimecens.</span> <span class='ocrx_word' id='word_1_192' title='bbox 660 2139 785 2174; x_wconf 87' lang='lat' dir='ltr'>episcopo</span> <span class='ocrx_word' id='word_1_193' title='bbox 796 2140 866 2171; x_wconf 80' lang='lat' dir='ltr'>data,</span> <span class='ocrx_word' id='word_1_194' title='bbox 877 2147 934 2174; x_wconf 87' lang='lat' dir='ltr'>cap.</span> <span class='ocrx_word' id='word_1_195' title='bbox 943 2140 1029 2173; x_wconf 77' lang='lat' dir='ltr'>Quam</span> <span class='ocrx_word' id='word_1_196' title='bbox 1039 2141 1123 2171; x_wconf 70' lang='lat' dir='ltr'>gyrari,</span> 
     </span>
     <span class='ocr_line' id='line_1_41' title="bbox 371 2178 1126 2213; baseline -0.004 -7"><span class='ocrx_word' id='word_1_197' title='bbox 371 2184 401 2206; x_wconf 77' lang='lat' dir='ltr'>tle</span> <span class='ocrx_word' id='word_1_198' title='bbox 414 2180 536 2206; x_wconf 77' lang='lat' dir='ltr'>Crimine</span> <span class='ocrx_word' id='word_1_199' title='bbox 545 2179 616 2212; x_wconf 68' lang='lat' dir='ltr'>salsi,</span> <span class='ocrx_word' id='word_1_200' title='bbox 633 2190 643 2202; x_wconf 84' lang='lat'>«</span> <span class='ocrx_word' id='word_1_201' title='bbox 657 2178 778 2205; x_wconf 81' lang='lat' dir='ltr'>Scribere</span> <span class='ocrx_word' id='word_1_202' title='bbox 794 2178 884 2210; x_wconf 80' lang='lat' dir='ltr'>debes,</span> <span class='ocrx_word' id='word_1_203' title='bbox 903 2178 996 2213; x_wconf 83' lang='lat' dir='ltr'>inquit,</span> <span class='ocrx_word' id='word_1_204' title='bbox 1011 2179 1126 2213; x_wconf 75' lang='lat' dir='ltr'>Aposto-</span> 
     </span>
     <span class='ocr_line' id='line_1_42' title="bbox 371 2217 1126 2246; baseline -0.004 0"><span class='ocrx_word' id='word_1_205' title='bbox 371 2220 447 2246; x_wconf 85' lang='lat' dir='ltr'>licam</span> <span class='ocrx_word' id='word_1_206' title='bbox 464 2220 558 2246; x_wconf 84' lang='lat' dir='ltr'>Sedem</span> <span class='ocrx_word' id='word_1_207' title='bbox 584 2217 802 2245; x_wconf 88' lang='lat' dir='ltr'>consuetudinem</span> <span class='ocrx_word' id='word_1_208' title='bbox 826 2218 850 2243; x_wconf 89' lang='lat' dir='ltr'>in</span> <span class='ocrx_word' id='word_1_209' title='bbox 873 2218 929 2244; x_wconf 89' lang='lat' dir='ltr'>suis</span> <span class='ocrx_word' id='word_1_210' title='bbox 946 2218 1039 2244; x_wconf 85' lang='lat' dir='ltr'>litteris</span> <span class='ocrx_word' id='word_1_211' title='bbox 1059 2217 1126 2244; x_wconf 80' lang='lat' dir='ltr'>lianc</span> 
     </span>
     <span class='ocr_line' id='line_1_43' title="bbox 373 2257 1124 2293; baseline -0.003 -8"><span class='ocrx_word' id='word_1_212' title='bbox 373 2263 473 2291; x_wconf 83' lang='lat' dir='ltr'>tenere,</span> <span class='ocrx_word' id='word_1_213' title='bbox 495 2262 523 2285; x_wconf 86' lang='lat' dir='ltr'>ut</span> <span class='ocrx_word' id='word_1_214' title='bbox 540 2258 715 2293; x_wconf 75' lang='lat' dir='ltr'>patriarchas,</span> <span class='ocrx_word' id='word_1_215' title='bbox 730 2257 953 2292; x_wconf 81' lang='lat' dir='ltr'>archiepiscopos,</span> <span class='ocrx_word' id='word_1_216' title='bbox 974 2258 1124 2292; x_wconf 86' lang='lat' dir='ltr'>episcopos,</span> 
     </span>
     <span class='ocr_line' id='line_1_44' title="bbox 373 2298 1125 2332; baseline -0.001 -7"><span class='ocrx_word' id='word_1_217' title='bbox 373 2300 487 2332; x_wconf 77' lang='lat' dir='ltr'>fratres3</span> <span class='ocrx_word' id='word_1_218' title='bbox 510 2302 631 2325; x_wconf 85' lang='lat' dir='ltr'>caeteros</span> <span class='ocrx_word' id='word_1_219' title='bbox 654 2302 753 2329; x_wconf 87' lang='lat' dir='ltr'>autem,</span> <span class='ocrx_word' id='word_1_220' title='bbox 777 2305 852 2331; x_wconf 81' lang='lat' dir='ltr'>reges</span> <span class='ocrx_word' id='word_1_221' title='bbox 871 2301 921 2324; x_wconf 84' lang='lat' dir='ltr'>etc.</span> <span class='ocrx_word' id='word_1_222' title='bbox 939 2299 1006 2330; x_wconf 78' lang='lat' dir='ltr'>lilios</span> <span class='ocrx_word' id='word_1_223' title='bbox 1026 2298 1050 2323; x_wconf 89' lang='lat' dir='ltr'>in</span> <span class='ocrx_word' id='word_1_224' title='bbox 1077 2305 1125 2324; x_wconf 90' lang='lat' dir='ltr'>no-</span> 
     </span>
     <span class='ocr_line' id='line_1_45' title="bbox 373 2336 1126 2373; baseline -0.003 -8"><span class='ocrx_word' id='word_1_225' title='bbox 373 2339 436 2365; x_wconf 90' lang='lat' dir='ltr'>stris</span> <span class='ocrx_word' id='word_1_226' title='bbox 452 2339 534 2365; x_wconf 90' lang='lat' dir='ltr'>literis</span> <span class='ocrx_word' id='word_1_227' title='bbox 552 2337 716 2373; x_wconf 72' lang='lat' dir='ltr'>appellemus</span> <span class='ocrx_word' id='word_1_228' title='bbox 720 2356 773 2363; x_wconf 89' lang='grc'><em>.....</em></span> <span class='ocrx_word' id='word_1_229' title='bbox 802 2338 830 2362; x_wconf 83' lang='grc' dir='ltr'>Ιιι</span> <span class='ocrx_word' id='word_1_230' title='bbox 849 2336 919 2368; x_wconf 78' lang='lat' dir='ltr'>falsis</span> <span class='ocrx_word' id='word_1_231' title='bbox 938 2339 1027 2362; x_wconf 87' lang='lat' dir='ltr'>autem</span> <span class='ocrx_word' id='word_1_232' title='bbox 1043 2336 1126 2363; x_wconf 87' lang='lat' dir='ltr'>literis</span> 
     </span>
     <span class='ocr_line' id='line_1_46' title="bbox 373 2376 1125 2411; baseline -0.001 -9"><span class='ocrx_word' id='word_1_233' title='bbox 373 2377 421 2403; x_wconf 84' lang='lat' dir='ltr'>tibi</span> <span class='ocrx_word' id='word_1_234' title='bbox 438 2378 621 2411; x_wconf 83' lang='lat' dir='ltr'>praesentatis,</span> <span class='ocrx_word' id='word_1_235' title='bbox 639 2377 664 2402; x_wconf 89' lang='lat' dir='ltr'>in</span> <span class='ocrx_word' id='word_1_236' title='bbox 681 2376 838 2402; x_wconf 86' lang='lat' dir='ltr'>salutatione</span> <span class='ocrx_word' id='word_1_237' title='bbox 853 2378 960 2401; x_wconf 76' lang='lat' dir='ltr'>dilectus</span> <span class='ocrx_word' id='word_1_238' title='bbox 977 2379 1003 2401; x_wconf 84' lang='lat' dir='ltr'>in</span> <span class='ocrx_word' id='word_1_239' title='bbox 1021 2376 1125 2402; x_wconf 78' lang='lat' dir='ltr'>Christo</span> 
     </span>
     <span class='ocr_line' id='line_1_47' title="bbox 373 2415 1125 2450; baseline 0.001 -9"><span class='ocrx_word' id='word_1_240' title='bbox 373 2418 444 2449; x_wconf 81' lang='lat' dir='ltr'>filius</span> <span class='ocrx_word' id='word_1_241' title='bbox 466 2417 618 2448; x_wconf 84' lang='lat' dir='ltr'>vocabaris,</span> <span class='ocrx_word' id='word_1_242' title='bbox 644 2424 704 2443; x_wconf 90' lang='lat' dir='ltr'>cum</span> <span class='ocrx_word' id='word_1_243' title='bbox 725 2416 760 2442; x_wconf 86' lang='lat' dir='ltr'>ita</span> <span class='ocrx_word' id='word_1_244' title='bbox 779 2416 876 2447; x_wconf 82' lang='lat' dir='ltr'>literis,</span> <span class='ocrx_word' id='word_1_245' title='bbox 894 2424 960 2450; x_wconf 88' lang='lat' dir='ltr'>quas</span> <span class='ocrx_word' id='word_1_246' title='bbox 984 2415 1125 2449; x_wconf 87' lang='lat' dir='ltr'>aliquando</span> 
     </span>
     <span class='ocr_line' id='line_1_48' title="bbox 374 2454 1126 2489; baseline -0.001 -8"><span class='ocrx_word' id='word_1_247' title='bbox 374 2455 420 2482; x_wconf 83' lang='lat' dir='ltr'>tibi</span> <span class='ocrx_word' id='word_1_248' title='bbox 437 2456 638 2487; x_wconf 84' lang='lat' dir='ltr'>transmisimus,</span> <span class='ocrx_word' id='word_1_249' title='bbox 662 2459 687 2482; x_wconf 85' lang='lat' dir='ltr'>te</span> <span class='ocrx_word' id='word_1_250' title='bbox 712 2455 804 2481; x_wconf 83' lang='lat' dir='ltr'>videre</span> <span class='ocrx_word' id='word_1_251' title='bbox 820 2455 918 2489; x_wconf 88' lang='lat' dir='ltr'>poteris</span> <span class='ocrx_word' id='word_1_252' title='bbox 937 2462 951 2480; x_wconf 89' lang='lat' dir='ltr'>a</span> <span class='ocrx_word' id='word_1_253' title='bbox 971 2454 1047 2481; x_wconf 89' lang='lat' dir='ltr'>nobis</span> <span class='ocrx_word' id='word_1_254' title='bbox 1067 2454 1126 2487; x_wconf 79' lang='lat' dir='ltr'>sra-</span> 
     </span>
     <span class='ocr_line' id='line_1_49' title="bbox 376 2495 1126 2530; baseline -0.001 -10"><span class='ocrx_word' id='word_1_255' title='bbox 376 2498 444 2520; x_wconf 79' lang='lat' dir='ltr'>trem</span> <span class='ocrx_word' id='word_1_256' title='bbox 462 2498 638 2521; x_wconf 75' lang='lat' dir='ltr'>venerabilem</span> <span class='ocrx_word' id='word_1_257' title='bbox 659 2495 820 2530; x_wconf 84' lang='lat' dir='ltr'>appellatum</span> <span class='ocrx_word' id='word_1_258' title='bbox 839 2506 862 2520; x_wconf 76' lang='lat' dir='ltr'>n.</span> <span class='ocrx_word' id='word_1_259' title='bbox 876 2495 974 2520; x_wconf 80' lang='lat' dir='ltr'>Verum</span> <span class='ocrx_word' id='word_1_260' title='bbox 991 2497 1051 2520; x_wconf 86' lang='lat' dir='ltr'>ante</span> <span class='ocrx_word' id='word_1_261' title='bbox 1067 2501 1126 2520; x_wconf 90' lang='lat' dir='ltr'>sae-</span> 
     </span>
     <span class='ocr_line' id='line_1_50' title="bbox 374 2532 1125 2561; baseline -0.003 -1"><span class='ocrx_word' id='word_1_262' title='bbox 374 2534 464 2560; x_wconf 90' lang='lat' dir='ltr'>culum</span> <span class='ocrx_word' id='word_1_263' title='bbox 476 2542 515 2560; x_wconf 78' lang='lat' dir='ltr'>xii</span> <span class='ocrx_word' id='word_1_264' title='bbox 526 2542 576 2560; x_wconf 93' lang='lat' dir='ltr'>non</span> <span class='ocrx_word' id='word_1_265' title='bbox 588 2538 638 2560; x_wconf 87' lang='lat' dir='ltr'>tam</span> <span class='ocrx_word' id='word_1_266' title='bbox 654 2538 776 2561; x_wconf 87' lang='lat' dir='ltr'>accurate</span> <span class='ocrx_word' id='word_1_267' title='bbox 786 2535 826 2560; x_wconf 86' lang='lat' dir='ltr'>his</span> <span class='ocrx_word' id='word_1_268' title='bbox 838 2533 957 2560; x_wconf 81' lang='lat' dir='ltr'>formulis</span> <span class='ocrx_word' id='word_1_269' title='bbox 974 2541 1036 2559; x_wconf 87' lang='lat' dir='ltr'>usos</span> <span class='ocrx_word' id='word_1_270' title='bbox 1046 2532 1125 2559; x_wconf 82' lang='lat' dir='ltr'>fuisse</span> 
     </span>
     <span class='ocr_line' id='line_1_51' title="bbox 374 2572 1125 2604; baseline -0.003 -5"><span class='ocrx_word' id='word_1_271' title='bbox 374 2572 536 2599; x_wconf 83' lang='lat' dir='ltr'>arbitramur</span> <span class='ocrx_word' id='word_1_272' title='bbox 548 2573 680 2599; x_wconf 84' lang='lat' dir='ltr'>Romanos</span> <span class='ocrx_word' id='word_1_273' title='bbox 695 2573 845 2604; x_wconf 81' lang='lat' dir='ltr'>Pontifices,</span> <span class='ocrx_word' id='word_1_274' title='bbox 865 2576 911 2599; x_wconf 88' lang='lat' dir='ltr'>aut</span> <span class='ocrx_word' id='word_1_275' title='bbox 926 2572 1125 2602; x_wconf 77' lang='lat' dir='ltr'>saltem,litera-</span> 
     </span>
     <span class='ocr_line' id='line_1_52' title="bbox 375 2611 1125 2646; baseline -0.001 -8"><span class='ocrx_word' id='word_1_276' title='bbox 375 2620 435 2638; x_wconf 91' lang='lat' dir='ltr'>rum</span> <span class='ocrx_word' id='word_1_277' title='bbox 453 2611 593 2646; x_wconf 86' lang='lat' dir='ltr'>apostolic.</span> <span class='ocrx_word' id='word_1_278' title='bbox 614 2612 768 2646; x_wconf 84' lang='lat' dir='ltr'>scriptores,</span> <span class='ocrx_word' id='word_1_279' title='bbox 786 2616 814 2638; x_wconf 85' lang='lat' dir='ltr'>ut</span> <span class='ocrx_word' id='word_1_280' title='bbox 837 2620 971 2646; x_wconf 83' lang='lat' dir='ltr'>nunquam</span> <span class='ocrx_word' id='word_1_281' title='bbox 988 2612 1125 2646; x_wconf 85' lang='lat' dir='ltr'>episcopos</span> 
     </span>
     <span class='ocr_line' id='line_1_53' title="bbox 375 2650 1122 2687; baseline -0.001 -9"><span class='ocrx_word' id='word_1_282' title='bbox 375 2653 425 2686; x_wconf 72' lang='lat' dir='ltr'>filii</span> <span class='ocrx_word' id='word_1_283' title='bbox 440 2651 516 2679; x_wconf 87' lang='lat' dir='ltr'>titulo</span> <span class='ocrx_word' id='word_1_284' title='bbox 530 2651 696 2687; x_wconf 86' lang='lat' dir='ltr'>appellarint.</span> <span class='ocrx_word' id='word_1_285' title='bbox 735 2652 774 2686; x_wconf 62' lang='grc' dir='ltr'>(ἓ)</span> <span class='ocrx_word' id='word_1_286' title='bbox 786 2652 824 2678; x_wconf 76' lang='lat' dir='ltr'>Ex</span> <span class='ocrx_word' id='word_1_287' title='bbox 835 2651 898 2678; x_wconf 87' lang='lat' dir='ltr'>edit.</span> <span class='ocrx_word' id='word_1_288' title='bbox 910 2650 988 2678; x_wconf 88' lang='lat' dir='ltr'>Card.</span> <span class='ocrx_word' id='word_1_289' title='bbox 1005 2651 1122 2678; x_wconf 80' lang='lat' dir='ltr'>Carasae.</span> 
     </span>
    </p>
   </div>
   <div class='ocr_carea' id='block_1_14' title="bbox 1151 278 1310 301">
    <p class='ocr_par' dir='ltr' id='par_1_14' title="bbox 1151 278 1310 301">
     <span class='ocr_line' id='line_1_54' title="bbox 1151 278 1310 301; baseline -0.013 -1"><span class='ocrx_word' id='word_1_290' title='bbox 1151 278 1239 301; x_wconf 63' lang='lat' dir='ltr'>ROMA</span> <span class='ocrx_word' id='word_1_291' title='bbox 1246 278 1310 300; x_wconf 56' lang='lat' dir='ltr'>Nur.</span> 
     </span>
    </p>
   </div>
   <div class='ocr_carea' id='block_1_15' title="bbox 1162 329 1913 1313">
    <p class='ocr_par' dir='ltr' id='par_1_15' title="bbox 1162 329 1913 1313">
     <span class='ocr_line' id='line_1_55' title="bbox 1162 329 1911 377; baseline -0.001 -11"><span class='ocrx_word' id='word_1_292' title='bbox 1162 332 1275 367; x_wconf 88' lang='lat' dir='ltr'>ctionis</span> <span class='ocrx_word' id='word_1_293' title='bbox 1296 329 1547 365; x_wconf 78' lang='lat' dir='ltr'>convenientiam</span> <span class='ocrx_word' id='word_1_294' title='bbox 1571 329 1601 364; x_wconf 89' lang='lat' dir='ltr'>in</span> <span class='ocrx_word' id='word_1_295' title='bbox 1625 329 1806 377; x_wconf 66' lang='lat' dir='ltr'>Apostolica</span> <span class='ocrx_word' id='word_1_296' title='bbox 1828 329 1911 365; x_wconf 84' lang='lat' dir='ltr'>Sede</span> 
     </span>
     <span class='ocr_line' id='line_1_56' title="bbox 1162 379 1910 425; baseline -0.003 -10"><span class='ocrx_word' id='word_1_297' title='bbox 1162 379 1367 415; x_wconf 82' lang='lat' dir='ltr'>determinata</span> <span class='ocrx_word' id='word_1_298' title='bbox 1401 380 1457 422; x_wconf 81' lang='lat' dir='ltr'>sit,</span> <span class='ocrx_word' id='word_1_299' title='bbox 1481 390 1537 425; x_wconf 89' lang='lat' dir='ltr'>per</span> <span class='ocrx_word' id='word_1_300' title='bbox 1563 379 1668 414; x_wconf 82' lang='lat' dir='ltr'>literas</span> <span class='ocrx_word' id='word_1_301' title='bbox 1699 387 1820 414; x_wconf 87' lang='lat' dir='ltr'>nostras</span> <span class='ocrx_word' id='word_1_302' title='bbox 1847 391 1910 414; x_wconf 90' lang='lat' dir='ltr'>uon</span> 
     </span>
     <span class='ocr_line' id='line_1_57' title="bbox 1162 427 1910 475; baseline -0.001 -12"><span class='ocrx_word' id='word_1_303' title='bbox 1162 429 1256 463; x_wconf 85' lang='lat' dir='ltr'>modo</span> <span class='ocrx_word' id='word_1_304' title='bbox 1283 428 1521 475; x_wconf 84' lang='lat' dir='ltr'>praesentibus,</span> <span class='ocrx_word' id='word_1_305' title='bbox 1549 428 1603 463; x_wconf 90' lang='lat' dir='ltr'>sed</span> <span class='ocrx_word' id='word_1_306' title='bbox 1622 436 1652 463; x_wconf 92' lang='lat' dir='ltr'>et</span> <span class='ocrx_word' id='word_1_307' title='bbox 1666 427 1780 463; x_wconf 82' lang='lat' dir='ltr'>suturis</span> <span class='ocrx_word' id='word_1_308' title='bbox 1801 435 1910 462; x_wconf 90' lang='lat' dir='ltr'>notum</span> 
     </span>
     <span class='ocr_line' id='line_1_58' title="bbox 1163 477 1910 512; baseline 0 0"><span class='ocrx_word' id='word_1_309' title='bbox 1163 478 1229 512; x_wconf 88' lang='lat' dir='ltr'>fieri</span> <span class='ocrx_word' id='word_1_310' title='bbox 1257 478 1413 512; x_wconf 75' lang='lat' dir='ltr'>volumus.</span> <span class='ocrx_word' id='word_1_311' title='bbox 1443 477 1530 511; x_wconf 87' lang='lat' dir='ltr'>Haec</span> <span class='ocrx_word' id='word_1_312' title='bbox 1552 477 1635 511; x_wconf 88' lang='lat' dir='ltr'>enim</span> <span class='ocrx_word' id='word_1_313' title='bbox 1664 489 1757 512; x_wconf 88' lang='lat' dir='ltr'>causa</span> <span class='ocrx_word' id='word_1_314' title='bbox 1784 490 1855 512; x_wconf 90' lang='lat' dir='ltr'>cum</span> <span class='ocrx_word' id='word_1_315' title='bbox 1878 477 1910 512; x_wconf 87' lang='lat' dir='ltr'>in</span> 
     </span>
     <span class='ocr_line' id='line_1_59' title="bbox 1162 526 1912 572; baseline 0.003 -12"><span class='ocrx_word' id='word_1_316' title='bbox 1162 527 1303 561; x_wconf 86' lang='lat' dir='ltr'>secundo</span> <span class='ocrx_word' id='word_1_317' title='bbox 1339 526 1435 561; x_wconf 87' lang='lat' dir='ltr'>nostri</span> <span class='ocrx_word' id='word_1_318' title='bbox 1476 526 1676 572; x_wconf 82' lang='lat' dir='ltr'>pontificatus</span> <span class='ocrx_word' id='word_1_319' title='bbox 1710 539 1792 561; x_wconf 85' lang='lat' dir='ltr'>anno</span> <span class='ocrx_word' id='word_1_320' title='bbox 1825 527 1912 562; x_wconf 89' lang='lat' dir='ltr'>resi—-</span> 
     </span>
     <span class='ocr_line' id='line_1_60' title="bbox 1162 575 1912 611; baseline 0.001 -1"><span class='ocrx_word' id='word_1_321' title='bbox 1162 576 1312 611; x_wconf 85' lang='lat' dir='ltr'>dentibus</span> <span class='ocrx_word' id='word_1_322' title='bbox 1347 588 1407 610; x_wconf 90' lang='lat' dir='ltr'>una</span> <span class='ocrx_word' id='word_1_323' title='bbox 1442 576 1609 611; x_wconf 89' lang='lat' dir='ltr'>nobiscum</span> <span class='ocrx_word' id='word_1_324' title='bbox 1637 576 1666 610; x_wconf 74' lang='lat' dir='ltr'>in</span> <span class='ocrx_word' id='word_1_325' title='bbox 1690 575 1817 610; x_wconf 89' lang='lat' dir='ltr'>basilica</span> <span class='ocrx_word' id='word_1_326' title='bbox 1845 576 1912 611; x_wconf 84' lang='lat' dir='ltr'>Sal-</span> 
     </span>
     <span class='ocr_line' id='line_1_61' title="bbox 1163 624 1911 665; baseline 0 -5"><span class='ocrx_word' id='word_1_327' title='bbox 1163 626 1277 660; x_wconf 79' lang='lat' dir='ltr'>vaioris</span> <span class='ocrx_word' id='word_1_328' title='bbox 1300 625 1408 660; x_wconf 89' lang='lat' dir='ltr'>multis</span> <span class='ocrx_word' id='word_1_329' title='bbox 1430 624 1587 665; x_wconf 88' lang='lat' dir='ltr'>fratribus,</span> <span class='ocrx_word' id='word_1_330' title='bbox 1615 626 1793 660; x_wconf 88' lang='lat' dir='ltr'>convocatis</span> <span class='ocrx_word' id='word_1_331' title='bbox 1815 626 1911 660; x_wconf 86' lang='lat' dir='ltr'>etiam</span> 
     </span>
     <span class='ocr_line' id='line_1_62' title="bbox 1162 674 1910 722; baseline 0 -13"><span class='ocrx_word' id='word_1_332' title='bbox 1162 682 1192 709; x_wconf 90' lang='lat' dir='ltr'>et</span> <span class='ocrx_word' id='word_1_333' title='bbox 1218 687 1322 709; x_wconf 89' lang='lat' dir='ltr'>coram</span> <span class='ocrx_word' id='word_1_334' title='bbox 1347 674 1456 722; x_wconf 89' lang='lat' dir='ltr'>positis</span> <span class='ocrx_word' id='word_1_335' title='bbox 1477 674 1666 722; x_wconf 89' lang='lat' dir='ltr'>supradictis</span> <span class='ocrx_word' id='word_1_336' title='bbox 1691 674 1850 721; x_wconf 88' lang='lat' dir='ltr'>episcopis</span> <span class='ocrx_word' id='word_1_337' title='bbox 1871 675 1910 709; x_wconf 86' lang='lat' dir='ltr'>ad</span> 
     </span>
     <span class='ocr_line' id='line_1_63' title="bbox 1162 723 1910 769; baseline 0.001 -11"><span class='ocrx_word' id='word_1_338' title='bbox 1162 723 1353 759; x_wconf 86' lang='lat' dir='ltr'>audientiam</span> <span class='ocrx_word' id='word_1_339' title='bbox 1394 732 1551 769; x_wconf 86' lang='lat' dir='ltr'>nostram,</span> <span class='ocrx_word' id='word_1_340' title='bbox 1590 731 1621 758; x_wconf 89' lang='lat' dir='ltr'>et</span> <span class='ocrx_word' id='word_1_341' title='bbox 1664 724 1759 758; x_wconf 92' lang='lat' dir='ltr'>totius</span> <span class='ocrx_word' id='word_1_342' title='bbox 1793 724 1910 759; x_wconf 89' lang='lat' dir='ltr'>ibidem</span> 
     </span>
     <span class='ocr_line' id='line_1_64' title="bbox 1162 773 1913 820; baseline 0 -12"><span class='ocrx_word' id='word_1_343' title='bbox 1162 774 1342 820; x_wconf 80' lang='lat' dir='ltr'>congregati</span> <span class='ocrx_word' id='word_1_344' title='bbox 1364 773 1486 808; x_wconf 89' lang='lat' dir='ltr'>concilii</span> <span class='ocrx_word' id='word_1_345' title='bbox 1507 773 1623 820; x_wconf 85' lang='lat' dir='ltr'>perlata</span> <span class='ocrx_word' id='word_1_346' title='bbox 1639 773 1689 818; x_wconf 77' lang='lat' dir='ltr'>sit,</span> <span class='ocrx_word' id='word_1_347' title='bbox 1712 773 1766 808; x_wconf 91' lang='lat' dir='ltr'>diu</span> <span class='ocrx_word' id='word_1_348' title='bbox 1785 781 1816 809; x_wconf 89' lang='lat' dir='ltr'>et</span> <span class='ocrx_word' id='word_1_349' title='bbox 1833 774 1913 808; x_wconf 87' lang='lat' dir='ltr'>mul-</span> 
     </span>
     <span class='ocr_line' id='line_1_65' title="bbox 1162 822 1912 870; baseline 0.001 -14"><span class='ocrx_word' id='word_1_350' title='bbox 1162 830 1227 857; x_wconf 88' lang='lat' dir='ltr'>tum</span> <span class='ocrx_word' id='word_1_351' title='bbox 1257 823 1419 870; x_wconf 84' lang='lat' dir='ltr'>inquisita,</span> <span class='ocrx_word' id='word_1_352' title='bbox 1442 830 1535 869; x_wconf 86' lang='lat' dir='ltr'>atque</span> <span class='ocrx_word' id='word_1_353' title='bbox 1567 823 1677 857; x_wconf 89' lang='lat' dir='ltr'>rimata</span> <span class='ocrx_word' id='word_1_354' title='bbox 1703 830 1788 857; x_wconf 85' lang='lat' dir='ltr'>tanta</span> <span class='ocrx_word' id='word_1_355' title='bbox 1815 822 1912 857; x_wconf 90' lang='lat' dir='ltr'>ambi-</span> 
     </span>
     <span class='ocr_line' id='line_1_66' title="bbox 1162 872 1912 918; baseline 0.001 -12"><span class='ocrx_word' id='word_1_356' title='bbox 1162 872 1300 917; x_wconf 78' lang='lat' dir='ltr'>guitate,</span> <span class='ocrx_word' id='word_1_357' title='bbox 1334 880 1364 907; x_wconf 87' lang='lat' dir='ltr'>et</span> <span class='ocrx_word' id='word_1_358' title='bbox 1388 872 1644 918; x_wconf 72' lang='lat' dir='ltr'>perplexionibus</span> <span class='ocrx_word' id='word_1_359' title='bbox 1667 872 1805 907; x_wconf 84' lang='lat' dir='ltr'>involuta</span> <span class='ocrx_word' id='word_1_360' title='bbox 1828 872 1912 907; x_wconf 85' lang='lat' dir='ltr'>vide-</span> 
     </span>
     <span class='ocr_line' id='line_1_67' title="bbox 1163 921 1913 961; baseline 0 -5"><span class='ocrx_word' id='word_1_361' title='bbox 1163 921 1271 961; x_wconf 88' lang='lat' dir='ltr'>batur,</span> <span class='ocrx_word' id='word_1_362' title='bbox 1302 928 1334 955; x_wconf 89' lang='lat' dir='ltr'>ut</span> <span class='ocrx_word' id='word_1_363' title='bbox 1360 921 1396 955; x_wconf 85' lang='lat' dir='ltr'>ad</span> <span class='ocrx_word' id='word_1_364' title='bbox 1425 922 1579 956; x_wconf 88' lang='lat' dir='ltr'>sinceram</span> <span class='ocrx_word' id='word_1_365' title='bbox 1608 921 1745 955; x_wconf 86' lang='lat' dir='ltr'>veritatis</span> <span class='ocrx_word' id='word_1_366' title='bbox 1767 930 1797 956; x_wconf 89' lang='lat' dir='ltr'>et</span> <span class='ocrx_word' id='word_1_367' title='bbox 1825 922 1913 956; x_wconf 89' lang='lat' dir='ltr'>iusti-</span> 
     </span>
     <span class='ocr_line' id='line_1_68' title="bbox 1162 970 1912 1018; baseline 0.003 -14"><span class='ocrx_word' id='word_1_368' title='bbox 1162 970 1223 1005; x_wconf 86' lang='lat' dir='ltr'>tiae</span> <span class='ocrx_word' id='word_1_369' title='bbox 1256 970 1505 1018; x_wconf 85' lang='lat' dir='ltr'>explorationem</span> <span class='ocrx_word' id='word_1_370' title='bbox 1541 982 1596 1018; x_wconf 91' lang='lat' dir='ltr'>per</span> <span class='ocrx_word' id='word_1_371' title='bbox 1630 982 1685 1010; x_wconf 73' lang='lat' dir='ltr'>ea,</span> <span class='ocrx_word' id='word_1_372' title='bbox 1721 983 1802 1017; x_wconf 90' lang='lat' dir='ltr'>quae</span> <span class='ocrx_word' id='word_1_373' title='bbox 1836 979 1912 1006; x_wconf 88' lang='lat' dir='ltr'>tunc</span> 
     </span>
     <span class='ocr_line' id='line_1_69' title="bbox 1163 1019 1910 1067; baseline 0.001 -13"><span class='ocrx_word' id='word_1_374' title='bbox 1163 1019 1301 1054; x_wconf 85' lang='lat' dir='ltr'>adbibita</span> <span class='ocrx_word' id='word_1_375' title='bbox 1323 1027 1397 1054; x_wconf 86' lang='lat' dir='ltr'>sunt</span> <span class='ocrx_word' id='word_1_376' title='bbox 1419 1020 1545 1060; x_wconf 83' lang='lat' dir='ltr'>iudicia,</span> <span class='ocrx_word' id='word_1_377' title='bbox 1567 1019 1696 1067; x_wconf 88' lang='lat' dir='ltr'>perduci</span> <span class='ocrx_word' id='word_1_378' title='bbox 1712 1032 1774 1054; x_wconf 91' lang='lat' dir='ltr'>non</span> <span class='ocrx_word' id='word_1_379' title='bbox 1795 1028 1910 1067; x_wconf 86' lang='lat' dir='ltr'>posset.</span> 
     </span>
     <span class='ocr_line' id='line_1_70' title="bbox 1162 1068 1912 1117; baseline 0.003 -14"><span class='ocrx_word' id='word_1_380' title='bbox 1162 1069 1279 1104; x_wconf 87' lang='lat' dir='ltr'>Verum</span> <span class='ocrx_word' id='word_1_381' title='bbox 1294 1081 1332 1104; x_wconf 90' lang='lat' dir='ltr'>ue</span> <span class='ocrx_word' id='word_1_382' title='bbox 1355 1069 1479 1103; x_wconf 92' lang='lat' dir='ltr'>illorum</span> <span class='ocrx_word' id='word_1_383' title='bbox 1502 1069 1662 1104; x_wconf 84' lang='lat' dir='ltr'>altercatio</span> <span class='ocrx_word' id='word_1_384' title='bbox 1683 1068 1801 1117; x_wconf 85' lang='lat' dir='ltr'>absque</span> <span class='ocrx_word' id='word_1_385' title='bbox 1825 1070 1912 1117; x_wconf 86' lang='lat' dir='ltr'>pacis</span> 
     </span>
     <span class='ocr_line' id='line_1_71' title="bbox 1164 1117 1912 1162; baseline 0.001 -10"><span class='ocrx_word' id='word_1_386' title='bbox 1164 1118 1339 1153; x_wconf 89' lang='lat' dir='ltr'>interventu</span> <span class='ocrx_word' id='word_1_387' title='bbox 1363 1118 1494 1162; x_wconf 90' lang='lat' dir='ltr'>diutius,</span> <span class='ocrx_word' id='word_1_388' title='bbox 1520 1125 1575 1152; x_wconf 88' lang='lat' dir='ltr'>aut</span> <span class='ocrx_word' id='word_1_389' title='bbox 1601 1117 1736 1153; x_wconf 84' lang='lat' dir='ltr'>fraterna</span> <span class='ocrx_word' id='word_1_390' title='bbox 1758 1118 1840 1159; x_wconf 79' lang='lat' dir='ltr'>odia,</span> <span class='ocrx_word' id='word_1_391' title='bbox 1857 1126 1912 1153; x_wconf 83' lang='lat' dir='ltr'>aut</span> 
     </span>
     <span class='ocr_line' id='line_1_72' title="bbox 1162 1167 1911 1215; baseline 0.003 -14"><span class='ocrx_word' id='word_1_392' title='bbox 1162 1168 1265 1214; x_wconf 87' lang='lat' dir='ltr'>aliqua</span> <span class='ocrx_word' id='word_1_393' title='bbox 1295 1167 1472 1215; x_wconf 88' lang='lat' dir='ltr'>periculosa</span> <span class='ocrx_word' id='word_1_394' title='bbox 1498 1167 1591 1207; x_wconf 84' lang='lat' dir='ltr'>hinc,</span> <span class='ocrx_word' id='word_1_395' title='bbox 1619 1167 1668 1202; x_wconf 84' lang='lat' dir='ltr'>vel</span> <span class='ocrx_word' id='word_1_396' title='bbox 1695 1167 1780 1202; x_wconf 91' lang='lat' dir='ltr'>illinc</span> <span class='ocrx_word' id='word_1_397' title='bbox 1807 1168 1911 1203; x_wconf 89' lang='lat' dir='ltr'>studia</span> 
     </span>
     <span class='ocr_line' id='line_1_73' title="bbox 1163 1216 1912 1257; baseline 0.001 -6"><span class='ocrx_word' id='word_1_398' title='bbox 1163 1217 1368 1257; x_wconf 73' lang='lat' dir='ltr'>accenderet,</span> <span class='ocrx_word' id='word_1_399' title='bbox 1393 1229 1465 1252; x_wconf 89' lang='lat' dir='ltr'>cum</span> <span class='ocrx_word' id='word_1_400' title='bbox 1484 1216 1618 1251; x_wconf 89' lang='lat' dir='ltr'>consilio</span> <span class='ocrx_word' id='word_1_401' title='bbox 1641 1216 1770 1251; x_wconf 85' lang='lat' dir='ltr'>fratrum</span> <span class='ocrx_word' id='word_1_402' title='bbox 1794 1225 1912 1252; x_wconf 89' lang='lat' dir='ltr'>nostro-</span> 
     </span>
     <span class='ocr_line' id='line_1_74' title="bbox 1164 1265 1913 1313; baseline 0.001 -13"><span class='ocrx_word' id='word_1_403' title='bbox 1164 1279 1231 1300; x_wconf 90' lang='lat' dir='ltr'>rum</span> <span class='ocrx_word' id='word_1_404' title='bbox 1260 1278 1386 1301; x_wconf 86' lang='lat' dir='ltr'>causam</span> <span class='ocrx_word' id='word_1_405' title='bbox 1415 1267 1455 1301; x_wconf 89' lang='lat' dir='ltr'>ita</span> <span class='ocrx_word' id='word_1_406' title='bbox 1483 1278 1520 1301; x_wconf 81' lang='lat' dir='ltr'>ex</span> <span class='ocrx_word' id='word_1_407' title='bbox 1542 1278 1642 1313; x_wconf 87' lang='lat' dir='ltr'>aequo</span> <span class='ocrx_word' id='word_1_408' title='bbox 1665 1265 1769 1300; x_wconf 89' lang='lat' dir='ltr'>dirimi</span> <span class='ocrx_word' id='word_1_409' title='bbox 1797 1266 1913 1301; x_wconf 86' lang='lat' dir='ltr'>consti·</span> 
     </span>
    </p>
   </div>
   <div class='ocr_carea' id='block_1_16' title="bbox 1104 1315 1913 1361">
    <p class='ocr_par' dir='ltr' id='par_1_16' title="bbox 1104 1315 1913 1361">
     <span class='ocr_line' id='line_1_75' title="bbox 1104 1315 1913 1361; baseline 0.001 -12"><span class='ocrx_word' id='word_1_410' title='bbox 1104 1336 1113 1340; x_wconf 90' lang='lat'>-</span> <span class='ocrx_word' id='word_1_411' title='bbox 1163 1315 1300 1355; x_wconf 72' lang='lat' dir='ltr'>tuimus,</span> <span class='ocrx_word' id='word_1_412' title='bbox 1324 1324 1356 1350; x_wconf 93' lang='lat' dir='ltr'>ut</span> <span class='ocrx_word' id='word_1_413' title='bbox 1379 1315 1501 1355; x_wconf 91' lang='lat' dir='ltr'>omnia,</span> <span class='ocrx_word' id='word_1_414' title='bbox 1536 1315 1575 1350; x_wconf 89' lang='lat' dir='ltr'>de</span> <span class='ocrx_word' id='word_1_415' title='bbox 1602 1315 1718 1361; x_wconf 89' lang='lat' dir='ltr'>quibus</span> <span class='ocrx_word' id='word_1_416' title='bbox 1749 1315 1830 1350; x_wconf 88' lang='lat' dir='ltr'>inter</span> <span class='ocrx_word' id='word_1_417' title='bbox 1858 1327 1913 1351; x_wconf 88' lang='lat' dir='ltr'>eos</span> 
     </span>
    </p>
   </div>
   <div class='ocr_carea' id='block_1_17' title="bbox 1163 1364 1915 2001">
    <p class='ocr_par' dir='ltr' id='par_1_17' title="bbox 1163 1364 1915 2001">
     <span class='ocr_line' id='line_1_76' title="bbox 1163 1364 1913 1411; baseline 0 -12"><span class='ocrx_word' id='word_1_418' title='bbox 1163 1365 1323 1399; x_wconf 88' lang='lat' dir='ltr'>contentio</span> <span class='ocrx_word' id='word_1_419' title='bbox 1350 1364 1445 1403; x_wconf 77' lang='lat' dir='ltr'>soret,</span> <span class='ocrx_word' id='word_1_420' title='bbox 1475 1376 1529 1411; x_wconf 91' lang='lat' dir='ltr'>per</span> <span class='ocrx_word' id='word_1_421' title='bbox 1555 1364 1695 1398; x_wconf 85' lang='lat' dir='ltr'>medium</span> <span class='ocrx_word' id='word_1_422' title='bbox 1723 1364 1913 1400; x_wconf 85' lang='lat' dir='ltr'>divideren—</span> 
     </span>
     <span class='ocr_line' id='line_1_77' title="bbox 1163 1413 1912 1460; baseline 0.001 -13"><span class='ocrx_word' id='word_1_423' title='bbox 1163 1421 1231 1453; x_wconf 87' lang='lat' dir='ltr'>tur,</span> <span class='ocrx_word' id='word_1_424' title='bbox 1267 1422 1297 1448; x_wconf 85' lang='lat' dir='ltr'>et</span> <span class='ocrx_word' id='word_1_425' title='bbox 1331 1414 1382 1448; x_wconf 89' lang='lat' dir='ltr'>hic</span> <span class='ocrx_word' id='word_1_426' title='bbox 1409 1426 1519 1457; x_wconf 82' lang='lat' dir='ltr'>unam,</span> <span class='ocrx_word' id='word_1_427' title='bbox 1553 1413 1604 1447; x_wconf 87' lang='lat' dir='ltr'>ille</span> <span class='ocrx_word' id='word_1_428' title='bbox 1638 1413 1767 1448; x_wconf 85' lang='lat' dir='ltr'>alteram</span> <span class='ocrx_word' id='word_1_429' title='bbox 1791 1421 1912 1460; x_wconf 88' lang='lat' dir='ltr'>partem</span> 
     </span>
     <span class='ocr_line' id='line_1_78' title="bbox 1163 1462 1912 1510; baseline 0.001 -14"><span class='ocrx_word' id='word_1_430' title='bbox 1163 1462 1287 1497; x_wconf 86' lang='lat' dir='ltr'>interim</span> <span class='ocrx_word' id='word_1_431' title='bbox 1316 1463 1433 1510; x_wconf 82' lang='lat' dir='ltr'>absque</span> <span class='ocrx_word' id='word_1_432' title='bbox 1458 1462 1544 1497; x_wconf 89' lang='lat' dir='ltr'>omni</span> <span class='ocrx_word' id='word_1_433' title='bbox 1578 1462 1798 1509; x_wconf 88' lang='lat' dir='ltr'>inquietudine</span> <span class='ocrx_word' id='word_1_434' title='bbox 1828 1470 1912 1497; x_wconf 83' lang='lat' dir='ltr'>tene-</span> 
     </span>
     <span class='ocr_line' id='line_1_79' title="bbox 1164 1511 1913 1558; baseline 0 -12"><span class='ocrx_word' id='word_1_435' title='bbox 1164 1519 1244 1552; x_wconf 86' lang='lat' dir='ltr'>rent,</span> <span class='ocrx_word' id='word_1_436' title='bbox 1266 1511 1367 1546; x_wconf 89' lang='lat' dir='ltr'>donec</span> <span class='ocrx_word' id='word_1_437' title='bbox 1389 1512 1413 1546; x_wconf 92' lang='lat' dir='ltr'>si</span> <span class='ocrx_word' id='word_1_438' title='bbox 1436 1511 1589 1558; x_wconf 88' lang='lat' dir='ltr'>apertiora</span> <span class='ocrx_word' id='word_1_439' title='bbox 1612 1511 1728 1546; x_wconf 87' lang='lat' dir='ltr'>iudicia</span> <span class='ocrx_word' id='word_1_440' title='bbox 1751 1511 1816 1546; x_wconf 86' lang='lat' dir='ltr'>sive</span> <span class='ocrx_word' id='word_1_441' title='bbox 1831 1511 1913 1546; x_wconf 88' lang='lat' dir='ltr'>scri-</span> 
     </span>
     <span class='ocr_line' id='line_1_80' title="bbox 1164 1560 1914 1608; baseline 0 -13"><span class='ocrx_word' id='word_1_442' title='bbox 1164 1568 1235 1607; x_wconf 84' lang='lat' dir='ltr'>pto,</span> <span class='ocrx_word' id='word_1_443' title='bbox 1262 1569 1315 1595; x_wconf 88' lang='lat' dir='ltr'>aut</span> <span class='ocrx_word' id='word_1_444' title='bbox 1339 1561 1487 1607; x_wconf 81' lang='lat' dir='ltr'>congruis</span> <span class='ocrx_word' id='word_1_445' title='bbox 1522 1560 1656 1595; x_wconf 87' lang='lat' dir='ltr'>testibus</span> <span class='ocrx_word' id='word_1_446' title='bbox 1679 1560 1822 1595; x_wconf 79' lang='lat' dir='ltr'>invenire</span> <span class='ocrx_word' id='word_1_447' title='bbox 1843 1573 1914 1608; x_wconf 87' lang='lat' dir='ltr'>pos-</span> 
     </span>
     <span class='ocr_line' id='line_1_81' title="bbox 1164 1609 1911 1656; baseline 0 -12"><span class='ocrx_word' id='word_1_448' title='bbox 1164 1618 1251 1648; x_wconf 71' lang='lat' dir='ltr'>sent,</span> <span class='ocrx_word' id='word_1_449' title='bbox 1290 1610 1535 1656; x_wconf 85' lang='lat' dir='ltr'>diligentissime</span> <span class='ocrx_word' id='word_1_450' title='bbox 1579 1609 1814 1656; x_wconf 85' lang='lat' dir='ltr'>investigarent.</span> <span class='ocrx_word' id='word_1_451' title='bbox 1861 1609 1911 1644; x_wconf 81' lang='lat' dir='ltr'>Ad</span> 
     </span>
     <span class='ocr_line' id='line_1_82' title="bbox 1163 1658 1913 1706; baseline 0.003 -14"><span class='ocrx_word' id='word_1_452' title='bbox 1163 1659 1248 1706; x_wconf 89' lang='lat' dir='ltr'>quod</span> <span class='ocrx_word' id='word_1_453' title='bbox 1270 1659 1461 1699; x_wconf 83' lang='lat' dir='ltr'>faciendum,</span> <span class='ocrx_word' id='word_1_454' title='bbox 1484 1670 1523 1693; x_wconf 90' lang='lat' dir='ltr'>ne</span> <span class='ocrx_word' id='word_1_455' title='bbox 1537 1658 1616 1693; x_wconf 83' lang='lat' dir='ltr'>sorte</span> <span class='ocrx_word' id='word_1_456' title='bbox 1632 1659 1833 1694; x_wconf 85' lang='lat' dir='ltr'>suscitandae</span> <span class='ocrx_word' id='word_1_457' title='bbox 1849 1659 1913 1694; x_wconf 87' lang='lat' dir='ltr'>litis</span> 
     </span>
     <span class='ocr_line' id='line_1_83' title="bbox 1164 1708 1914 1747; baseline 0 -5"><span class='ocrx_word' id='word_1_458' title='bbox 1164 1708 1304 1743; x_wconf 80' lang='lat' dir='ltr'>infinitae</span> <span class='ocrx_word' id='word_1_459' title='bbox 1323 1708 1462 1743; x_wconf 88' lang='lat' dir='ltr'>alterutri</span> <span class='ocrx_word' id='word_1_460' title='bbox 1485 1708 1612 1742; x_wconf 90' lang='lat' dir='ltr'>daretur</span> <span class='ocrx_word' id='word_1_461' title='bbox 1638 1708 1774 1747; x_wconf 82' lang='lat' dir='ltr'>occasio,</span> <span class='ocrx_word' id='word_1_462' title='bbox 1801 1708 1914 1742; x_wconf 88' lang='lat' dir='ltr'>termi-</span> 
     </span>
     <span class='ocr_line' id='line_1_84' title="bbox 1165 1757 1915 1805; baseline 0 -13"><span class='ocrx_word' id='word_1_463' title='bbox 1165 1770 1240 1792; x_wconf 89' lang='lat' dir='ltr'>num</span> <span class='ocrx_word' id='word_1_464' title='bbox 1271 1757 1399 1805; x_wconf 79' lang='lat' dir='ltr'>quoque</span> <span class='ocrx_word' id='word_1_465' title='bbox 1432 1758 1478 1792; x_wconf 92' lang='lat' dir='ltr'>eis</span> <span class='ocrx_word' id='word_1_466' title='bbox 1503 1757 1614 1792; x_wconf 86' lang='lat' dir='ltr'>decem</span> <span class='ocrx_word' id='word_1_467' title='bbox 1641 1769 1796 1792; x_wconf 90' lang='lat' dir='ltr'>annorum</span> <span class='ocrx_word' id='word_1_468' title='bbox 1829 1770 1915 1804; x_wconf 89' lang='lat' dir='ltr'>prae-</span> 
     </span>
     <span class='ocr_line' id='line_1_85' title="bbox 1166 1806 1912 1854; baseline 0.001 -13"><span class='ocrx_word' id='word_1_469' title='bbox 1166 1807 1302 1845; x_wconf 76' lang='lat' dir='ltr'>fiximus,</span> <span class='ocrx_word' id='word_1_470' title='bbox 1327 1814 1359 1840; x_wconf 91' lang='lat' dir='ltr'>ut</span> <span class='ocrx_word' id='word_1_471' title='bbox 1384 1807 1436 1854; x_wconf 87' lang='lat' dir='ltr'>qui</span> <span class='ocrx_word' id='word_1_472' title='bbox 1459 1808 1553 1841; x_wconf 83' lang='lat' dir='ltr'>certis</span> <span class='ocrx_word' id='word_1_473' title='bbox 1573 1806 1855 1853; x_wconf 87' lang='lat' dir='ltr'>approbationibus</span> <span class='ocrx_word' id='word_1_474' title='bbox 1873 1807 1912 1842; x_wconf 90' lang='lat' dir='ltr'>ad</span> 
     </span>
     <span class='ocr_line' id='line_1_86' title="bbox 1165 1855 1913 1902; baseline 0 -13"><span class='ocrx_word' id='word_1_475' title='bbox 1165 1856 1314 1890; x_wconf 86' lang='lat' dir='ltr'>iustitiam</span> <span class='ocrx_word' id='word_1_476' title='bbox 1352 1868 1386 1890; x_wconf 89' lang='lat' dir='ltr'>se</span> <span class='ocrx_word' id='word_1_477' title='bbox 1425 1855 1604 1902; x_wconf 83' lang='lat' dir='ltr'>pertingere</span> <span class='ocrx_word' id='word_1_478' title='bbox 1642 1867 1736 1902; x_wconf 87' lang='lat' dir='ltr'>posse</span> <span class='ocrx_word' id='word_1_479' title='bbox 1767 1855 1913 1897; x_wconf 83' lang='lat' dir='ltr'>confidit,</span> 
     </span>
     <span class='ocr_line' id='line_1_87' title="bbox 1166 1905 1913 1952; baseline 0.001 -14"><span class='ocrx_word' id='word_1_480' title='bbox 1166 1905 1244 1939; x_wconf 86' lang='lat' dir='ltr'>infra</span> <span class='ocrx_word' id='word_1_481' title='bbox 1266 1905 1473 1952; x_wconf 85' lang='lat' dir='ltr'>praelibatum</span> <span class='ocrx_word' id='word_1_482' title='bbox 1498 1905 1666 1939; x_wconf 83' lang='lat' dir='ltr'>terminum</span> <span class='ocrx_word' id='word_1_483' title='bbox 1686 1905 1913 1951; x_wconf 85' lang='lat' dir='ltr'>proclamandi,</span> 
     </span>
     <span class='ocr_line' id='line_1_88' title="bbox 1165 1953 1914 2001; baseline 0.001 -14"><span class='ocrx_word' id='word_1_484' title='bbox 1165 1961 1195 1988; x_wconf 90' lang='lat' dir='ltr'>et</span> <span class='ocrx_word' id='word_1_485' title='bbox 1213 1953 1428 2001; x_wconf 88' lang='lat' dir='ltr'>consequendi</span> <span class='ocrx_word' id='word_1_486' title='bbox 1454 1954 1503 1988; x_wconf 87' lang='lat' dir='ltr'>ius</span> <span class='ocrx_word' id='word_1_487' title='bbox 1525 1953 1685 1988; x_wconf 88' lang='lat' dir='ltr'>Ecclesiae</span> <span class='ocrx_word' id='word_1_488' title='bbox 1706 1965 1797 1993; x_wconf 86' lang='lat' dir='ltr'>suae,</span> <span class='ocrx_word' id='word_1_489' title='bbox 1818 1953 1914 1988; x_wconf 88' lang='lat' dir='ltr'>licen-</span> 
     </span>
    </p>
   </div>
   <div class='ocr_carea' id='block_1_18' title="bbox 1935 295 2122 324">
    <p class='ocr_par' dir='ltr' id='par_1_18' title="bbox 1935 295 2122 324">
     <span class='ocr_line' id='line_1_89' title="bbox 1935 295 2122 324; baseline 0.005 -1"><span class='ocrx_word' id='word_1_490' title='bbox 1935 295 1984 324; x_wconf 84' lang='lat' dir='ltr'>An.</span> <span class='ocrx_word' id='word_1_491' title='bbox 2005 296 2035 324; x_wconf 91' lang='lat' dir='ltr'>C.</span> <span class='ocrx_word' id='word_1_492' title='bbox 2053 296 2122 324; x_wconf 88' lang='lat'>1075</span> 
     </span>
    </p>
   </div>
   <div class='ocr_carea' id='block_1_19' title="bbox 1962 489 2114 512">
    <p class='ocr_par' dir='ltr' id='par_1_19' title="bbox 1962 489 2114 512">
     <span class='ocr_line' id='line_1_90' title="bbox 1962 489 2114 512; baseline -0.013 0"><span class='ocrx_word' id='word_1_493' title='bbox 1962 489 2035 512; x_wconf 61' lang='grc' dir='ltr'>εει-ἴοι</span> <span class='ocrx_word' id='word_1_494' title='bbox 2057 490 2114 512; x_wconf 75' lang='lat' dir='ltr'>tacti.</span> 
     </span>
    </p>
   </div>
   <div class='ocr_carea' id='block_1_20' title="bbox 1939 1231 2126 1385">
    <p class='ocr_par' dir='ltr' id='par_1_20' title="bbox 1939 1231 2126 1363">
     <span class='ocr_line' id='line_1_91' title="bbox 1951 1231 2126 1253; baseline -0.011 0"><span class='ocrx_word' id='word_1_495' title='bbox 1951 1231 2032 1253; x_wconf 73' lang='lat' dir='ltr'>Divisio</span> <span class='ocrx_word' id='word_1_496' title='bbox 2041 1231 2126 1252; x_wconf 63' lang='lat' dir='ltr'>reici-n·</span> 
     </span>
     <span class='ocr_line' id='line_1_92' title="bbox 1940 1258 2126 1281; baseline -0.005 -3"><span class='ocrx_word' id='word_1_497' title='bbox 1940 1260 2049 1279; x_wconf 71' lang='lat' dir='ltr'>traversae</span> <span class='ocrx_word' id='word_1_498' title='bbox 2060 1274 2065 1281; x_wconf 84' lang='lat'>‚</span> <span class='ocrx_word' id='word_1_499' title='bbox 2089 1258 2126 1278; x_wconf 82' lang='lat' dir='ltr'>do-</span> 
     </span>
     <span class='ocr_line' id='line_1_93' title="bbox 1948 1290 2116 1310; baseline -0.012 -4"><span class='ocrx_word' id='word_1_500' title='bbox 1948 1290 1987 1306; x_wconf 78' lang='lat' dir='ltr'>noc</span> <span class='ocrx_word' id='word_1_501' title='bbox 2022 1290 2116 1310; x_wconf 76' lang='lat' dir='ltr'>congru-1</span> 
     </span>
     <span class='ocr_line' id='line_1_94' title="bbox 1939 1311 2126 1336; baseline -0.011 -4"><span class='ocrx_word' id='word_1_502' title='bbox 1939 1312 2007 1336; x_wconf 73' lang='lat' dir='ltr'>magis</span> <span class='ocrx_word' id='word_1_503' title='bbox 2028 1311 2082 1331; x_wconf 80' lang='lat' dir='ltr'>ratio</span> <span class='ocrx_word' id='word_1_504' title='bbox 2096 1311 2126 1330; x_wconf 83' lang='lat' dir='ltr'>al-</span> 
     </span>
     <span class='ocr_line' id='line_1_95' title="bbox 1941 1339 2126 1363; baseline -0.011 -5"><span class='ocrx_word' id='word_1_505' title='bbox 1941 1340 2021 1359; x_wconf 65' lang='lat' dir='ltr'>tei-utra</span> <span class='ocrx_word' id='word_1_506' title='bbox 2032 1343 2057 1358; x_wconf 86' lang='lat' dir='ltr'>ex</span> <span class='ocrx_word' id='word_1_507' title='bbox 2067 1339 2126 1363; x_wconf 74' lang='lat' dir='ltr'>parte</span> 
     </span>
    </p>

    <p class='ocr_par' dir='ltr' id='par_1_21' title="bbox 1942 1364 2049 1385">
     <span class='ocr_line' id='line_1_96' title="bbox 1942 1364 2049 1385; baseline -0.009 0"><span class='ocrx_word' id='word_1_508' title='bbox 1942 1364 2049 1385; x_wconf 75' lang='lat' dir='ltr'>afferatur.</span> 
     </span>
    </p>
   </div>
   <div class='ocr_carea' id='block_1_21' title="bbox 1941 1622 2127 1776">
    <p class='ocr_par' dir='ltr' id='par_1_22' title="bbox 1941 1622 2127 1776">
     <span class='ocr_line' id='line_1_97' title="bbox 1961 1622 2126 1643; baseline -0.006 0"><span class='ocrx_word' id='word_1_509' title='bbox 1961 1622 2071 1643; x_wconf 61' lang='lat' dir='ltr'>Terminus</span> <span class='ocrx_word' id='word_1_510' title='bbox 2091 1622 2126 1642; x_wconf 78' lang='lat' dir='ltr'>de·</span> 
     </span>
     <span class='ocr_line' id='line_1_98' title="bbox 1948 1654 2120 1670; baseline -0.012 0"><span class='ocrx_word' id='word_1_511' title='bbox 1948 1655 1993 1670; x_wconf 81' lang='lat' dir='ltr'>cem</span> <span class='ocrx_word' id='word_1_512' title='bbox 2018 1654 2120 1669; x_wconf 76' lang='lat' dir='ltr'>annorum</span> 
     </span>
     <span class='ocr_line' id='line_1_99' title="bbox 1941 1675 2126 1702; baseline -0.005 -6"><span class='ocrx_word' id='word_1_513' title='bbox 1941 1676 2025 1702; x_wconf 80' lang='lat' dir='ltr'>utrique</span> <span class='ocrx_word' id='word_1_514' title='bbox 2041 1675 2068 1695; x_wconf 85' lang='lat' dir='ltr'>ad</span> <span class='ocrx_word' id='word_1_515' title='bbox 2078 1680 2126 1701; x_wconf 86' lang='lat' dir='ltr'>pro-</span> 
     </span>
     <span class='ocr_line' id='line_1_100' title="bbox 1941 1701 2126 1727; baseline -0.005 -4"><span class='ocrx_word' id='word_1_516' title='bbox 1941 1702 2040 1723; x_wconf 61' lang='lat' dir='ltr'>bationes</span> <span class='ocrx_word' id='word_1_517' title='bbox 2049 1701 2126 1727; x_wconf 81' lang='lat' dir='ltr'>produ-</span> 
     </span>
     <span class='ocr_line' id='line_1_101' title="bbox 1941 1728 2127 1750; baseline -0.011 0"><span class='ocrx_word' id='word_1_518' title='bbox 1941 1728 2020 1750; x_wconf 71' lang='lat' dir='ltr'>cendas</span> <span class='ocrx_word' id='word_1_519' title='bbox 2040 1733 2127 1748; x_wconf 84' lang='lat' dir='ltr'>conces-</span> 
     </span>
     <span class='ocr_line' id='line_1_102' title="bbox 1943 1762 1986 1776; baseline -0.023 0"><span class='ocrx_word' id='word_1_520' title='bbox 1943 1762 1986 1776; x_wconf 74' lang='lat' dir='ltr'>sus.</span> 
     </span>
    </p>
   </div>
   <div class='ocr_carea' id='block_1_22' title="bbox 1166 2002 1962 2049">
    <p class='ocr_par' dir='ltr' id='par_1_23' title="bbox 1166 2002 1962 2049">
     <span class='ocr_line' id='line_1_103' title="bbox 1166 2002 1962 2049; baseline 0 -13"><span class='ocrx_word' id='word_1_521' title='bbox 1166 2002 1239 2036; x_wconf 90' lang='lat' dir='ltr'>tiam</span> <span class='ocrx_word' id='word_1_522' title='bbox 1267 2011 1298 2037; x_wconf 92' lang='lat' dir='ltr'>et</span> <span class='ocrx_word' id='word_1_523' title='bbox 1319 2010 1505 2049; x_wconf 85' lang='lat' dir='ltr'>potestatem</span> <span class='ocrx_word' id='word_1_524' title='bbox 1527 2002 1655 2037; x_wconf 69' lang='lat' dir='ltr'>lrabeat:</span> <span class='ocrx_word' id='word_1_525' title='bbox 1684 2009 1715 2037; x_wconf 89' lang='lat' dir='ltr'>et</span> <span class='ocrx_word' id='word_1_526' title='bbox 1735 2002 1761 2037; x_wconf 90' lang='lat' dir='ltr'>si</span> <span class='ocrx_word' id='word_1_527' title='bbox 1780 2002 1913 2037; x_wconf 84' lang='lat' dir='ltr'>alterum</span> <span class='ocrx_word' id='word_1_528' title='bbox 1960 2033 1962 2035; x_wconf 79' lang='lat'>.</span> 
     </span>
    </p>
   </div>
   <div class='ocr_carea' id='block_1_23' title="bbox 1165 2051 1916 2685">
    <p class='ocr_par' dir='ltr' id='par_1_24' title="bbox 1165 2051 1916 2685">
     <span class='ocr_line' id='line_1_104' title="bbox 1165 2051 1913 2098; baseline 0 -13"><span class='ocrx_word' id='word_1_529' title='bbox 1165 2051 1291 2095; x_wconf 84' lang='lat' dir='ltr'>borum,</span> <span class='ocrx_word' id='word_1_530' title='bbox 1313 2052 1361 2086; x_wconf 84' lang='lat' dir='ltr'>vel</span> <span class='ocrx_word' id='word_1_531' title='bbox 1379 2060 1530 2098; x_wconf 84' lang='lat' dir='ltr'>utrosque</span> <span class='ocrx_word' id='word_1_532' title='bbox 1552 2051 1647 2098; x_wconf 89' lang='lat' dir='ltr'>(quod</span> <span class='ocrx_word' id='word_1_533' title='bbox 1669 2063 1732 2085; x_wconf 91' lang='lat' dir='ltr'>non</span> <span class='ocrx_word' id='word_1_534' title='bbox 1755 2055 1913 2098; x_wconf 89' lang='lat' dir='ltr'>optamus)</span> 
     </span>
     <span class='ocr_line' id='line_1_105' title="bbox 1166 2100 1915 2146; baseline 0 -12"><span class='ocrx_word' id='word_1_535' title='bbox 1166 2100 1289 2135; x_wconf 90' lang='lat' dir='ltr'>interim</span> <span class='ocrx_word' id='word_1_536' title='bbox 1313 2100 1398 2135; x_wconf 89' lang='lat' dir='ltr'>obire</span> <span class='ocrx_word' id='word_1_537' title='bbox 1419 2101 1621 2146; x_wconf 80' lang='lat' dir='ltr'>contingerit,</span> <span class='ocrx_word' id='word_1_538' title='bbox 1647 2111 1847 2135; x_wconf 88' lang='lat' dir='ltr'>successores</span> <span class='ocrx_word' id='word_1_539' title='bbox 1863 2112 1915 2135; x_wconf 90' lang='lat' dir='ltr'>eo-</span> 
     </span>
     <span class='ocr_line' id='line_1_106' title="bbox 1166 2149 1914 2196; baseline 0.001 -13"><span class='ocrx_word' id='word_1_540' title='bbox 1166 2162 1235 2183; x_wconf 91' lang='lat' dir='ltr'>rum</span> <span class='ocrx_word' id='word_1_541' title='bbox 1263 2150 1294 2184; x_wconf 91' lang='lat' dir='ltr'>in</span> <span class='ocrx_word' id='word_1_542' title='bbox 1321 2149 1430 2184; x_wconf 86' lang='lat' dir='ltr'>eadem</span> <span class='ocrx_word' id='word_1_543' title='bbox 1461 2150 1605 2196; x_wconf 84' lang='lat' dir='ltr'>pactione</span> <span class='ocrx_word' id='word_1_544' title='bbox 1631 2157 1662 2184; x_wconf 86' lang='lat' dir='ltr'>et</span> <span class='ocrx_word' id='word_1_545' title='bbox 1688 2149 1914 2184; x_wconf 87' lang='lat' dir='ltr'>constitutione</span> 
     </span>
     <span class='ocr_line' id='line_1_107' title="bbox 1166 2198 1913 2245; baseline -0.001 -12"><span class='ocrx_word' id='word_1_546' title='bbox 1166 2205 1351 2245; x_wconf 85' lang='lat' dir='ltr'>permanere</span> <span class='ocrx_word' id='word_1_547' title='bbox 1373 2198 1517 2233; x_wconf 86' lang='lat' dir='ltr'>debeant.</span> <span class='ocrx_word' id='word_1_548' title='bbox 1552 2198 1598 2232; x_wconf 88' lang='lat' dir='ltr'>Ex</span> <span class='ocrx_word' id='word_1_549' title='bbox 1625 2210 1660 2233; x_wconf 88' lang='lat' dir='ltr'>ea</span> <span class='ocrx_word' id='word_1_550' title='bbox 1681 2205 1786 2232; x_wconf 89' lang='lat' dir='ltr'>autem</span> <span class='ocrx_word' id='word_1_551' title='bbox 1809 2206 1913 2244; x_wconf 87' lang='lat' dir='ltr'>parte,</span> 
     </span>
     <span class='ocr_line' id='line_1_108' title="bbox 1166 2247 1911 2294; baseline -0.003 -12"><span class='ocrx_word' id='word_1_552' title='bbox 1166 2260 1226 2294; x_wconf 88' lang='lat' dir='ltr'>qua</span> <span class='ocrx_word' id='word_1_553' title='bbox 1248 2248 1406 2294; x_wconf 80' lang='lat' dir='ltr'>praefatus</span> <span class='ocrx_word' id='word_1_554' title='bbox 1427 2247 1593 2286; x_wconf 86' lang='lat' dir='ltr'>terminus,</span> <span class='ocrx_word' id='word_1_555' title='bbox 1620 2254 1674 2282; x_wconf 90' lang='lat' dir='ltr'>aut</span> <span class='ocrx_word' id='word_1_556' title='bbox 1695 2247 1754 2282; x_wconf 92' lang='lat' dir='ltr'>sub</span> <span class='ocrx_word' id='word_1_557' title='bbox 1775 2247 1911 2288; x_wconf 90' lang='lat' dir='ltr'>silentio,</span> 
     </span>
     <span class='ocr_line' id='line_1_109' title="bbox 1165 2296 1912 2337; baseline -0.001 -6"><span class='ocrx_word' id='word_1_558' title='bbox 1165 2304 1219 2331; x_wconf 85' lang='lat' dir='ltr'>aut</span> <span class='ocrx_word' id='word_1_559' title='bbox 1256 2309 1316 2331; x_wconf 88' lang='lat' dir='ltr'>non</span> <span class='ocrx_word' id='word_1_560' title='bbox 1351 2305 1476 2331; x_wconf 84' lang='lat' dir='ltr'>ostensa</span> <span class='ocrx_word' id='word_1_561' title='bbox 1511 2296 1647 2331; x_wconf 87' lang='lat' dir='ltr'>veritatis</span> <span class='ocrx_word' id='word_1_562' title='bbox 1680 2304 1712 2331; x_wconf 84' lang='lat' dir='ltr'>et</span> <span class='ocrx_word' id='word_1_563' title='bbox 1750 2296 1912 2337; x_wconf 83' lang='lat' dir='ltr'>iustitiae,</span> 
     </span>
     <span class='ocr_line' id='line_1_110' title="bbox 1167 2345 1915 2392; baseline 0 -13"><span class='ocrx_word' id='word_1_564' title='bbox 1167 2354 1397 2392; x_wconf 82' lang='lat' dir='ltr'>propterquam</span> <span class='ocrx_word' id='word_1_565' title='bbox 1415 2346 1540 2386; x_wconf 79' lang='lat' dir='ltr'>clamet,</span> <span class='ocrx_word' id='word_1_566' title='bbox 1562 2345 1801 2392; x_wconf 89' lang='lat' dir='ltr'>approbatione,</span> <span class='ocrx_word' id='word_1_567' title='bbox 1815 2352 1915 2379; x_wconf 87' lang='lat' dir='ltr'>trans-</span> 
     </span>
     <span class='ocr_line' id='line_1_111' title="bbox 1167 2393 1914 2441; baseline 0.001 -13"><span class='ocrx_word' id='word_1_568' title='bbox 1167 2394 1282 2429; x_wconf 89' lang='lat' dir='ltr'>ductus</span> <span class='ocrx_word' id='word_1_569' title='bbox 1316 2394 1433 2435; x_wconf 85' lang='lat' dir='ltr'>suerit,</span> <span class='ocrx_word' id='word_1_570' title='bbox 1471 2394 1577 2429; x_wconf 92' lang='lat' dir='ltr'>nullus</span> <span class='ocrx_word' id='word_1_571' title='bbox 1621 2394 1771 2441; x_wconf 89' lang='lat' dir='ltr'>deinceps</span> <span class='ocrx_word' id='word_1_572' title='bbox 1804 2393 1914 2435; x_wconf 60' lang='lat' dir='ltr'>locus,</span> 
     </span>
     <span class='ocr_line' id='line_1_112' title="bbox 1168 2442 1914 2490; baseline 0 -14"><span class='ocrx_word' id='word_1_573' title='bbox 1168 2443 1251 2477; x_wconf 91' lang='lat' dir='ltr'>nulla</span> <span class='ocrx_word' id='word_1_574' title='bbox 1273 2443 1487 2490; x_wconf 85' lang='lat' dir='ltr'>proclamandi</span> <span class='ocrx_word' id='word_1_575' title='bbox 1510 2442 1646 2483; x_wconf 83' lang='lat' dir='ltr'>occasio,</span> <span class='ocrx_word' id='word_1_576' title='bbox 1667 2450 1721 2477; x_wconf 85' lang='lat' dir='ltr'>aut</span> <span class='ocrx_word' id='word_1_577' title='bbox 1746 2442 1914 2489; x_wconf 82' lang='lat' dir='ltr'>superhac.</span> 
     </span>
     <span class='ocr_line' id='line_1_113' title="bbox 1167 2491 1914 2538; baseline 0.001 -13"><span class='ocrx_word' id='word_1_578' title='bbox 1167 2503 1199 2525; x_wconf 92' lang='lat' dir='ltr'>re</span> <span class='ocrx_word' id='word_1_579' title='bbox 1234 2492 1431 2526; x_wconf 79' lang='lat' dir='ltr'>renovandae</span> <span class='ocrx_word' id='word_1_580' title='bbox 1469 2492 1662 2538; x_wconf 87' lang='lat' dir='ltr'>quaestionis</span> <span class='ocrx_word' id='word_1_581' title='bbox 1688 2491 1813 2526; x_wconf 81' lang='lat' dir='ltr'>licentia</span> <span class='ocrx_word' id='word_1_582' title='bbox 1853 2504 1914 2526; x_wconf 88' lang='lat' dir='ltr'>su-</span> 
     </span>
     <span class='ocr_line' id='line_1_114' title="bbox 1167 2540 1916 2587; baseline 0 -13"><span class='ocrx_word' id='word_1_583' title='bbox 1167 2541 1274 2586; x_wconf 90' lang='lat' dir='ltr'>persit.</span> <span class='ocrx_word' id='word_1_584' title='bbox 1311 2541 1379 2575; x_wconf 86' lang='lat' dir='ltr'>Hoc</span> <span class='ocrx_word' id='word_1_585' title='bbox 1413 2540 1509 2587; x_wconf 85' lang='lat' dir='ltr'>igitur</span> <span class='ocrx_word' id='word_1_586' title='bbox 1531 2540 1626 2575; x_wconf 86' lang='lat' dir='ltr'>modo</span> <span class='ocrx_word' id='word_1_587' title='bbox 1659 2540 1916 2586; x_wconf 75' lang='lat' dir='ltr'>praenominatos.</span> 
     </span>
     <span class='ocr_line' id='line_1_115' title="bbox 1166 2588 1915 2636; baseline 0.003 -14"><span class='ocrx_word' id='word_1_588' title='bbox 1166 2590 1332 2635; x_wconf 84' lang='lat' dir='ltr'>episcopos</span> <span class='ocrx_word' id='word_1_589' title='bbox 1355 2590 1384 2623; x_wconf 92' lang='lat' dir='ltr'>in</span> <span class='ocrx_word' id='word_1_590' title='bbox 1408 2597 1513 2624; x_wconf 89' lang='lat' dir='ltr'>nostra</span> <span class='ocrx_word' id='word_1_591' title='bbox 1532 2589 1707 2636; x_wconf 79' lang='lat' dir='ltr'>praesentia</span> <span class='ocrx_word' id='word_1_592' title='bbox 1724 2588 1915 2635; x_wconf 78' lang='lat' dir='ltr'>pacifica108‚</span> 
     </span>
     <span class='ocr_line' id='line_1_116' title="bbox 1166 2637 1916 2685; baseline 0.001 -14"><span class='ocrx_word' id='word_1_593' title='bbox 1166 2645 1197 2672; x_wconf 85' lang='lat' dir='ltr'>et</span> <span class='ocrx_word' id='word_1_594' title='bbox 1224 2638 1434 2685; x_wconf 81' lang='lat' dir='ltr'>praescriptae</span> <span class='ocrx_word' id='word_1_595' title='bbox 1456 2637 1630 2673; x_wconf 85' lang='lat' dir='ltr'>definitioni</span> <span class='ocrx_word' id='word_1_596' title='bbox 1653 2645 1776 2684; x_wconf 81' lang='lat' dir='ltr'>gratum</span> <span class='ocrx_word' id='word_1_597' title='bbox 1800 2640 1851 2682; x_wconf 76' lang='lat' dir='ltr'>(ut</span> <span class='ocrx_word' id='word_1_598' title='bbox 1868 2638 1916 2672; x_wconf 90' lang='lat' dir='ltr'>vi·-</span> 
     </span>
    </p>
   </div>
  </div>
 </body>
</html>
