2180 3205
8 215 56 243 Au.
74 213 101 241 C.
123 214 188 241 1176

252 270 317 317 Ego
339 269 437 305 Guill.
460 269 620 318 presbyter
646 268 813 304 cardinalis
835 268 939 303 Sancti
958 269 962 303 l

199 325 282 360 Petri
306 325 342 360 atl
364 325 453 361 Vino.
477 337 517 360 ss.
959 319 963 369 l

248 379 315 425 Ego
337 379 420 414 Boso
448 378 610 426 presbyter
628 375 794 412 cardinalis
808 375 941 410 Sanctae

199 432 414 467 pudentianae
437 445 478 467 ss.

250 487 317 533 Ego
339 487 472 522 Ioannes
494 486 653 534 presbyter
674 484 838 520 cardinalis
861 484 940 520 tituli

198 540 304 575 Sancti
334 541 426 575 Marci
454 553 495 575 ss.
745 548 748 553 '

250 595 315 641 Ego
349 594 532 629 Theodiuus
579 592 738 640 presbyter
777 592 943 634 cardinalis

198 649 278 683 tituli
306 648 413 683 Sancti
442 648 553 682 Vitalis
577 660 618 681 55.

249 702 314 747 Ego
343 702 454 737 Petrus
480 702 641 750 presbyter
666 700 834 735 cardinalis
863 700 957 739 tituli,

198 756 232 791 S.
258 756 421 792 Susannae
442 769 482 791 ss.

247 811 313 858 Ego
335 811 472 846 iacintus
497 810 631 846 Sanctae
664 810 776 845 Mariae
804 810 834 844 in
855 809 942 845 Cos—

197 866 302 900 meilin
338 865 417 900 (liae.
441 865 525 900 card.
553 877 594 899 ss.

245 921 313 967 Ego
339 920 464 955 Cintius
490 919 570 954 diac.
598 918 706 954 Sancti
734 917 863 952 Adriani
898 930 940 952 ss.

244 974 313 1021 Ego
344 973 413 1020 Ugo
445 973 613 1008 cardinalis
646 972 796 1007 diaconus
834 971 941 1007 Sancti

195 1027 356 1064 Eustachii
387 1028 468 1062 iuxta
492 1026 644 1074 templum
673 1026 832 1072 Agrippae
854 1038 895 1060 ss.
936 1045 939 1049 ·

245 1082 310 1129 Ego
344 1081 505 1116 Laborans
531 1080 683 1114 diaconus
711 1079 878 1114 cardinalis
906 1079 939 1115 S.

195 1136 310 1171 Mariae
337 1136 368 1170 in
395 1135 521 1170 Porticu
550 1148 591 1169 ss.

245 1190 359 1225 Datum
380 1189 541 1235 Anagniae
563 1200 618 1235 per
639 1199 766 1221 manum
789 1186 941 1229 Gratiani,

196 1252 321 1279 sanctae
343 1243 502 1278 Romanae
528 1242 689 1277 Ecclesiae
710 1241 896 1276 subdiaconi
911 1250 942 1276 et

197 1299 319 1337 notarii,
346 1310 381 1332 iv
416 1309 514 1331 nonas
539 1295 737 1344 septembris,
773 1295 942 1331 indictione

197 1365 245 1393 ix,
259 1351 758 1387 incarnationis‹lominicaeanno
780 1363 941 1392 ntcrxxw,

197 1407 397 1454 pontificatus
424 1418 495 1442 vero
520 1405 560 1441 D.
583 1405 750 1441 Alexandri
770 1405 873 1453 Papae
900 1405 943 1441 Ill

197 1473 280 1496 anno
294 1473 379 1495 xvn.

228 1517 287 1548 Dat.
310 1518 356 1549 die
373 1518 392 1548 2
408 1516 585 1557 septembris
600 1526 676 1547 anno
694 1516 808 1548 Domini
829 1518 914 1555 1176,

426 1561 528 1602 pontif.
551 1571 627 1591 anno
646 1571 712 1592 xvtt.

479 1709 660 1745 LXXXlX.

197 1779 288 1814 Bona
313 1779 418 1812 omnia
449 1778 628 1811 Veronensis
658 1777 810 1811 Ecclesiae
830 1779 966 1825 confir-j

245 1835 371 1863 utantur
399 1828 542 1872 Capitale
574 1835 601 1861 et
637 1829 812 1860 canonicis.-
839 1827 966 1861 addito}

246 1879 374 1919 decreto,
394 1879 476 1923 quod
497 1878 608 1921 absque
622 1878 754 1910 sanioris
767 1880 865 1921 pariis
879 1890 947 1910 con·
964 1871 967 1934 ξ

247 1940 336 1962 sensu
361 1928 495 1962 alienari
515 1939 576 1960 non
593 1928 710 1972 possint
732 1929 792 1970 (Ι).
964 1944 967 1946 -

468 1996 683 2027 ΞΕΜΜᾹΠΙΗΜ

201 2059 368 2090 Exordium.
390 2076 430 2082 —·
445 2058 608 2089 Ecclesiam
629 2058 772 2088 Veronen.
799 2057 853 2088 sub
877 2067 946 2097 pro·
965 2056 968 2106 l

244 2106 368 2134 tectione
389 2104 473 2135 Sedis
490 2104 674 2143 Apostolicae
690 2104 801 2142 recipit.
817 2120 855 2125 —
869 2102 946 2132 Bona
966 2127 968 2135 .

242 2149 278 2179 ad
300 2158 363 2178 eam
385 2149 557 2188 pertinentia
587 2148 714 2188 capitulo
743 2153 771 2177 et
798 2147 969 2190 canonici&

244 2193 404 2223 confirmat.
425 2210 465 2215 —
485 2195 614 2228 Quorum
644 2193 734 2222 multa
759 2193 804 2222 hic
823 2192 948 2232 propriis
966 2204 969 2239 ἱ

242 2238 391 2267 vocabulis
414 2238 584 2275 singillatim
605 2241 767 2273 enumerat;
792 2236 948 2265 —Arltlito
967 2258 969 2284 Ι

244 2282 424 2311 decimarum
438 2283 515 2318 iure3
526 2298 565 2303 —
575 2280 680 2310 Eadem
692 2282 755 2310 sine
768 2280 887 2310 maioris
901 2289 949 2309 ca-
967 2289 969 2296 ¹

245 2325 330 2365 pituli
348 2325 438 2364 partis
467 2334 612 2355 consensu
635 2325 755 2354 alienari
777 2334 834 2354 non
863 2333 948 2363 posse

193 2392 198 2397 .
245 2369 564 2399 declarat.—Solitt1m
577 2369 725 2399 decretum
745 2367 948 2404 immunitatis,

245 2420 331 2454 atque
360 2413 563 2443 observantiae
586 2413 710 2442 huiusce
733 2412 886 2452 privilegii.
911 2428 950 2434 —-

245 2458 402 2489 Alexandri
423 2457 487 2495 PR,
505 2457 709 2497 episcoporum
729 2461 757 2487 et
775 2456 802 2487 S.
821 2456 853 2486 R.
871 2455 948 2486 Eccl.

246 2504 438 2534 cardinalium
457 2502 701 2542 subscriptiones.

243 2568 281 2601 (t)
298 2566 335 2592 Ex
356 2565 483 2592 tabulario
501 2564 631 2591 Ecclesiae
647 2564 724 2591 huius
743 2563 823 2591 edidit
835 2562 947 2598 Ughell„

207 2607 264 2636 ltal.
281 2607 350 2639 Satn,
369 2607 412 2633 ubi
428 2607 460 2632 de
478 2605 526 2632 hac
545 2605 666 2632 Ecclesia.

798 213 990 236 ALt-:xaxnfflt
1019 213 1053 234 ΙΙΙ
1081 213 1129 235 1’1‘.

1609 200 1676 232 795)

981 266 1111 295 Alexander
1134 267 1252 304 episcopus
1275 275 1351 295 servus
1368 274 1482 294 srrrortun
1498 263 1651 301 Dcifltiuuis
1674 265 1727 294 liliis

1021 310 1135 348 llipratulo
1157 310 1353 350 arrltipresliytrro
1370 310 1505 339 i'rronrusis
1520 309 1648 345 Eri-lesiur,
1666 310 1726 338 eius-

1019 364 1063 392 quc
1085 353 1188 383 [ratribus
1206 359 1250 384 tutu
1270 354 1426 393 praesentibus
1448 363 1514 393 quatu
1536 352 1615 383 luturis
1631 355 1725 383 canoni-

1021 399 1052 427 cis
1072 399 1244 438 substituendis,
1265 401 1286 429 iu
1305 403 1448 439 perpetuum.

1743 210 1790 236 An.
1810 210 1838 235 C.
1857 210 1919 236 1177

1031 465 1130 499 Ollicii
1155 466 1250 499 nostri
1275 478 1330 500 uos
1342 465 1489 500 admonet
1504 473 1533 499 ct
1548 465 1654 500 invitat
1669 477 1726 500 au·
1772 473 1888 494 Exordium

982 515 1118 557 etot-itas,
1147 528 1200 561 pro
1224 515 1431 549 lssrclesiarum
1459 523 1539 549 statu
1566 523 1725 561 satagere3

982 573 1010 598 et
1046 576 1151 598 earum
1185 564 1279 611 quieti
1313 572 1342 598 et
1370 565 1510 605 utilitati·,
1537 565 1726 599 conveniens

982 625 1049 647 esse
1071 613 1276 659 dignoscitur,
1300 614 1398 660 utqui
1414 614 1450 647 ad
1466 626 1569 648 earnm
1587 616 1724 661 regimen

982 661 1116 697 Domino
1138 662 1323 709 disponente
1345 663 1495 710 assumpti
1518 676 1640 704 sumus,
1662 676 1726 705 eas,

981 719 1011 746 et
1037 724 1052 746 a
1081 724 1243 758 pravorum
1273 712 1432 747 hominum
1462 713 1607 759 nequitiis
1634 721 1727 748 tuea-

982 773 1064 802 mur,
1078 770 1107 795 et
1124 761 1202 796 beati
1218 761 1301 795 Petri
1317 771 1409 808 atque.
1425 762 1621 809 Apostolicae
1634 762 1726 797 Sedis

984 810 1164 857 patrocinio,
1181 811 1368 846 muniamus.
1390 811 1599 858 Quapropter,
1621 811 1724 847 dilecti
1753 826 1922 847 Ecclesiamve-

982 861 1011 894 in
1040 859 1174 895 Domino
1201 860 1267 902 filii,
1296 860 1403 895 vestris
1426 861 1513 895 iustis
1536 861 1725 908 postulatio-
1739 858 1923 910 {gffissjgljubsssffi

982 909 1073 944 nibus
1098 909 1267 945 clementer
1296 911 1476 954 annuimus,
1503 919 1532 945 et
1558 911 1723 957 praefatam
1739 906 1922 957 §vendicave-

980 958 1167 1003 Ecclesiam,
1195 960 1223 994 in
1252 972 1310 1007 qua
1337 959 1442 994 divino
1464 960 1629 1007 mancipati
1652 962 1726 995 estis
1739 955 1797 979 ⁰¹⁹⁸·

980 1008 1143 1056 obsequio,
1160 1009 1434 1056 praedecessorum
1462 1017 1638 1044 nostrorum
1658 1009 1727 1045 Cal-

981 1058 1041 1092 listi
1083 1066 1113 1092 et
1138 1058 1322 1098 innocentii,
1350 1059 1562 1093 Romanorum
1591 1059 1726 1094 Pontifi-

980 1119 1063 1152 cum,
1087 1108 1224 1154 vestigiis
1246 1108 1453 1152 inhaerentes,
1468 1108 1526 1143 sul)
1541 1108 1577 1142 B.
1594 1108 1678 1144 Petri
1696 1117 1727 1144 et

981 1165 1085 1192 nostra
1101 1158 1292 1204 protectione
1306 1157 1506 1204 suscipimus,
1520 1166 1551 1192 et
1565 1159 1726 1205 praesentis

981 1207 1088 1254 scripti
1118 1207 1280 1254 privilegio
1307 1207 1556 1248 communimus3
1583 1215 1725 1243 statuen-

983 1263 1045 1301 tes,
1074 1265 1105 1290 ut
1130 1269 1346 1304 quascumque
1375 1257 1606 1302 possessiones,
1629 1270 1726 1305 quae·
1753 1273 1809 1295 sona
1832 1274 1857 1294 aa
1877 1279 1922 1294 eam

981 1317 1116 1352 cumque
1135 1306 1216 1341 bona
1249 1307 1356 1342 eadem
1376 1306 1514 1341 Ecclesia
1534 1307 1726 1354 inipraesen-
1740 1307 1924 1357 Ρξιᾚζᾞῗὸξζ

983 1355 1093 1389 tiarum
1121 1355 1200 1390 iuste
1227 1364 1256 1391 et
1277 1356 1426 1391 canonice
1454 1356 1600 1401 possidet,
1621 1364 1674 1391 aut
1695 1357 1725 1391 in
1739 1343 1922 1389 iiictsconfirrnat.

982 1404 1120 1439 futurum
1138 1406 1339 1440 concessione
1353 1405 1552 1446 Pontificum,
1564 1405 1726 1452 largitione

981 1466 1090 1500 regum
1110 1454 1157 1489 vel
1180 1455 1375 1502 principum,
1392 1455 1548 1490 oblatione
1568 1455 1725 1497 fidelium,

982 1515 1036 1538 seu
1059 1504 1127 1538 aliis
1149 1504 1238 1539 iustis
1259 1505 1372 1545 modis,
1388 1512 1560 1552 praestante
1578 1504 1726 1550 Domino,

983 1554 1096 1600 poterit
1127 1553 1278 1601 adipisci,
1313 1554 1401 1589 firma
1435 1553 1524 1588 vobis
1555 1555 1728 1602 vestrisque

982 1603 1217 1638 successoribus
1243 1612 1273 1639 et
1300 1603 1413 1638 illibata
1440 1612 1664 1651 permaneaut3
1695 1605 1726 1638 in

983 1652 1098 1699 quibus
1120 1653 1196 1688 haec
1216 1653 1349 1700 propriis
1363 1653 1509 1688 duximus
1524 1653 1726 1700 exprimenda

984 1701 1157 1737 vocabulis:
1193 1703 1340 1737 ecclesias
1367 1703 1484 1737 scilicet
1511 1702 1544 1737 S.
1581 1702 1726 1749 Georgii,

983 1750 1090 1785 Sancti
1119 1751 1244 1786 loannis
1264 1752 1424 1799 Baptistae,
1451 1752 1556 1786 Sancti
1585 1751 1728 1786 Clemen-

986 1803 1034 1844 tis,
1053 1800 1185 1836 Sanctae
1203 1801 1369 1845 Caeciliae,
1391 1801 1424 1836 S.
1442 1801 1596 1840 Faustini,
1610 1801 1730 1836 SFir-

986 1850 1027 1884 mi
1050 1851 1080 1884 iu
1098 1850 1259 1897 Cappella,
1281 1858 1311 1885 et
1332 1850 1437 1885 Sancti
1455 1851 1542 1885 Pauli
1560 1850 1589 1884 in
1609 1851 1728 1898 Burgo,

985 1899 1148 1934 ecclesiam
1190 1899 1295 1934 Sancti
1333 1900 1459 1934 Ioannis
1500 1900 1657 1946 Baptistae
1697 1901 1729 1935 in
1747 1923 1749 1925 >

987 1948 1094 1989 Valle,
1120 1949 1343 1984 monasterium
1374 1949 1479 1984 Sancti
1506 1949 1669 1984 Michaelis
1696 1950 1728 1984 in

986 1997 1188 2045 Campanea‚
1214 1998 1321 2034 Sancti
1353 1998 1478 2033 Ioannis
1512 1999 1670 2046 Baptistae
1697 2000 1728 2034 in

986 2047 1168 2088 Quintiano,
1190 2048 1353 2083 ecclesiam
1371 2047 1478 2083 Sancti
1496 2048 1579 2083 Petri
1599 2049 1629 2083 in
1649 2048 1728 2084 Car-

988 2100 1084 2137 nario,
1107 2096 1211 2131 Sancti
1233 2097 1321 2132 Pauli
1341 2097 1379 2131 de
1394 2097 1512 2139 Pruno,
1528 2106 1559 2133 et
1576 2098 1727 2133 Omnium

987 2145 1173 2180 Sanctorum
1189 2146 1227 2181 de
1255 2146 1415 2188 Novariis,
1452 2146 1583 2182 Sanctae
1614 2148 1729 2183 Mariae

987 2195 1025 2230 de
1051 2195 1189 2236 Turrino,
1223 2195 1327 2230 Sancti
1355 2196 1496 2231 Cassiani
1519 2204 1550 2231 et
1575 2196 1728 2233 Omnium

987 2244 1173 2279 Sanctorum
1198 2244 1236 2279 de
1258 2245 1419 2287 Martiana,
1434 2245 1541 2281 Sancti
1560 2245 1727 2288 pancratii,

987 2294 1093 2329 Sancti
1120 2294 1246 2340 Georgii
1268 2295 1298 2329 in
1317 2294 1425 2338 Salsis,
1446 2295 1551 2330 Sancti
1567 2295 1729 2332 Michaelis

989 2343 1026 2378 de
1053 2343 1240 2388 Carmisino,
1266 2343 1371 2378 Sancti
1399 2343 1540 2380 Faustini
1562 2345 1601 2381 de
1622 2354 1729 2381 monte

988 2393 1150 2433 Draconis,
1169 2392 1275 2427 Sancti
1294 2393 1487 2428 Prosdocimi
1506 2407 1576 2429 cnm
1595 2395 1729 2438 decima,

988 2442 1094 2477 Sancti
1121 2442 1280 2477 Ambrosii
1306 2442 1344 2478 de
1376 2442 1591 2488 Casali-Alto,
1625 2445 1729 2480 villam

987 2491 1113 2533 Quinti,
1141 2499 1171 2526 et
1202 2491 1325 2537 locum⁷
1351 2493 1405 2540 qui
1432 2493 1545 2528 dicitur
1576 2494 1672 2535 Villa,
1699 2503 1730 2530 et

987 2540 1117 2576 Lusiam
1143 2553 1215 2575 cum
1241 2542 1381 2577 ecclesiis
1406 2550 1437 2578 et
1470 2543 1730 2580 decimationibus

989 2602 1107 2626 earum.
1140 2590 1277 2626 Castella
1314 2603 1386 2627 vero
1422 2600 1453 2628 et
1491 2592 1576 2628 villas
1611 2603 1729 2631 vestras

1754 1667 1845 1694 Quorum
1860 1667 1924 1687 multa

1742 1698 1775 1719 hie
1784 1699 1874 1725 propriis
1884 1705 1925 1718 vo-

1741 1730 1820 1750 cabulis
1848 1729 1925 1755 singn-

1742 1762 1889 1782 latinicnunie.
1903 1763 1925 1780 .ι;
