2180 3205
173 245 223 272 An.
243 245 272 273 C.
294 247 360 274 nuli

198 1390 254 1412 Lucii

429 238 498 271 506

378 303 487 338 usibus
506 301 699 337 omnimodis
720 300 897 348 profutura:
921 298 1004 333 salva
1020 297 1127 332 Ratis-

960 243 1148 267 BULLARttJM
1170 242 1261 265 ROMA
1267 241 1334 265 Nun

1496 294 1596 330 xvlt.

375 368 490 402 Pffllffll·
506 355 666 389 ECClssSlflss
681 354 832 389 Cffllfflllffl
849 353 977 396 iustitia,
990 360 1020 386 θῑ
1037 352 1126 398 ΑΡΟ·
1169 364 1391 397 Mottasterium
1418 362 1452 396 S.
1471 363 1584 404 Sabae,
1607 363 1646 396 ab
1667 363 1795 407 antiquo
1816 364 1920 407 splen-

373 409 501 444 stolicae
527 409 621 444 Sedis
658 407 851 443 auctoritate.
879 406 914 441 Si
941 418 1001 453 qua
1031 406 1125 452 igitur

371 463 577 510 imposterum
605 463 816 497 ecclesiastica
832 460 1040 496 saecularisve
1057 472 1126 507 per-

369 529 446 551 sona
490 517 569 551 hanc
607 525 730 551 nostrae
770 515 1003 551 constitutionis
1036 514 1124 562 pagi-

370 582 440 604 nam
473 571 601 611 sciens,
632 578 739 605 contra
775 582 843 605 eam
867 578 984 604 temere
1017 569 1123 603 venire

368 625 547 665 tentaverit,
582 624 723 660 secundo
757 624 885 659 tertiove
912 622 1121 666 commonita,

367 678 392 712 si
409 690 470 712 non
485 691 623 724 congrue
637 679 831 719 satisfecerit,
845 678 1007 725 potestatis
1020 677 1123 712 hono-

366 734 472 778 risque
500 733 548 767 sui
578 732 728 779 dignitate
755 740 875 772 careat,
907 743 1056 778 reamque
1088 742 1121 765 se

366 784 473 821 divino
500 787 616 822 iudicio
642 787 775 821 existere
799 786 838 821 de
867 794 1041 833 perpetrata
1066 786 1135 828 iniq

361 840 482 885 quitate
509 849 688 887 cognoscat,
709 849 740 875 et
762 853 777 874 a
806 840 1018 875 sacratissimo
1045 839 1123 874 Cor-

364 907 440 942 pore
474 904 504 929 et
539 895 702 942 Sanguine
737 895 794 928 Dei
829 902 859 929 et
897 893 1023 928 Domini
1057 893 1121 928 Re-

363 948 538 995 demptoris
562 949 659 983 nostri
681 949 751 983 lesu
770 949 888 983 Christi
904 948 1026 982 alienus
1048 948 1118 988 fiat,

364 1011 458 1049 atque
484 1003 516 1038 iu
539 1012 680 1038 extremo
707 1003 853 1038 examine
882 1002 1045 1037 districtae
1069 1002 1120 1036 ul-

364 1057 438 1091 tioni
481 1057 652 1092 subiaceat.
698 1057 830 1092 Cunctis
871 1064 976 1091 autem
1016 1057 1118 1091 eidem

364 1110 435 1145 loco
467 1123 522 1145 sua
557 1112 622 1146 iura
656 1111 864 1152 servantibus,
892 1112 933 1146 sit
965 1124 1022 1158 pax
1050 1111 1119 1145 Do-

361 1164 450 1220 smini
470 1165 565 1199 nostri
588 1165 659 1201 Iesu
682 1165 815 1205 Christi,
838 1174 993 1213 quatenus
1018 1175 1048 1201 et
1069 1166 1120 1201 hic

375 1226 497 1252 ructum
543 1218 643 1254 bonae
685 1220 817 1254 actionis
859 1220 1054 1267 percipiant,
1089 1229 1119 1256 et

362 1272 443 1318 apud
479 1272 655 1308 districtum
683 1273 823 1308 Iudicem
854 1274 990 1321 praemia
1023 1283 1117 1309 aeter·

362 1338 419 1360 uae
437 1327 523 1373 pacis
540 1327 710 1362 inveniant.
735 1328 850 1371 Amen,
877 1340 982 1372 amen,
1010 1340 1115 1363 amen.

409 1380 482 1415 EGO
510 1380 629 1416 Lucius
656 1382 830 1417 catholicae
860 1382 1020 1417 Ecclesiae
1048 1383 1117 1430 epi-

361 1446 477 1481 scopus
498 1435 684 1482 subscripsi.

1215 414 1289 446 dore
1315 420 1341 446 et
1364 413 1533 451 monastica
1555 413 1721 456 disciplina
1748 413 1918 456 delapsum,

1215 463 1375 496 abbatibus
1428 462 1677 495 Clunt'acenst'bus
1719 462 1920 495 committitur·

1216 513 1381 557 reqendum
1402 524 1470 545 cunt
1490 512 1680 556 pertinenciis
1702 512 1764 545 suis
1786 512 1842 554 (1).

1433 584 1647 615 Stabulum!

1166 653 1335 684 Exordium.
1364 668 1404 674 —
1434 650 1554 680 monast.
1586 650 1615 679 S.
1647 650 1740 680 Sabae
1764 650 1915 680 fundatum

1207 704 1336 736 tempore
1357 695 1488 734 Gregorii
1509 694 1561 724 [³1³.
1582 695 1733 734 paululum
1753 695 1917 733 delapsum3

1205 759 1244 764 —
1258 741 1388 771 Cluniae.
1403 739 1540 769 abbatum
1561 739 1696 777 regimini
1716 740 1916 768 committitur:

1204 803 1243 808 —
1265 785 1305 814 lta
1330 789 1360 814 ut
1377 785 1441 814 sine
1464 784 1633 814 eorumdem
1657 792 1800 813 consensu
1824 783 1915 813 abbas

1205 831 1314 860 ibidem
1337 829 1405 867 eligi
1425 838 1482 858 non
1510 829 1619 868 possit:
1641 845 1680 850 —
1706 827 1790 857 Salvo
1819 832 1915 857 tamen

1205 875 1267 904 iure
1287 874 1372 904 Sedis
1394 873 1590 913 Apostolicae.
1611 890 1651 894 —
1678 871 1834 901 Roboratio
1865 873 1916 902 de-

1204 919 1274 948 creti
1295 919 1393 948 huius.
1410 935 1450 940 —
1473 917 1552 947 Lucii
1572 916 1624 946 ΡΙ).
1648 916 1838 956 subscriptio.

1164 987 1246 1015 Lucius
1277 986 1398 1024 episcopus
1419 993 1496 1014 servus
1527 992 1643 1013 sertorum
1675 983 1726 1021 Dei,
1744 983 1830 1014 dilecto
1862 983 1912 1014 lilio

1201 1030 1269 1060 Petro
1284 1030 1431 1059 cluniacensi
1449 1028 1535 1065 abbati,
1551 1029 1646 1066 eiusque
1657 1028 1826 1058 successoribus
1844 1038 1913 1068 regu-

1200 1075 1281 1105 lariter
1301 1073 1475 1109 substituendis,
1498 1074 1520 1102 in
1538 1077 1683 1111 perpetuum.

1210 1141 1276 1175 Etsi
1310 1140 1520 1174 Ecclesiarum
1545 1139 1686 1173 omnium
1715 1151 1789 1173 cura
1820 1139 1911 1175 nobis

1161 1203 1198 1225 ex
1227 1189 1426 1237 Apostolicae
1452 1188 1545 1224 Sedis
1572 1188 1912 1224 atlministrationeim-

1160 1241 1292 1280 mineat,
1331 1240 1393 1273 illis
1427 1247 1530 1272 tamen
1559 1237 1658 1278 locis,
1686 1249 1766 1285 quae
1802 1247 1909 1274 nostro

1159 1289 1304 1335 regimini
1322 1288 1502 1336 specialiter
1519 1287 1686 1322 commissa
1708 1295 1792 1326 sunt,
1814 1296 1908 1335 atque

1160 1339 1237 1373 infra
1268 1338 1375 1373 urbem
1412 1338 1486 1377 sita,
1525 1337 1600 1371 iuris
1633 1344 1759 1371 sanctae
1787 1336 1909 1372 Roma-

1160 1401 1216 1423 nae
1233 1388 1394 1423 Ecclesiae
1416 1399 1484 1422 esse
1503 1394 1688 1426 noscuntur,
1712 1387 1906 1433 propensiori

1159 1451 1216 1473 nos
1225 1438 1370 1472 convenit
1383 1435 1555 1471 affectionis
1563 1435 1668 1470 studio
1681 1435 1905 1481 imminere(2).

1938 239 1987 267 An.
2005 237 2033 266 C.
2052 239 2120 267 ms

1955 1157 2074 1180 Exordium.

1157 1488 1244 1522 Beati
1268 1486 1368 1522 Sabae
1395 1485 1640 1525 monasterium,
1667 1498 1683 1520 a
1711 1486 1906 1531 temporibus
1932 1500 2082 1523 nonasterium

1157 1536 1343 1571 sanctissimi
1369 1535 1473 1582 Papae
1504 1534 1666 1580 Gregorii,
1695 1534 1724 1568 in
1754 1535 1904 1581 religione
1918 1532 2102 1591 ᾱῖὶυῗῃώῗζῐζζζζθ

1155 1595 1185 1621 et
1207 1586 1369 1620 honestate
1392 1584 1573 1623 fundatum,
1606 1592 1699 1630 atque
1728 1585 1850 1630 magnis
1874 1593 1905 1620 et
1930 1593 2027 1621 Gregorii
2046 1594 2087 1616 rr.

163 1500 183 1516 et
200 1496 219 1516 S.
237 1496 259 1516 u.
275 1497 347 1518 Eccle-

175 1529 219 1547 siae
235 1529 330 1548 cardina-

175 1558 224 1579 lium
240 1559 335 1580 subscri-

207 1591 299 1616 ptioues.

410 1487 477 1533 Ego
514 1488 688 1536 Gregorius
722 1490 889 1524 cardinalis
924 1490 1113 1526 Sanctorum

361 1542 462 1587 Sergii
482 1550 512 1577 et
535 1542 650 1577 Bacchi
678 1556 721 1578 ss.

409 1596 476 1642 Ego
491 1596 724 1632 Tbeodewiuus
741 1597 774 1632 S.
791 1598 924 1633 Rufinae
947 1600 1043 1646 episc.
1065 1613 1108 1635 ss.

1930 1625 2036 1652 paululum
2054 1626 2091 1646 de-

409 1650 478 1697 Ego
505 1650 580 1685 Otto
612 1651 764 1686 diaconus
800 1653 884 1687 card.
918 1653 952 1687 S.
985 1653 1111 1700 Georgii

360 1705 397 1739 ad
425 1704 537 1738 Velum
565 1705 705 1740 Aureum
732 1718 774 1740 ss.

409 1758 478 1804 Ego
501 1757 606 1793 Guido
629 1758 709 1793 diac.
732 1760 817 1794 card.
839 1759 890 1795 Ss.
919 1761 1055 1796 Cosmae
1082 1770 1112 1796 et

359 1812 504 1847 Damiani
533 1825 575 1848 ss.

409 1866 476 1912 Ego
498 1866 689 1901 Octavianus
716 1867 797 1902 diac.
820 1868 905 1903 card.
929 1868 962 1903 S.
990 1869 1110 1904 Nicolai

360 1920 389 1954 in
418 1920 551 1955 Carcerc
574 1920 721 1956 Tulliano
747 1933 788 1956 ss.

409 1974 477 2021 Ego
510 1974 667 2010 lacinctus
704 1975 783 2010 diac.
820 1976 906 2011 card.
935 1976 967 2011 S.
995 1976 1111 2012 Mariae

359 2029 390 2063 in
418 2028 590 2063 Cosmedin
617 2041 658 2063 ss.

408 2082 477 2129 Ego
503 2082 642 2118 Thomas
670 2083 773 2130 presb.
797 2084 965 2119 cardinalis
987 2084 1033 2118 tit.
1054 2084 1112 2119 Ye-

358 2143 460 2170 stinae
487 2147 530 2170 ss.

409 2191 476 2238 Ego
498 2190 603 2225 Guido
618 2191 722 2238 presb.
739 2191 824 2226 card.
848 2193 896 2226 tit.
920 2192 1109 2228 Sanctorum

358 2244 518 2280 Laurentii
547 2254 577 2280 et
600 2244 726 2280 Damasi
755 2258 796 2281 ss.

409 2298 478 2333 Dat.
501 2299 604 2333 Later.
624 2312 678 2346 per
700 2312 812 2335 manus
836 2300 968 2335 Baronis
983 2309 1110 2336 sanctae

358 2351 519 2387 Romanae
546 2353 707 2388 Ecclesiae
735 2354 876 2389 subdiac.
912 2367 932 2388 v
965 2354 1028 2389 kal.
1058 2354 1110 2389 ia—

360 2406 473 2450 nuarii,
509 2406 680 2441 indictione
707 2419 778 2451 vni,
814 2409 965 2443 incarnat.
1000 2408 1110 2443 domi—

360 2459 448 2493 nicae
485 2471 567 2494 anno
606 2472 753 2505 nieuw,
792 2462 994 2508 pontificatus
1035 2474 1109 2496 vero

359 2512 467 2547 domni
490 2512 580 2547 Lucii
599 2513 625 2547 ll
649 2514 752 2561 Papae
779 2527 861 2550 anno
889 2528 910 2550 ι.

377 2576 440 2607 Dat.
461 2578 507 2608 (lie
530 2579 566 2608 -28
590 2579 755 2610 decembris
774 2590 850 2610 anno
869 2580 983 2611 Domini
1003 2581 1088 2618 1141,

616 2624 717 2663 pontis.
736 2634 811 2655 anno
831 2634 850 2655 1.

1155 1635 1358 1683 amplissimis
1381 1633 1631 1681 possessionibus
1650 1632 1782 1668 ditatum
1806 1633 1904 1670 fuisse

1154 1685 1360 1732 dignoscitur.
1395 1683 1488 1718 Nunc
1520 1690 1645 1726 autem,
1673 1683 1810 1729 peccatis
1836 1684 1904 1718 exi—

1154 1733 1317 1781 gentibus,
1339 1741 1369 1768 et
1391 1733 1500 1778 religio
1522 1731 1626 1778 elapsa
1649 1739 1707 1771 est,
1729 1739 1760 1767 et
1787 1745 1903 1779 pravo-

1154 1796 1224 1819 rum
1252 1783 1416 1818 hominum
1445 1781 1720 1828 superabundante
1752 1783 1902 1830 nequitia,

1156 1833 1248 1876 bona,
1275 1840 1305 1867 et
1331 1831 1548 1879 possessiones
1573 1830 1720 1865 distracta
1753 1841 1839 1877 sunt,
1872 1842 1903 1868 et

1154 1882 1192 1916 ab
1215 1883 1283 1929 ipso
1306 1889 1413 1916 contra
1436 1880 1584 1915 iustitiam
1607 1880 1748 1914 alienata.
1777 1881 1903 1928 Eapro-

1155 1939 1235 1979 pter,
1262 1931 1376 1965 dilecte
1399 1931 1428 1964 in
1456 1929 1592 1964 Domino
1614 1929 1657 1963 fili
1684 1929 1776 1964 Petre
1793 1931 1901 1973 abbas,

1153 1981 1302 2028 quoniam
1340 1979 1550 2015 Cluniacense
1585 1979 1809 2014 monasterium
1846 1992 1902 2027 per

1153 2030 1380 2077 omnipotentis
1411 2028 1468 2063 Dei
1499 2028 1628 2075 gratiam
1663 2028 1782 2063 tamdiu
1808 2028 1902 2076 longe

1154 2080 1277 2126 lateque
1301 2078 1453 2124 religione
1477 2077 1644 2124 praecipua
1665 2077 1782 2120 floruit,
1799 2086 1829 2113 et
1844 2078 1901 2114 bo-

1154 2141 1211 2163 nae
1230 2128 1390 2175 opinionis
1408 2127 1504 2162 odore
1521 2127 1636 2162 multos
1651 2127 1794 2174 aspersit,
1815 2139 1902 2175 prae-

1153 2178 1249 2212 fatum
1266 2177 1373 2212 Sancti
1393 2176 1494 2211 Sabae
1508 2176 1733 2211 monasterium
1749 2189 1821 2212 cum
1836 2189 1902 2212 om-

1154 2227 1247 2262 uibus
1267 2226 1307 2262 ad
1338 2227 1441 2273 ipsum
1465 2225 1713 2273 pertinentibus,
1736 2225 1775 2261 ad
1799 2226 1901 2261 refor-

1154 2276 1299 2311 mandam
1336 2276 1454 2310 ibidem
1488 2275 1690 2321 religionem,
1717 2275 1757 2310 ad
1787 2276 1901 2311 melio-

1152 2326 1285 2360 randum
1304 2325 1397 2360 etiam
1420 2333 1450 2359 et
1471 2323 1717 2372 disponendum,
1739 2324 1794 2359 tibi
1821 2325 1901 2360 tuis-

1152 2387 1214 2423 que
1231 2373 1468 2409 successoribus
1482 2373 1513 2408 in
1529 2381 1716 2421 perpetuum
1734 2374 1902 2409 committi-

1153 2437 1242 2465 mus;
1269 2432 1302 2458 ut
1329 2424 1359 2458 in
1387 2423 1489 2470 ipsius
1511 2423 1707 2458 restitutione
1733 2431 1763 2458 et
1783 2423 1900 2470 guber-

1187 2489 1226 2523 (ἱ)
1244 2489 1280 2515 Ex
1298 2489 1456 2516 Bibliotheca
1473 2488 1636 2516 Cluniacensi
1657 2489 1761 2515 Martini
1778 2489 1898 2521 Marrier,

1150 2524 1200 2550 col.
1222 2525 1298 2551 tuos.
1337 2524 1376 2559 (2)
1394 2525 1422 2550 In
1438 2524 1590 2559 Cocquelin.
1607 2524 1670 2551 edit.
1699 2524 1741 2551 bic
1761 2523 1900 2559 legendum

1150 2567 1207 2586 csse
1223 2560 1366 2586 adnotatur
1381 2563 1498 2591 wattun-e,
1516 2559 1587 2594 quod
1603 2560 1710 2586 omnino
1729 2567 1742 2585 a
1761 2559 1900 2595 scriptoris

1151 2595 1252 2621 ratione
1268 2595 1382 2665 alienprn
1399 2599 1535 2630 putamus,
1552 2596 1589 2622 uti
1604 2603 1637 2622 ex
1656 2598 1783 2622 contextu
1799 2594 1899 2630 liquido

1151 2634 1231 2663 patet.
1252 2631 1287 2664 (n.
1311 2638 1334 2656 τ.

1962 1656 2043 1684 lapsum
2050 1664 2057 1683 ς

1922 2187 2090 2210 cluniacenuium

1923 2219 2019 2240 abbatum
2039 2222 2093 2246 regi-

1928 2251 1978 2271 mini
1994 2251 2093 2272 commit-

1976 2282 2037 2302 titur:
