2180 3205
201 270 250 296 An.
269 269 298 296 C.
316 271 379 297 117&

211 724 311 744 *immuni
327 725 381 746 elai·-

196 759 246 780 {¹¹⁰¹
262 756 378 781 privilegia.

209 1912 343 1939 Sepulturarn
362 1914 381 1933 i-

197 1947 254 1971 psius
270 1945 310 1964 lori
326 1944 381 1965 libe-

198 1982 239 1995 ram
255 1975 355 1995 declarati

212 2263 296 2284 Atinatis
333 2263 381 2284 ele-

198 2298 289 2314 cti-niem
304 2295 328 2314 ad
338 2300 382 2315 ino-

198 2326 278 2344 lhivliiiS

199 2359 295 2380 spectare
309 2357 381 2377 dccet·-

301 2328 379 2345 tunium

446 261 514 294 763
989 270 1178 293 animantum
1198 267 1357 292 Romnum
1942 268 1994 296 An.
2006 267 2035 295 c.
2055 267 2125 295 ¹17&

396 326 488 371 burt⁷
522 335 635 362 terram
664 339 756 373 quam
791 325 912 362 habetis
945 327 975 361 in
1003 325 1141 362 Bedford

396 389 467 410 cum
495 377 631 422 quodam
654 389 763 411 manso
789 385 861 412 ante
884 384 1003 423 portam
1030 375 1141 411 archi—

395 426 536 466 diaconi,
570 434 683 461 teri·am
708 439 801 473 quam
824 426 946 461 habetis
978 427 1008 460 in
1031 425 1142 461 Selve-

395 483 478 518 sion,
504 474 657 510 decimam
684 476 773 522 panis
803 475 842 511 de
870 476 965 511 domo
989 474 1142 511 Hamonis

395 524 448 558 filii
471 524 650 569 Manselini,
682 525 837 560 decimam
863 526 951 572 panis
977 525 1016 560 de
1047 525 1141 563 domo

394 572 558 609 Willielmi
586 573 625 609 de
659 574 763 616 Brun,
791 575 944 611 decimam
982 575 1069 622 panis
1103 574 1142 608 de

393 623 488 658 domo
513 623 679 659 Willielmi
708 624 746 659 de
768 625 978 671 Lillingstan,
1011 624 1141 659 domum

394 685 486 720 quam
506 673 627 708 habetis
649 674 677 707 in
700 673 937 722 Storliampton.
964 674 1140 717 Praeterea,

394 734 466 756 cum
493 735 661 758 commune
684 723 884 759 interdictum
912 732 1011 759 terrae
1037 723 1140 767 fuerit,

394 771 486 806 liceat
519 773 606 807 vobis
633 772 748 808 clausis
782 774 895 814 ianuis,
921 773 1056 808 exclusis
1084 785 1141 807 ex-

393 822 634 857 communicatis
655 831 686 857 et
712 823 898 868 interdictis,
925 835 988 857 non
1012 822 1141 870 pulsatis

393 872 572 918 campanis,
608 884 775 920 suppressa
804 885 879 908 voce
901 872 1005 907 divina
1040 871 1139 906 officia

393 921 561 957 celebrare.
583 921 668 956 Sane
685 922 841 957 novalium
855 930 1041 966 vestrorum,
1060 933 1141 968 quae

393 972 530 1018 propriis
565 971 710 1006 manibus
741 980 795 1007 aut
821 972 1000 1019 sumptibus
1026 970 1139 1012 colitis,

393 1020 459 1055 sive
480 1021 519 1056 de
539 1022 741 1056 nutrimentis
761 1030 935 1056 vestrorum
958 1020 1138 1056 animalium

393 1070 500 1105 nullus
518 1083 535 1106 a
549 1070 638 1106 vobis
652 1071 791 1106 decimas
810 1079 987 1119 praesumat
1002 1070 1139 1115 exigere.

392 1118 502 1154 Liceat
528 1133 655 1168 quoque
678 1121 779 1161 vobis,
815 1121 910 1156 laicos
942 1120 987 1155 vel
1009 1119 1140 1155 clericos

393 1168 507 1204 liberos
534 1178 565 1205 et
591 1170 752 1205 absolutos
785 1183 802 1206 e
828 1170 954 1206 saeculo
985 1169 1140 1216 fugientes

393 1219 430 1253 ad
453 1220 691 1255 conversionem
712 1229 845 1255 vestram
871 1220 1022 1267 recipere,
1040 1228 1070 1254 et
1086 1231 1140 1254 eos

393 1268 512 1316 absque
553 1269 646 1304 ullius
681 1270 929 1305 contradictione
966 1270 997 1303 in
1037 1277 1140 1303 vestro

393 1319 583 1354 monasterio
606 1320 751 1354 retinere.
776 1319 998 1359 Prohibemus,
1025 1330 1064 1353 ne
1087 1319 1139 1353 ulli

394 1368 522 1403 fratrum
550 1377 725 1404 vestrorum
750 1378 818 1416 post
841 1369 952 1404 factam
975 1369 1005 1403 in
1028 1368 1138 1403 eodem

394 1418 462 1453 loco
501 1419 726 1465 professionem
765 1420 834 1454 sine
869 1418 991 1454 licentia
1026 1418 1140 1464 prioris

392 1467 440 1502 sui
467 1468 571 1515 aliqua
610 1468 734 1504 levitate
767 1468 812 1504 fas
845 1468 886 1503 sit
927 1468 966 1502 de
1005 1467 1139 1502 claustro

393 1516 573 1559 discedere3
595 1518 808 1553 discedentem
832 1530 903 1553 vero
925 1517 1044 1564 absque
1058 1529 1138 1552 com-

393 1568 481 1601 muni
517 1567 676 1603 literarum
711 1568 856 1603 cautione
890 1567 996 1601 nullus
1027 1567 1140 1601 audeat

393 1617 537 1651 retinere.
565 1617 646 1652 Nulli
669 1618 760 1652 etiam
788 1617 891 1657 liceat,
913 1616 1002 1651 vobis
1023 1616 1069 1651 vel
1091 1629 1140 1651 ec-

392 1666 496 1701 clesiis
517 1667 627 1702 vestris
653 1679 748 1702 noras
774 1674 805 1701 et
826 1666 981 1701 indebitas
1002 1667 1140 1701 exactio—

393 1728 449 1750 nes
472 1717 650 1763 imponere3
682 1717 827 1763 antiquas
855 1728 927 1750 vero
949 1724 979 1750 et
1002 1716 1140 1750 rationa-

394 1764 472 1800 biles
486 1766 744 1809 consuetudines7
764 1766 919 1801 libertates
939 1774 970 1800 et
989 1765 1140 1800 immuni-

395 1822 473 1850 tates
510 1815 671 1850 Ecclesiae
702 1823 822 1850 vestrae
856 1815 945 1850 vobis
973 1823 1004 1850 et
1036 1815 1138 1849 eidem

394 1864 555 1900 Ecclesiae
596 1875 716 1900 vestrae
751 1865 934 1900 auctoritate
969 1864 1138 1911 apostolica

394 1915 628 1950 confirmamus.
652 1914 864 1962 'Sepulturam
892 1926 1020 1962 quoque
1043 1914 1140 1961 ipsius

394 1964 454 1999 loci
487 1964 616 2000 liberam
655 1977 724 1999 esse
757 1965 934 2008 sancimus,
966 1972 999 1998 ut
1031 1976 1139 1999 eorum

395 2014 564 2054 devotioni,
591 2023 620 2049 et
644 2023 800 2049 extremae
826 2013 990 2053 voluntati,
1023 2014 1075 2061 qui
1106 2026 1140 2048 se

394 2064 457 2099 illic
477 2064 603 2111 sepeliri
630 2063 882 2103 deliberaverint,
910 2063 970 2098 nisi
992 2063 1071 2098 forte
1092 2075 1141 2098 ex-

394 2114 618 2148 communicati
653 2113 701 2149 vel
740 2113 897 2148 interdicti
926 2113 998 2154 sint,
1035 2114 1140 2148 nullus

394 2162 539 2198 obsistat:
567 2163 655 2198 salvo
676 2163 822 2198 nimirum
850 2163 918 2197 iure
940 2162 1061 2197 illarum
1084 2162 1142 2197 Ec-

394 2213 578 2255 clesiarum,
601 2225 618 2248 a
640 2213 755 2260 quibus
780 2220 975 2248 mortuorum
1010 2224 1140 2259 corpora

395 2270 608 2298 assumuntur.
634 2262 781 2298 Obeunte
802 2274 875 2297 vero
897 2270 937 2303 te,
956 2274 1040 2296 nunc
1061 2263 1141 2296 eius-

395 2312 466 2347 dem
500 2313 560 2348 loci
599 2313 722 2360 priore,
761 2312 808 2347 vel
841 2321 967 2347 tuorum
1000 2311 1141 2358 quolibet

395 2374 631 2404 successorum,
659 2363 765 2397 nullus
791 2361 833 2396 ibi
861 2361 1002 2409 qualibet
1028 2361 1141 2396 subre-

397 2412 512 2459 ptionis
535 2413 645 2447 astutia
672 2424 727 2447 seu
751 2411 896 2446 violentia
919 2419 1140 2458 praeponatur,

396 2461 455 2495 nisi
477 2474 571 2509 quem
594 2462 703 2496 fratres
725 2460 884 2496 communi
906 2472 1074 2505 consensu,
1094 2459 1140 2495 vel

396 2510 524 2545 fratrum
556 2524 628 2558 pars
650 2511 773 2546 consilii
794 2511 937 2555 sanioris,
964 2509 1139 2545 secundum

395 2558 451 2594 Dei
474 2561 632 2601 timorem,
654 2569 684 2595 et
710 2560 791 2595 beati
809 2560 973 2595 Benedicti
1000 2560 1140 2606 regulam

397 2610 589 2655 providerint
610 2610 802 2656 eligendum.
825 2610 1034 2644 Decernimus
1055 2621 1140 2655 ergo,

398 2667 428 2693 ut
452 2659 527 2693 nulli
550 2661 677 2694 omnino
700 2660 863 2695 hominum
886 2660 992 2701 liceat,
1025 2659 1141 2706 praefa-

1180 332 1241 360 tam
1275 323 1451 360 Ecclesiam
1483 332 1601 360 temere
1635 326 1841 373 perturbare,
1873 336 1926 363 aut
1953 328 2126 366 ¹m¹¹²¹¹¹²³l³sfl⁹

1180 374 1249 410 eius
1276 374 1491 422 possessiones
1511 374 1645 414 auferre,
1669 375 1716 410 vel
1737 376 1855 412 ablatas
1876 390 1927 413 re·
1940 361 2125 419 {iiiesisfi'isdffl

1180 424 1291 466 tinere,
1314 424 1553 465 minuere,'seu
1574 424 1768 471 quibuslibet
1789 427 1927 462 vexatio-

1181 473 1273 509 nibus
1298 473 1445 520 fatigare;
1471 473 1528 508 sed
1555 473 1675 509 illibata
1699 475 1805 510 omnia
1827 483 1858 510 et
1877 476 1927 511 in-

1181 531 1266 570 tegra
1292 532 1530 568 conserventur,
1552 535 1675 568 eorum,
1709 536 1764 571 pro
1791 537 1927 572 quorum

1179 573 1407 619 gubernatione
1440 580 1470 608 et
1502 572 1752 608 substentatione
1778 585 1927 610 concessa

1179 631 1264 666 sunt,
1286 622 1398 657 usibus
1424 622 1616 657 omnimodis
1638 622 1818 670 profutura:
1845 623 1928 660 salva

1179 671 1272 707 Sedis
1298 672 1500 718 Apostolicae
1520 673 1725 714 auctoritate,
1747 681 1778 708 et
1799 672 1929 709 dioece-

1179 722 1246 756 sani
1283 722 1423 769 episcopi
1451 722 1601 757 canonica
1637 722 1765 757 iustitia.
1798 722 1832 758 Si
1866 736 1928 770 qua

1179 772 1276 817 igitur
1302 772 1332 806 in
1366 771 1507 806 futurum
1545 771 1756 807 ecclesiastica
1793 773 1929 808 saecula·
1964 774 2013 826 ΒΜΓ
2034 775 2105 827 Ρο1ἰξ’

1179 821 1260 856 risve
1282 833 1427 869 persona,
1449 821 1531 857 hanc
1552 829 1677 857 nostrae
1696 822 1929 858 constitutionis
1943 811 2077 827 ⁰⁰¹¹⁰¹¹¹¹⁰¹¹¹
2093 812 2126 828 ‘¹⁸'

1179 882 1326 918 paginam
1348 883 1462 913 sciens,
1494 880 1602 906 contra
1628 883 1696 906 eam
1732 879 1851 907 temere
1879 885 1931 908 ve-

1180 920 1248 955 nire
1274 921 1456 963 tentaverit,
1477 921 1617 956 secundo
1638 920 1769 956 tertiove
1790 933 1930 958 commo-

1179 970 1254 1011 nita,
1293 970 1351 1005 nisi
1390 971 1677 1018 praesumptionem
1712 983 1802 1006 suam
1835 971 1929 1018 digna

1179 1019 1392 1055 satisfactione
1417 1020 1604 1065 correxerit,
1630 1021 1795 1068 potestatis
1831 1020 1931 1056 hono-

1181 1069 1284 1116 risque
1306 1070 1355 1104 sui
1383 1069 1533 1116 dignitate
1560 1077 1680 1114 careat,
1714 1082 1864 1117 reamque
1894 1083 1930 1106 se
1969 1072 1971 1074 ’

1179 1118 1286 1154 divino
1313 1119 1432 1154 iudicio
1453 1120 1588 1155 existere
1615 1119 1654 1154 de
1677 1127 1853 1167 perpetrata
1875 1121 1929 1155 ini-

1179 1169 1295 1215 quitate
1317 1177 1497 1215 cognoscat,
1530 1177 1561 1204 ct
1582 1181 1598 1203 a
1620 1170 1833 1204 sacratissimo
1854 1169 1931 1205 Cor-

1180 1230 1255 1264 pore
1280 1230 1317 1253 ac
1352 1218 1515 1265 Sanguine
1549 1218 1607 1254 Dei
1644 1227 1674 1254 et
1709 1219 1836 1254 Domini
1871 1219 1929 1255 Re·

1179 1267 1352 1315 demptoris
1378 1269 1475 1303 nostri
1498 1268 1568 1303 lesu
1590 1267 1707 1303 Christi
1731 1268 1832 1304 aliena
1858 1269 1929 1311 fiat,

1179 1325 1272 1364 atque
1294 1319 1324 1352 in
1357 1326 1498 1353 extremo
1521 1319 1666 1353 examine
1698 1317 1858 1353 districtae
1885 1319 1930 1354 ul-

1179 1367 1255 1401 tioni
1275 1367 1444 1403 subiaceat.
1468 1367 1600 1403 Cunctis
1622 1376 1728 1403 autem
1744 1368 1846 1403 eidem
1860 1368 1930 1404 loco

1178 1429 1233 1451 sua
1256 1417 1323 1452 iura
1341 1417 1539 1452 servantibus
1553 1418 1593 1452 sit
1608 1430 1667 1465 pax
1685 1417 1814 1452 Domini
1831 1418 1929 1453 nostri

1178 1466 1248 1501 Iesu
1280 1466 1418 1507 Christi,
1451 1474 1608 1514 quatenus
1641 1476 1672 1502 et
1704 1467 1756 1502 hic
1792 1467 1928 1502 fructum

1180 1516 1279 1551 bonae
1317 1517 1450 1551 actionis
1477 1516 1673 1565 percipiant,
1707 1525 1738 1551 et
1763 1517 1847 1565 apud
1880 1517 1930 1552 di-

1178 1566 1318 1600 strictum
1342 1566 1480 1601 ludicem
1512 1566 1650 1614 praemia
1673 1574 1818 1602 aeternae
1845 1567 1930 1614 pacis

1180 1615 1351 1650 inveniant.
1379 1615 1493 1651 Amen.

1227 1665 1341 1700 Datum
1364 1665 1527 1712 Anagniae
1548 1678 1605 1713 per
1631 1678 1759 1701 manum
1787 1665 1929 1701 Gratiani

1178 1723 1302 1749 sanctae
1323 1714 1486 1750 Romanae
1511 1715 1673 1751 Ecclesiae
1694 1715 1880 1751 subdiaconi
1899 1723 1930 1750 et

1179 1764 1303 1804 notarii,
1330 1776 1365 1799 1v
1386 1765 1458 1799 idus
1481 1765 1570 1809 iunii,
1593 1765 1702 1800 indict.
1737 1778 1801 1805 vn,
1824 1766 1929 1800 incar-

1179 1814 1317 1848 nationis
1338 1814 1424 1849 dom.
1450 1826 1534 1849 anno
1547 1826 1700 1859 mccxxiv,
1727 1814 1930 1862 pontificatus

1180 1876 1251 1898 vero
1270 1863 1378 1898 domni
1403 1864 1575 1899 Alexandri
1597 1864 1700 1911 Papae
1715 1864 1757 1899 ΙΙΙ
1771 1877 1854 1900 anno
1873 1876 1929 1899 xv.

1247 1920 1307 1951 Dat.
1330 1921 1377 1951 die
1398 1921 1435 1952 10
1450 1921 1526 1951 iunii
1547 1931 1624 1951 anno
1641 1921 1756 1952 Domini
1771 1922 1858 1960 1174,

1422 1966 1525 2006 pontif.
1545 1975 1622 1996 anno
1643 1975 1688 1996 xv.

1480 2086 1623 2121 LXXIV.

1180 2159 1380 2203 Privileqium
1405 2160 1648 2204 confirmationis
1679 2160 1802 2204 colleqii
1820 2160 1932 2194 Sancti

1227 2208 1401 2242 Salvatoris
1415 2210 1632 2243 canonicorum
1645 2210 1754 2254 oppidi
1766 2211 1801 2244 S.
1818 2210 1924 2246 Pauli,

1228 2259 1433 2302 bonorumque
1454 2260 1497 2292 ad
1527 2260 1604 2292 illud
1635 2259 1868 2303 pertinentium:
1901 2266 1927 2292 el

1228 2308 1425 2342 concessionis
1473 2309 1698 2342 nonnullarum
1745 2310 1928 2343 immunita-

1229 2364 1292 2391 tum
1313 2359 1367 2401 (1).
1384 2362 1386 2365 '

1451 2427 1663 2458 SUMMARIUM

1181 2482 1349 2518 Exordium.
1383 2501 1422 2508 —
1446 2484 1544 2515 Sancti
1576 2484 1735 2515 Salvatoris
1766 2484 1928 2515 Ecclesiam

1221 2528 1276 2558 sub
1301 2529 1385 2560 Sedis
1408 2530 1595 2569 Apostolicae
1613 2530 1792 2569 protectione
1810 2529 1929 2568 recipit3

1219 2590 1259 2596 ·—-
1288 2573 1390 2604 Eidem
1421 2574 1496 2604 bona
1529 2575 1700 2611 confirmat3
1730 2591 1770 2596 —
1798 2574 1928 2609 Quorum

1220 2623 1373 2648 enumerat
1404 2619 1556 2649 nonnulla.
1581 2635 1621 2641 -—
1651 2618 1682 2647 ln
1712 2617 1928 2657 parochialibus

1216 2671 1255 2700 (ll
1271 2671 1359 2699 Edidit
1374 2672 1513 2704 Fereolus,
1533 2670 1656 2698 Clironic.
1677 2670 1766 2705 Belgii,
1785 2679 1845 2706 pag.
1866 2670 1927 2697 530.
