2180 3205
128 233 176 261 An.
194 233 222 261 c.
244 233 313 262 1090
378 217 447 248 ¹5³

945 223 1044 244 BC‘MA
1051 223 1130 244 ttulit
1155 221 1245 244 ROMA
1252 224 1267 244 N
1275 223 1318 244 (Ἤ

340 281 530 320 munientes,
557 278 595 314 ab
623 278 764 313 omnium
795 289 998 324 personarum
1023 278 1094 324 iugo
1135 277 1241 312 Sancti
1268 277 1355 312 Pauli
1379 277 1416 312 de
1440 277 1604 324 Reguolo,
1633 277 1766 314 Sanctae
1785 279 1893 327 Repa-

336 329 474 365 liberum
506 339 691 375 permanere
714 326 924 361 decernimus.

168 384 242 416 faidm
256 385 312 433 ”3¹¹³
383 379 403 426 S
430 381 463 412 2.
488 378 551 412 Per
579 384 776 423 praesentem
800 375 896 422 igitur
917 376 1014 411 nostri
1029 377 1093 423 pri-

127 417 271 460 niifflirfm'
288 418 304 433 τ’
329 427 435 473 vilegii
462 427 608 474 paginam
632 425 802 472 apostolica
825 426 1010 460 auctoritate
1029 434 1092 461 sta-

327 477 472 515 tuimus,
509 483 543 509 ut
573 487 783 522 quaecunque
819 474 913 510 bodie
953 483 1089 510 vestrum

326 525 523 560 coenobium
551 524 618 559 iure
643 524 795 571 possidet,
827 524 944 559 sivein
978 525 1091 559 crasti-

329 587 408 608 num
433 574 643 608 concessione
664 573 869 614 Pontificum,
905 573 1091 609 liberalitate

329 623 529 670 principum,
556 622 603 656 vel
625 622 785 657 oblatione
813 622 973 666 fidelium,
1010 624 1090 658 iuste

328 682 428 718 atque
451 672 605 707 canonice
628 673 741 718 poterit
763 672 907 718 adipisci,
936 672 1022 706 firma
1042 685 1090 707 xo-

327 721 378 756 bis
418 722 592 768 vestrisque
621 721 878 761 successoribus,
914 729 943 756 et
971 722 1088 756 illibata

328 779 550 817 permaneant.
578 770 644 805 Illis
666 771 908 805 successoribus
935 770 1016 814 dico,
1036 772 1088 818 qui

327 820 482 855 eumdem
509 819 670 866 religionis
693 820 805 863 ritum,
832 829 861 854 et
898 819 968 854 lidei
1005 833 1089 855 con-

327 870 476 904 stantiam
501 882 708 907 conservare,
737 877 766 903 et
788 879 916 904 strenue
939 869 1088 916 omnipo-

328 919 408 953 tenti
437 918 575 953 Domino
598 919 627 952 iu
657 918 769 953 eodem
795 919 954 966 proposito
979 918 1088 953 descr-

328 979 396 1002 xtrc
423 976 607 1014 sategerint.

124 1017 308 1066 cmgffissffflgssff
377 1018 397 1065 g
420 1020 453 1052 5.
477 1017 639 1060 Cltrisma,
661 1018 766 1051 oleum
790 1026 952 1060 sanctum,
980 1029 1088 1052 conse·

137 1072 258 1119 ‘jffiffissgg
272 1076 309 1118 αξ,
329 1067 486 1101 crationes
513 1066 657 1101 altarium
685 1067 750 1100 sire
785 1065 997 1104 basilicarum,
1034 1079 1087 1100 or-

123 1103 308 1155 ῗιᾳῑιιετέυψιευ-
329 1115 526 1151 dinationem
567 1115 779 1159 clericorum,
815 1115 906 1149 liceat
940 1115 1030 1149 vobis
1071 1127 1087 1150 a

124 1152 153 1173 ‘¹¹'
329 1177 525 1212 quocunque
552 1163 715 1199 volueritis
736 1164 892 1199 catholico
920 1165 1087 1211 episcopo,

329 1216 494 1249 Romanae
520 1213 686 1249 Ecclesiae
713 1215 842 1260 gratiam
871 1222 965 1261 atque
996 1226 1086 1248 com-

330 1264 517 1299 munionem
545 1263 724 1304 obtinente,
752 1263 933 1311 percipere3
956 1263 1009 1310 qui
1034 1275 1088 1298 no·

331 1321 395 1348 stra
424 1313 521 1348 fultus
543 1313 741 1357 auctoritate⁷
768 1325 849 1360 quae
877 1315 1085 1359 postulantur,

332 1362 495 1409 indulgeat
518 1365 574 1406 (l).
1065 1393 1069 1397 .

136 1440 294 1468 bimeiusque
381 1411 400 1459 S
423 1416 456 1446 4.
484 1411 532 1446 Ad
562 1411 641 1446 baec
665 1423 833 1446 censemus
860 1418 953 1459 atque
980 1411 1088 1446 statui-

121 1474 223 1516 {³333ssss
260 1473 308 1495 per·
332 1474 423 1501 mus,
461 1474 499 1496 ne
536 1461 589 1495 ulli
626 1461 756 1495 omnino
796 1460 961 1495 bominum
994 1460 1087 1495 liceat

196 1511 200 1516 '
329 1510 412 1545 idem
436 1510 627 1545 coenobium
650 1517 769 1545 temere
804 1510 999 1556 perturbare,
1034 1518 1086 1544 aut

331 1560 358 1593 ei
376 1559 520 1595 subditas
544 1561 760 1606 possessiones
773 1559 908 1603 auferre,
931 1560 1085 1599 minuere,

331 1610 379 1643 vel
404 1610 581 1644 temerariis
604 1608 824 1643 vexationibus
849 1607 994 1655 fatigare3
1029 1609 1084 1644 sed

330 1658 437 1693 omnia
461 1658 582 1704 integra
609 1666 835 1693 conserventur
862 1670 994 1703 eorum,
1030 1671 1085 1705 pro

330 1711 466 1754 qnorum
501 1707 753 1742 substentatione
793 1715 823 1741 et
856 1708 1085 1753 gubernatione

330 1768 481 1791 concessa
518 1765 613 1802 sunt,
645 1758 758 1792 usibus
791 1757 983 1792 omnimodis
1010 1770 1085 1805 pro-

331 1806 449 1840 sutura.

379 1855 399 1902 S
431 1857 463 1890 5.
498 1854 563 1890 Nec
601 1855 655 1889 ulli
691 1857 851 1903 episcopo·
879 1863 1018 1903 potestas
1045 1856 1085 1890 sit

329 1906 714 1945 excommunicationem,
747 1913 800 1940 aut
827 1905 1081 1940 interdictionem

332 1953 422 1988 vobis
450 1956 604 2000 ingerere,
632 1963 682 1998 ut,
704 1956 756 2001 qui
781 1955 811 1988 iu
834 1954 987 2001 speciales
1009 1956 1084 1989 estis

331 2003 386 2037 filii
409 2003 611 2050 Apostolicae
645 2003 740 2038 Sedis
762 2005 930 2050 assumpti7
966 2003 1083 2038 nullius

148 1412 214 1434 Nemo
231 1419 307 1435 coeno-

151 1856 251 1883 Episcopi
274 1862 311 1877 eas

124 1889 165 1913 uon
191 1889 311 1904 excommu-

125 1912 202 1930 meent.

1137 335 1218 362 ratae
1240 326 1278 361 de
1307 326 1477 361 Faventina
1510 327 1677 368 dioecesis
1695 336 1727 363 et
1751 341 1891 375 congre-

1134 377 1217 422 gatio
1241 376 1279 410 de
1306 375 1394 410 Rivis
1427 376 1591 417 Caesaris,
1629 384 1660 411 et
1686 379 1890 424 congregatio

1135 427 1173 460 de
1207 425 1348 460 Fontana
1385 425 1516 465 Tarnis,
1553 434 1583 460 et
1615 427 1819 472 congregatio
1850 427 1889 462 de

1135 483 1241 509 tnonte
1275 475 1404 509 Armate
1446 475 1476 508 in
1509 475 1702 510 Bononiensi
1734 476 1888 522 dioecesi,

1134 524 1307 571 inspirante
1330 523 1467 558 Domino
1495 525 1524 559 in
1548 524 1690 559 eamdem
1725 525 1887 560 vobiscum

1133 573 1265 608 formam
1298 582 1529 608 consenserunt
1562 573 1739 619 religionis,
1767 586 1825 609 nos
1857 582 1888 610 et

1133 623 1210 669 ipsis
1241 631 1270 657 et
1301 622 1468 666 omnibns,
1505 623 1559 671 qui
1592 635 1626 658 se
1654 622 1684 656 in
1716 624 1886 658 crastinum

1132 673 1235 706 eidem
1271 672 1431 718 religionis
1455 674 1523 706 usui
1558 684 1595 707 ex
1619 672 1740 718 integro
1767 673 1887 708 sociare

1133 721 1304 762 voluerint,
1337 722 1491 768 praesenti
1519 721 1682 769 privilegio
1711 721 1886 757 libertatem

1131 771 1301 816 apostolica
1321 770 1504 805 anctoritate
1532 770 1748 810 concedimus,
1772 784 1888 818 quam-

1131 820 1184 854 diu
1218 821 1247 854 in
1271 820 1380 855 eadem
1404 820 1566 866 religionis
1595 828 1625 854 et
1647 820 1886 856 consuetudinis

1131 870 1249 904 unitate
1273 870 1437 916 persistere
1466 869 1712 916 procuraverint.

1179 919 1253 965 57.
1276 919 1510 954 Constitnimus
1545 927 1670 963 autem,
1707 926 1739 954 ut
1773 930 1883 955 eornm

1130 968 1272 1002 omnium
1296 976 1407 1014 caput,
1437 978 1588 1007 vestrum,
1623 967 1708 1014 quod
1743 968 1774 1002 in
1799 968 1885 1004 Valle

1130 1016 1325 1052 Umbrosana
1353 1018 1448 1051 situm
1471 1026 1534 1058 est,
1571 1017 1796 1052 monasterium
1825 1017 1885 1052 ha-

1130 1065 1251 1101 beatur.

1178 1116 1198 1163 S
1225 1120 1256 1150 8.
1281 1115 1364 1151 Sane
1389 1127 1460 1150 cnm
1484 1114 1638 1149 terminus
1659 1115 1740 1150 vitae
1757 1115 1877 1151 Pastori

1128 1173 1232 1200 restro
1254 1165 1357 1200 divina
1387 1164 1595 1212 dispositione
1621 1165 1800 1212 contigerit,
1829 1165 1884 1213 qui

1129 1214 1198 1249 eius
1224 1215 1293 1250 loco
1320 1213 1563 1249 substituendus
1590 1213 1701 1259 fuerit,
1741 1215 1812 1261 quia
1851 1222 1882 1250 et

1130 1263 1218 1298 vobis
1247 1273 1276 1299 et
1307 1265 1376 1299 aliis
1404 1262 1554 1298 omnibus
1577 1275 1710 1309 praeesse
1738 1263 1883 1311 debebit,

1129 1314 1287 1354 omnium,
1311 1316 1364 1361 qui
1387 1313 1519 1348 caeteris
1544 1321 1693 1359 praesunt
1715 1322 1884 1349 monaste-

1129 1363 1182 1396 riis
1217 1375 1374 1398 consensu
1409 1372 1438 1397 et
1463 1362 1584 1396 iudicio
1610 1363 1751 1409 eligatur.
1787 1362 1883 1405 Quod

1128 1413 1152 1446 si
1176 1412 1254 1447 forte
1273 1426 1311 1447 ex
1338 1413 1415 1459 ipsis
1446 1411 1612 1446 abbatibus
1634 1412 1782 1459 quilibet,
1813 1412 1883 1447 Do-

1129 1461 1214 1496 mino
1236 1463 1435 1509 disponente,
1464 1462 1501 1496 ad
1530 1460 1589 1496 hoc
1624 1462 1770 1507 generale
1796 1463 1883 1508 regi-

1128 1523 1199 1545 men
1219 1511 1338 1546 electus
1359 1511 1465 1552 fuerit,
1488 1510 1526 1545 ad
1546 1518 1683 1544 vestrum
1707 1511 1882 1558 principale

1127 1561 1314 1596 coenobium
1338 1560 1555 1608 principaliter
1578 1567 1725 1595 transeat.
1753 1560 1794 1595 Et
1813 1561 1882 1595 eius

1129 1622 1199 1644 mox
1221 1611 1347 1651 iudicio,
1370 1611 1451 1645 sicut
1475 1609 1505 1643 in
1539 1608 1654 1644 diebus
1680 1610 1878 1644 venerandae

1127 1671 1221 1694 mem.
1244 1659 1385 1701 Ioannis,
1414 1659 1506 1707 primi
1540 1658 1663 1693 abbatis
1697 1659 1805 1703 vestri,
1833 1659 1880 1694 fa-

1127 1716 1211 1744 ctum
1240 1717 1372 1750 constat,
1400 1717 1521 1744 caetera
1546 1709 1651 1750 omnia
1680 1710 1768 1743 unita
1791 1707 1880 1743 vobis

1127 1760 1314 1794 monasteria
1339 1759 1549 1806 disponantur
1576 1761 1633 1801 (Ι).

1175 1808 1246 1855 ἓξ).
1268 1808 1333 1843 Vos
1366 1809 1477 1854 igitur,
1511 1807 1563 1841 filii
1589 1807 1619 1841 in
1642 1806 1770 1842 Christo
1799 1807 1880 1842 dile-

1125 1858 1273 1901 ctissimi,
1303 1858 1399 1892 nolite
1427 1857 1584 1903 negligere
1617 1857 1770 1903 gratiam,
1797 1868 1879 1904 quae

1126 1906 1155 1941 in
1180 1908 1268 1942 vobis
1287 1916 1345 1947 est,
1368 1919 1446 1953 qnae
1469 1906 1539 1940 data
1561 1914 1607 1940 est
1624 1906 1713 1940 vobis
1734 1918 1790 1952 per
1804 1906 1878 1940 uni-

1126 1964 1218 1990 tatem
1240 1965 1364 1991 sanctae
1388 1954 1635 1990 conversationis
1656 1963 1687 1989 et
1704 1955 1876 2001 religionis.

1125 2005 1210 2040 Haec
1233 2005 1446 2049 meditamini,
1481 2006 1510 2038 in
1546 2005 1595 2038 his
1628 2013 1727 2039 estote
1749 2012 1782 2038 ut
1809 2016 1879 2051 pro-

332 2052 465 2087 ulterius
496 2053 612 2088 iudicio
646 2062 764 2088 temere
797 2053 999 2100 exponamini
1026 2056 1081 2097 (2).
1102 2077 1106 2103 t
1126 2055 1225 2090 sectus
1265 2066 1368 2090 vester
1407 2053 1591 2089 manifestus
1634 2054 1674 2087 sit
1715 2053 1876 2089 omnibus.

151 2104 209 2124 Haec
227 2104 311 2130 priuile-

140 2131 160 2150 ia
188 2131 235 2151 aliis
260 2131 311 2151 lvcis

125 2137 197 2177 git-tae
222 2157 311 2183 Congre-

134 2184 226 2208 gationis
255 2189 311 2204 corn-

125 2213 265 2231 manicantur.

380 2102 400 2149 g
422 2103 455 2135 6.
485 2101 568 2143 Quia
592 2114 664 2136 vero
688 2102 776 2150 plura
797 2104 856 2136 iam
881 2103 1082 2142 monasteria,
1102 2107 1106 2160 Ι
1125 2104 1299 2151 participes
1332 2105 1415 2138 enim
1443 2102 1561 2138 Christi
1589 2102 1692 2137 effecti
1720 2105 1816 2148 estis,
1851 2103 1877 2137 si

331 2153 534 2197 congregatio
566 2152 710 2186 videlicet
745 2151 851 2186 Sancti
886 2151 970 2186 Salvi
999 2153 1081 2189 iuxta
1102 2161 1105 2174 ¹
1124 2162 1228 2188 tamen
1253 2154 1378 2188 initium
1401 2152 1595 2188 substantiae
1617 2153 1686 2186 eins
1709 2164 1811 2199 usque
1838 2153 1876 2187 ad

331 2199 538 2245 Florentiam,
565 2201 673 2236 Sancti
706 2200 825 2236 Fidelis
859 2201 897 2235 de
919 2201 1082 2245 Sernmis,
1126 2204 1219 2238 finem
1238 2203 1363 2238 firmum
1385 2204 1558 2237 retineatis.
1573 2201 1777 2242 Mementote,
1792 2201 1876 2249 quod

331 2248 440 2284 Sancti
473 2249 644 2285 Saitatoris
678 2250 717 2285 de
749 2251 915 2297 Sopliena,
949 2250 1082 2285 Sanctae
1125 2252 1279 2287 Dominus
1305 2255 1361 2287 ait:
1387 2252 1448 2293 Qui
1470 2253 1711 2299 perseveraverit
1733 2251 1876 2297 usquein

331 2298 447 2334 Mariae
483 2301 521 2333 de
548 2299 693 2340 Nerana,
731 2299 837 2334 Sancti
865 2300 1007 2334 Cassiani
1044 2301 1082 2334 de
1125 2303 1231 2342 finem,
1255 2302 1305 2336 liic
1327 2301 1432 2336 salvus
1466 2302 1523 2335 erit
1542 2304 1592 2344 (a).
1622 2300 1729 2347 ltaque
1756 2301 1801 2335 sic
1828 2300 1878 2335 lu-

331 2347 439 2382 Monte
471 2348 622 2395 Stalario,
659 2348 766 2383 Sancti
795 2349 908 2395 Augeli
937 2351 975 2383 de
1002 2348 1083 2383 Pas-
1124 2362 1190 2386 ceat
1212 2352 1265 2385 lux
1290 2362 1388 2385 vesti-a
1412 2363 1516 2384 coram
1544 2349 1747 2391 hominibus,
1775 2356 1808 2383 ut
1829 2349 1877 2383 vi-

335 2397 435 2438 siano,
457 2397 564 2432 Sancti
584 2398 755 2433 Saivatoris
772 2398 811 2433 de
832 2398 960 2437 Siculis,
975 2398 1081 2432 Sancti
1101 2424 1105 2457 Ι
1124 2401 1217 2435 deant
1252 2413 1345 2447 opera
1374 2409 1474 2435 vestra
1501 2398 1600 2440 bona,
1636 2407 1667 2434 et
1699 2398 1877 2445 glorificent

332 2446 447 2492 Angeli
470 2448 553 2481 iuxta
577 2447 756 2487 Pistori-am,
783 2448 888 2482 Sancti
912 2447 1082 2482 Salvatoris
1101 2459 1106 2485 1
1124 2450 1247 2485 Patrem
1272 2458 1419 2490 vestrum,
1443 2450 1496 2496 qui
1520 2451 1550 2483 in
1566 2448 1661 2483 caelis
1683 2459 1730 2483 est
1751 2450 1802 2491 (b).
1824 2447 1875 2482 Ad

333 2495 372 2529 de
399 2495 558 2540 vagi-ano,
597 2496 704 2531 Sancti
731 2497 814 2531 Petri
843 2498 882 2531 <ie
914 2497 1082 2537 Mustieta,

371 2564 410 2598 (t)
427 2564 492 2590 Vide
508 2564 606 2591 eoiictt.
624 2565 741 2591 Trident.
762 2575 828 2593 sess.
849 2567 894 2599 25,
919 2573 977 2601 cap.
1003 2565 1046 2593 12.

369 2604 409 2639 (Ξ)
425 2604 492 2631 thid.
509 2612 576 2633 sesa.
592 2606 636 2638 25,
654 2613 712 2641 cap.
734 2608 774 2633 ΗΣ.

1125 2499 1275 2534 indicium
1308 2507 1412 2534 autem
1445 2506 1609 2545 perceptae
1642 2498 1736 2531 linias
1765 2510 1780 2530 a
1808 2496 1876 2531 Ro-

1159 2565 1198 2599 (t)
1214 2564 1312 2591 Concil.
1331 2565 1402 2590 Trid.
1420 2572 1484 2590 sess.
1509 2565 1536 2595 5,
1561 2571 1619 2598 cap.
1646 2564 1672 2588 ὀ.
1711 2562 1750 2598 (a)
1776 2561 1872 2588 Manu.

1126 2612 1203 2631 xxiv.
1224 2605 1265 2631 ¹5.
1305 2606 1342 2639 (b)
1359 2604 1397 2631 td.
1416 2612 1443 2630 v.
1467 2604 1508 2630 i6.

1916 237 1965 266 An.
1984 237 2014 266 C.
2029 239 2097 267 1090

1939 933 2008 961 eaput
2021 934 2098 955 consn'-
2130 935 2131 938 ’

1913 961 1980 982 tuitui-
2007 963 2096 983 monast.
2134 971 2135 976 =

1913 987 1978 1009 Vanis
2009 987 2097 1010 Umbro-

1912 1019 1957 1036 sae.

1938 1134 2008 1155 Abbas
2017 1134 2043 1155 de
2053 1139 2097 1156 (tm-

1912 1161 1968 1182 nium
1995 1161 2097 1182 abbatum
2133 1159 2142 1178 -'

1912 1193 2015 1235 &onsensu
2021 1188 2098 1215 eligen-

1928 1220 1960 1236 us.

1936 1809 2032 1830 floriano
2057 1814 2093 1834 pn-

1909 1836 1994 1866 storatis
2004 1836 2030 1856 ad
2041 1835 2094 1857 Cin-

1909 1865 2060 1889 gregationem.
