2180 3205
43 259 92 288 An.
112 258 140 286 C.
158 258 225 286 ¹¹26

43 315 125 338 &nm
137 320 225 337 annuus

43 344 224 364 ”mmmm
248 362 341 398 tionis
364 362 521 406 obtentae,
545 376 637 397 unam
663 375 797 399 marcam
820 363 885 397 auri
908 363 999 396 annis
1043 362 1148 396 mitt-m
1171 363 1370 405 reducamus,
1393 371 1550 410 quatenus
1576 373 1605 397 et
1628 376 1708 411 quae
1724 376 1792 399 cor-

42 369 171 396 imponitur.

42 522 146 572 ..agitne
163 521 224 544 cltu-

67 2289 191 2326 uxorei-naa.

878 258 989 282 UONOR
997 259 1003 280 Ι
1011 258 1045 281 [8
1066 258 1090 281 ΙΙ
1114 259 1160 281 ΡΡ.

249 319 351 348 autem
375 312 468 348 buius
485 325 500 348 a
523 313 606 349 Sede
635 313 812 360 Apostolica
836 313 1000 348 confirma-

246 411 391 457 singulis,
429 412 545 459 quibus
582 420 706 447 moneta
748 412 813 466 ipsa
853 411 999 449 cudetur,

247 460 339 495 nobis
377 468 408 495 et
440 461 676 496 successoribus
710 461 823 495 nostris
860 460 996 495 exolws

247 509 332 544 Nulli
360 521 436 556 ergo
463 512 593 546 omnino
616 510 779 545 hominum
803 510 893 544 liccat
918 509 997 544 hanc

247 559 393 606 paginam
412 568 535 594 nostrae
550 559 798 594 confirmationis
815 558 997 604 infringere,

245 608 292 642 vel
320 609 347 643 ei
375 621 452 644 ausu
482 609 646 643 temerario
674 608 850 648 contrait·e;
877 608 902 642 si
926 608 997 654 quis

244 667 348 693 autem
377 658 436 693 boc
457 666 610 692 attentat-e
637 656 894 704 praesumpserit,
918 656 997 691 indi-

243 707 423 752 gnationem
447 707 672 753 omnipotentis
688 706 757 746 Dei,
779 718 814 741 ac
834 706 995 741 beatorum

243 755 328 791 Petri
351 763 382 791 et
403 755 492 790 Pauli
521 756 734 802 apostolorum
763 755 832 790 eius
858 767 892 790 se
931 767 996 790 no—

247 805 324 840 verit
347 805 561 840 incursurum.

294 853 409 889 Datum
423 854 567 889 Laterani
585 866 630 889 xx
645 853 795 889 kalendas
811 853 898 899 maii,
913 866 994 901 pon·

248 902 384 938 tificatus
407 904 505 938 nostri
533 915 615 938 anuo
641 915 677 937 11.

298 965 360 996 Dat.
379 965 426 996 die
446 965 481 995 12
500 965 602 1004 aprilis
621 974 698 995 anno
720 965 835 995 Domini
854 965 938 1002 1126,

497 1010 600 1050 pontif.
620 1019 696 1040 anno
718 1018 749 1039 11.

577 1128 658 1163 Vlll.

243 1206 394 1251 Adempta
415 1217 434 1239 a
451 1206 574 1239 Calixto
597 1206 632 1239 11
660 1206 782 1239 Pisanis
800 1206 994 1250 archiepisco-

288 1257 339 1298 pis
365 1256 640 1288 consecrandorum
666 1256 698 1288 in
734 1256 835 1288 insula
871 1256 993 1288 Corsica

291 1305 501 1348 episcoporum
518 1307 751 1349 praerogativa,
779 1305 889 1337 eisdem
911 1306 995 1338 resci-

292 1354 390 1387 tuilur
418 1355 472 1396 (1).

516 1413 729 1444 smnianlt'n

242 1479 410 1511 Exordium.
431 1497 471 1503 —
493 1480 591 1511 Series
610 1481 734 1518 agitatae
757 1481 877 1519 saepius
905 1480 993 1510 huius

281 1525 516 1556 controversiae:
534 1541 574 1547 -
590 1524 661 1554 Eius
681 1533 801 1554 examen
825 1533 922 1554 coram
936 1524 994 1554 Ho-

280 1569 364 1599 norio
391 1568 444 1598 PP.
466 1585 506 1591 —
526 1568 672 1598 Iudicium
700 1568 992 1608 archiepiscoporum

281 1618 309 1644 et
336 1613 542 1653 episcoporum
570 1613 767 1642 asserentium
795 1614 842 1642 ius
872 1618 992 1643 contro-

281 1666 434 1688 versarum
453 1658 709 1688 consecrationum
729 1657 846 1688 Pisanis
864 1659 993 1697 archiep.

281 1700 459 1731 —Nomina
483 1711 595 1738 eorum,
618 1702 667 1740 qui
696 1701 765 1731 huic
793 1704 902 1742 scripto
929 1712 993 1732 sese

285 1746 536 1785 subscripserunt.
564 1763 604 1768 —
631 1745 776 1776 Honorius
795 1747 849 1777 PP.
872 1753 993 1777 senten-

284 1791 352 1820 tiam
377 1790 548 1820 huiusmodi
567 1791 729 1827 confirmat,
758 1792 864 1830 iusque
887 1796 995 1822 metro-

284 1833 412 1872 policum
433 1843 524 1872 super
539 1834 679 1864 omnibus
701 1833 838 1864 Corsicae
853 1835 994 1866 Ecclesiis

286 1878 422 1907 concedit
439 1877 554 1907 Pisanis
577 1878 706 1917 archiep.
732 1895 771 1900 —
795 1878 880 1909 Pallii
907 1889 993 1909 usum

285 1922 396 1952 eisdem
414 1923 554 1960 indulget.
577 1939 617 1945 —
634 1922 741 1953 Solitae
760 1923 917 1953 clausulae
935 1925 996 1964 pri-

285 1966 422 2003 vilegium
443 1967 496 1996 hoc
509 1967 728 1997 confirmantes.
748 1984 787 1990 ——
807 1967 926 1998 Honorii
942 1969 993 1998 [³1³.

284 2014 312 2040 et
329 2009 356 2040 S.
373 2009 404 2039 R.
417 2009 447 2039 E.
463 2011 659 2041 cardinalium
684 2012 930 2051 subscriptiones.

245 2080 375 2109 Honorius
394 2081 534 2117 episcopus
553 2088 647 2110 servus
663 2089 802 2111 servorum
813 2083 868 2116 Dei.
885 2091 995 2112 venera-

288 2125 338 2159 bili
359 2130 445 2159 fratri
467 2131 579 2166 lingerio
592 2131 686 2160 Pisano
703 2132 913 2169 archiepiscopo,
926 2134 995 2161 eius-

289 2187 340 2216 que
359 2180 558 2208 successoribus
588 2181 712 2209 canonice
736 2181 943 2215 substituendis,
968 2183 996 2211 in

289 2230 458 2266 perpetuum.

296 2287 343 2322 Ad
371 2288 431 2321 hoc
457 2287 487 2321 in
515 2296 622 2323 sancta
655 2288 752 2323 Matre
786 2289 938 2324 catholica
966 2299 995 2324 et

247 2336 571 2372 universatiRomana
593 2337 745 2381 Ecclesia,
760 2351 839 2385 quae
862 2339 997 2374 iustitiae

247 2386 340 2421 sedes
369 2394 427 2429 est,
451 2399 508 2421 nos
529 2394 655 2421 auctore
676 2388 817 2422 omnium
840 2387 994 2422 bonorum

249 2434 316 2470 Deo
351 2436 573 2481 cognoscimus
607 2436 804 2477 constitutos,
840 2445 873 2471 ut
909 2450 995 2472 suam

248 2484 400 2519 Ecclesiis
425 2484 573 2519 omnibus
592 2484 740 2519 iustitiam
763 2498 997 2525 conservemus,

249 2542 279 2568 et
301 2533 326 2568 si
349 2534 424 2581 quid
447 2546 608 2581 perperam
636 2542 759 2580 gestum
787 2548 854 2569 esse
878 2537 998 2570 noveri-

285 2598 375 2632 (¹)Ex
391 2599 504 2633 Ughell„
522 2599 577 2626 Ital.
595 2599 665 2632 Sac.,
679 2602 742 2627 tom.
761 2607 801 2632 ni,
813 2600 858 2626 ubi
874 2599 907 2627 de
924 2601 997 2627 Pisa-

250 2639 290 2666 nis
305 2639 517 2674 archiepiscopis.

1674 249 1743 283 357

1043 325 1123 351 mus,
1147 313 1275 348 rationis
1302 313 1432 348 consilio
1454 312 1492 348 ad
1520 313 1716 349 rectituliuis
1737 323 1791 350 tra·

1041 411 1074 445 ri
1068 412 1168 457 gcnda
1184 422 1267 451 sunt,
1283 412 1569 447 ordiueiudiciario
1581 413 1789 469 corrivantur,

1040 469 1069 494 et
1092 472 1172 514 quae
1201 469 1282 496 recte
1316 470 1429 496 statuta
1462 470 1646 505 noscuntur,
1681 463 1711 496 in
1739 464 1788 498 sui

1041 509 1153 555 ViSOI'lS
1176 510 1286 544 l‘OlJOl'e
1316 519 1525 556 pessel'eressl.
1561 511 1790 547 Pl'flssdeCCSSOI'

1039 558 1184 604 equidem
1201 567 1306 593 noster
1317 568 1441 594 sanctae
1460 561 1627 595 memoriae
1643 560 1789 597 Urbanus

1039 607 1135 654 Papa,
1159 608 1294 643 institiae
1316 620 1352 643 ac
1372 609 1530 644 charitatis
1559 610 1687 651 intuitu,
1709 623 1789 646 con-

1038 657 1107 691 silio
1129 657 1350 704 episcoporum
1374 666 1403 692 et
1422 658 1638 698 cardinalium,
1662 669 1692 694 et
1713 661 1787 696 alio-

1038 718 1107 740 rum
1136 706 1274 741 fidelium
1294 719 1436 748 assensu,
1465 707 1597 742 Pisanae
1615 708 1787 754 Ecclesiae,

1037 763 1067 789 et
1096 755 1273 796 Daiaberto,
1295 756 1348 803 qui
1372 757 1399 790 ei
1421 757 1628 803 praesidebat,
1656 759 1787 806 eiusque

1037 805 1273 840 successoribus
1299 806 1452 840 canonice
1479 806 1678 846 intrantibus,
1706 808 1788 843 Cor—

1036 854 1158 889 sicanae
1186 855 1307 889 insulae
1330 855 1532 909 episcopatus
1567 857 1722 902 regendos
1755 866 1786 893 et

1036 903 1251 950 disponendos
1290 905 1465 945 commisit,
1506 913 1599 960 atque
1639 905 1784 941 subiecit.

1035 952 1256 1000 Eumdemque
1285 953 1484 988 Daiabertum
1509 955 1539 988 in
1567 954 1787 1003 archiepisco-

1037 1015 1111 1048 pum
1129 1003 1248 1037 insulae
1270 1002 1460 1038 Corsicanae
1472 1004 1638 1050 promoxit,
1658 1013 1689 1039 et
1704 1004 1785 1040 Cor-

1035 1052 1152 1086 sicauis
1178 1052 1347 1099 episcopis,
1375 1060 1407 1086 ut
1434 1053 1461 1087 ei
1486 1062 1644 1100 tamquam
1667 1062 1787 1090 metro-

1037 1100 1174 1147 politano
1200 1114 1257 1136 suo
1279 1102 1455 1143 obedirent,
1491 1115 1547 1149 per
1568 1103 1783 1139 obedientiam

1037 1151 1204 1197 praecepit.
1232 1150 1266 1185 In
1287 1163 1400 1197 magna
1422 1163 1559 1199 namque
1581 1161 1612 1188 et
1634 1152 1785 1188 diuturna

1034 1199 1306 1235 schismaticorum
1322 1209 1519 1247 tempestate,
1533 1215 1626 1249 quam
1643 1202 1785 1237 Romana

1036 1257 1109 1283 tunc
1130 1250 1281 1296 temporis
1309 1250 1483 1297 patiebatur
1509 1251 1666 1295 Ecclesia,
1694 1251 1785 1286 Pisa-

1035 1310 1147 1332 norum
1182 1299 1338 1333 civitatem
1372 1300 1479 1334 multis
1515 1300 1675 1335 laboribus
1711 1300 1784 1336 fecit

1035 1347 1213 1382 obnoxiam.
1237 1348 1405 1383 Corsicana
1420 1360 1503 1387 tero
1527 1357 1586 1384 tam
1607 1350 1784 1397 pioxilitate

1035 1397 1224 1442 spatiorum
1257 1410 1350 1444 quam
1388 1398 1576 1444 negligentia
1605 1408 1783 1446 pastorum,

1035 1445 1237 1481 dominorum
1278 1426 1490 1488 ἰηεοΙειΠίθ,ὓ
1506 1457 1536 1482 et
1572 1448 1784 1485 desuetudine

1035 1495 1207 1541 legatorum
1225 1495 1318 1530 Sedis
1331 1496 1541 1544 Apostolicae,
1559 1510 1576 1532 a
1591 1497 1784 1534 subiectione

1035 1553 1065 1579 et
1098 1545 1278 1580 obedientia
1304 1545 1466 1580 Romanae
1493 1546 1654 1582 Ecclesiae
1680 1547 1784 1583 defer-

1036 1594 1155 1634 buerat,
1190 1603 1220 1629 et
1241 1595 1439 1629 dissolutioni
1463 1607 1499 1630 ac
1521 1596 1716 1643 dissipationi
1734 1597 1784 1632 de-

1035 1644 1096 1677 dita
1124 1644 1326 1678 ecclesiastici
1349 1644 1469 1679 ordinis
1492 1657 1571 1692 pene
1602 1646 1785 1682 deseruerat

1036 1692 1246 1740 disciplinam.
1280 1693 1418 1728 Proinde
1452 1694 1532 1729 idem
1563 1695 1785 1742 praedecessor

1037 1750 1143 1776 noster
1169 1750 1231 1776 tota
1254 1742 1378 1778 Pisanis
1405 1743 1589 1778 collatorum
1614 1744 1784 1780 beneficio-

1037 1804 1105 1825 tun]
1128 1792 1248 1826 meritis
1270 1791 1364 1838 digne
1389 1793 1567 1838 respondit,
1589 1801 1619 1828 et
1645 1794 1783 1829 Corsica-

1037 1852 1094 1875 nae
1115 1840 1288 1882 Ecclesiae,
1315 1853 1395 1888 quae
1422 1841 1545 1877 Pisanis
1564 1843 1707 1890 proprior
1725 1852 1782 1884 est,

1037 1889 1140 1924 debita
1157 1890 1306 1925 charitate
1321 1890 1466 1937 providit.
1489 1891 1695 1926 Postmodum
1711 1905 1784 1927 tero

1036 1951 1201 1974 successor
1226 1941 1295 1974 eius
1328 1940 1413 1987 Papa
1445 1939 1607 1981 Gelasius,
1640 1941 1784 1976 eiusdem

1037 1989 1196 2023 charitatis
1209 1998 1364 2034 respectu,
1383 1989 1464 2024 idem
1481 1990 1556 2024 iuris
1570 1999 1598 2024 et
1613 1990 1784 2036 dignitatis,

1037 2037 1122 2083 quod
1149 2051 1164 2072 a
1199 2038 1328 2072 domino
1362 2038 1490 2073 Urbano
1530 2039 1615 2085 Papa
1650 2039 1783 2074 Pisanae

1038 2087 1198 2122 Ecclesiae
1216 2086 1362 2122 collatum
1392 2087 1501 2131 fuerat,
1532 2088 1713 2122 auctoritate
1735 2088 1784 2123 sui

1038 2136 1193 2182 privilegii
1224 2137 1428 2170 confirmavit.
1463 2137 1536 2178 Quo
1562 2137 1600 2171 de
1631 2137 1689 2172 hac
1715 2137 1784 2172 luce

1037 2193 1199 2231 assumpto
1227 2186 1450 2231 praedecessor
1476 2194 1582 2220 noster
1610 2186 1694 2233 Papa
1720 2185 1784 2221 Ca-

1039 2234 1134 2268 lixtus
1167 2233 1310 2269 eiusdem
1350 2234 1477 2268 rationis
1509 2235 1782 2276 consideratione,

1038 2284 1123 2329 quod
1150 2283 1189 2317 ab
1216 2283 1470 2317 antecessoribus
1500 2284 1567 2318 eius
1598 2284 1727 2319 Urbano
1754 2293 1785 2319 et

1038 2332 1164 2366 Gelasio
1196 2332 1302 2366 datum
1341 2341 1371 2367 et
1406 2332 1624 2367 confirmatum
1653 2333 1785 2369 Pisanae

1038 2381 1198 2415 Ecclesiae
1225 2381 1342 2425 fuerat,
1364 2381 1518 2428 privilegii
1541 2382 1588 2416 sui
1611 2384 1785 2418 munimine

1039 2430 1206 2464 roboravit.
1229 2430 1400 2465 Ianuenses
1420 2438 1523 2465 autem
1547 2431 1657 2466 honori
1678 2432 1784 2467 Pisani

1041 2480 1148 2526 populi
1172 2480 1357 2519 invidentes,
1384 2488 1414 2514 et
1431 2492 1540 2515 eorum
1557 2480 1784 2516 incrementum

1039 2541 1139 2575 aequo
1161 2529 1265 2563 animo
1281 2542 1341 2564 non
1358 2529 1504 2570 serentes,
1531 2528 1624 2564 huius
1644 2530 1686 2564 rei
1703 2543 1786 2566 sum-

1041 2586 1091 2624 pta
1118 2579 1301 2621 occasione,
1335 2591 1479 2624 guerram
1513 2587 1621 2614 contra
1651 2579 1785 2615 Pisanos

1043 2636 1216 2662 iunxerunt.
1258 2627 1348 2662 [mle
1387 2627 1520 2669 caedes,
1556 2628 1721 2671 incendia,
1755 2637 1785 2664 et

1816 266 1865 293 An.
1885 265 1999 293 &1126

1827 540 1897 561 series
1906 540 1999 567 agitatae

1815 567 1901 592 saepiu*
1932 567 1998 598 huius

1814 597 1984 615 controversiae:
