2180 3205
428 231 495 263 :551

373 310 466 331 snum
502 305 639 338 congrua
679 289 893 325 satisfactione
931 286 1099 323 correxerit
1115 313 1123 325 ,

374 348 536 397 potestatis
564 345 754 391 honorisque
776 345 823 378 sni
843 342 994 389 dignitate
1010 348 1124 380 eareat,

376 412 524 446 reamque
547 411 579 433 se
597 398 702 432 (lirino
719 397 834 432 iudicio
852 396 986 431 existere
998 395 1037 430 de
1059 406 1124 442 per-

375 462 494 501 petrata
523 453 686 498 iniquitate
718 459 906 497 cognoscat,
940 458 970 484 et
992 460 1125 484 asacra-

374 508 495 541 tissimo
518 505 659 552 Corpore
681 507 711 539 et
738 504 900 550 Sanguine
922 503 980 537 Dei
1005 510 1035 537 et
1054 501 1126 536 Do—

374 561 450 596 mini
466 559 687 606 Redemptoris
702 558 796 593 nostri
813 558 879 592 lesu
891 557 1007 592 Christi
1024 556 1125 591 aliena

375 617 437 659 liat,
459 622 552 661 atque
576 614 605 647 in
634 621 775 648 extremo
802 612 945 647 examine
968 611 1126 645 districtae

189 680 241 700 nni
257 680 360 699 servanu-
376 670 488 703 ultioni
518 667 697 707 subiaceat3
731 667 853 702 cunctis
884 673 988 701 autem
1022 665 1125 699 eidem

177 712 296 770 iigss2.i'u⁰f¹¹,³
321 710 360 730 ἀρ’
379 723 449 758 loco
465 724 543 757 iusta
566 720 764 756 servantibus
786 722 825 756 sit
845 734 901 768 pax
915 720 1042 755 Domini
1063 731 1127 754 no-

375 777 430 812 stri
453 776 524 811 Iesu
547 775 678 817 Christi,
700 783 855 823 quatenus
877 774 972 809 ethic
990 773 1126 808 fructum

376 830 477 866 bonae
499 830 630 866 actionis
654 829 839 877 percipiant,
862 838 892 864 et
913 827 997 876 apud
1020 826 1128 862 ‹listri-

376 892 462 920 ctum
509 883 650 918 Iudicem
690 883 826 930 praemia
861 890 1006 917 aeternae
1045 881 1129 928 pacis

377 934 548 973 inveniant.
578 938 690 971 Amen.

427 992 499 1027 Eco
514 991 681 1026 Ercnxius
695 990 868 1025 catholicae
884 988 1045 1024 Ecclesiae
1060 987 1130 1035 epi-

378 1057 494 1093 scopus
521 1045 627 1080 subse.

429 1101 497 1147 Ego
516 1100 681 1134 Albericns
708 1097 866 1133 Ostiensis
893 1096 990 1145 episc.
1014 1109 1056 1132 ss.

431 1155 498 1201 Ego
521 1153 641 1188 Imarus
659 1153 859 1188 Tusculanus
882 1153 979 1199 episc.
1002 1163 1044 1185 ss.

431 1208 500 1255 Ego
526 1207 720 1242 Octavianus
742 1207 822 1241 diac.
850 1205 935 1240 card.
958 1204 1066 1240 Sancti
1083 1204 1135 1238 Ni-

383 1262 461 1298 colai
484 1262 514 1296 in
544 1260 679 1295 Carcere
701 1260 846 1295 Tulliano
870 1272 911 1294 ss.

433 1316 501 1363 Ego
527 1315 696 1350 Rainerius
725 1314 885 1362 presbyter
908 1312 1073 1348 cardinalis
1089 1312 1135 1346 tit.

384 1370 519 1406 Sanctae
540 1369 669 1404 Priscae
693 1381 735 1403 ss.

434 1424 502 1471 Ego
530 1423 673 1458 Ubaldns
696 1422 801 1470 presb.
824 1422 909 1457 card.
932 1422 982 1456 Ss.
1013 1420 1139 1455 loannis

387 1489 417 1514 et
443 1478 532 1512 Pauli
559 1489 601 1511 ss.

440 1533 505 1578 Ego
533 1531 697 1565 Aribcrtns
726 1529 829 1577 presb.
864 1529 1031 1564 cardinalis
1060 1527 1139 1562 tituli

387 1587 523 1622 Sanctae
551 1584 736 1619 Anastasiae
762 1597 804 1618 ss.

438 1640 507 1686 Ego
533 1638 715 1673 Mansredus
744 1637 847 1684 presb.
877 1637 1043 1672 cardinalis
1063 1635 1141 1670 tituli

391 1695 524 1730 Sanctae
547 1692 684 1727 Sabinae
706 1704 747 1726 ss.

440 1748 510 1794 Ego
539 1745 680 1780 Villanus
710 1745 814 1793 presb.
840 1745 925 1779 card.
949 1744 995 1779 tit.
1019 1745 1052 1779 S.
1069 1743 1144 1778 Ste-

394 1802 490 1852 phani
516 1801 546 1835 in
570 1800 679 1835 Coelio
699 1807 805 1834 monte
828 1811 869 1833 ss.

445 1856 510 1902 Ego
533 1853 715 1889 Bernardus
742 1852 848 1901 presb.
875 1851 1042 1887 cardinalis
1065 1851 1145 1885 tituli

396 1911 429 1946 S.
454 1910 628 1945 Clementis
650 1921 692 1943 ss.

447 1966 515 2011 Ego
530 1963 670 1999 Ubaldus
691 1962 794 2008 presb.
815 1961 899 1996 card.
916 1960 998 1994 tituli
1014 1959 1148 1994 Sanctae

398 2020 510 2054 Crucis
531 2018 562 2052 in
592 2017 788 2052 Hierusalem
812 2028 853 2050 ss.

448 2073 514 2119 Ego
541 2071 648 2106 Guido
679 2070 759 2105 diac.
797 2069 880 2104 card.
905 2068 939 2103 S.
968 2067 1083 2103 Mariae
1118 2067 1149 2101 in

400 2127 527 2162 l’orticu
554 2138 595 2160 ss.

452 2181 519 2226 Ego
541 2180 656 2214 Petrus
671 2178 751 2213 diac.
775 2177 861 2213 card.
885 2178 1019 2212 Sanctae
1035 2176 1151 2211 Mariae

402 2236 433 2269 in
462 2234 517 2268 Via
540 2233 615 2268 Lata
638 2245 680 2267 ss.

453 2289 519 2334 Ego
541 2287 690 2322 Cintliius
712 2285 791 2320 diac.
820 2284 903 2320 eard.
927 2284 976 2319 Ssv
997 2284 1100 2331 Sergii
1124 2291 1153 2319 et

406 2346 521 2381 Bacchi
545 2357 587 2380 ss.

456 2399 527 2433 Dat.
549 2397 647 2433 Sutrii
664 2409 717 2444 per
739 2408 865 2431 manum
883 2396 1012 2432 Roberti
1029 2405 1156 2431 sanctae

408 2453 570 2488 Romanae
603 2451 763 2486 Ecclesiae
797 2452 971 2499 presbyteri
1009 2451 1092 2486 card.
1128 2460 1157 2485 et

409 2506 598 2546 cancellarii,
623 2518 655 2540 iv
684 2518 781 2539 nonas
810 2507 896 2549 maii,
924 2504 1157 2539 indictionem.

487 2562 549 2592 Dat.
567 2562 613 2592 die
634 2563 653 2592 4
676 2563 745 2591 maii
764 2571 840 2591 anno
863 2561 978 2591 Domini
999 2561 1083 2597 tito,

660 2606 761 2646 pontis.
784 2615 860 2635 anno
883 2615 913 2635 ιι.

177 245 227 272 An.
247 243 275 270 C.
292 244 358 271 tilio

202 1011 287 1038 fingenii
308 1009 347 1031 Pr.

183 1126 201 1141 et
226 1121 245 1140 S.
263 1120 285 1140 R.
308 1119 363 1140 Eccl-

204 1151 342 1170 rarilinulium

183 1182 360 1208 subscriptiones.

963 230 1151 257 BULLARHTM
1174 229 1336 253 ROMANEM

1929 222 1980 251 An.
1998 221 2028 250 c.
2044 222 2110 251 iius

1505 280 1574 316 XV.

1205 359 1352 403 Sequitur
1377 358 1466 391 aliud
1485 358 1585 391 simile
1602 357 1800 402 privileyt‘um
1818 367 1879 402 pro

1220 408 1342 442 ecclesia
1366 407 1475 441 Sancti
1499 408 1632 442 Zenonis
1655 407 1778 440 llallen.
1801 408 1858 450 (l).

1435 479 1651 511 SUMMARIUM

1168 547 1335 578 Exordium.
1346 562 1385 569 —
1399 545 1477 576 Ordo
1494 545 1656 576 canonicus
1673 545 1701 575 in
1713 545 1789 574 Eecl.
1804 543 1918 575 llallen.

1208 593 1408 623 confirmatur.
1430 605 1471 614 -—
1492 590 1570 620 Bona
1593 594 1806 620 enumerantur
1831 595 1919 629 atque

1208 636 1244 666 ab
1258 636 1337 666 omni
1353 635 1487 665 molestia
1507 634 1649 664 immunia
1669 633 1866 663 declarantur.
1880 649 1920 657 -

1208 680 1363 718 Privitegia
1382 685 1410 710 et
1432 679 1641 709 immunitates
1659 694 1699 701 —
1713 677 1822 708 Solitae
1840 678 1921 708 elau·

1209 726 1293 756 sulae
1313 726 1353 764 (R.
1369 726 1419 763 r).

1169 798 1300 837 Eugenius
1320 800 1459 837 episcopus
1472 806 1567 828 servus
1583 805 1722 828 servorum
1737 799 1792 833 Det,
1814 800 1921 829 dilectis

1213 851 1289 883 filiis,
1309 850 1420 878 ilenrico
1439 849 1594 885 praeposito
1612 849 1743 878 Ecclesiae
1762 849 1852 878 Sancti
1876 849 1920 878 Ze·

1215 899 1292 928 nonis
1311 898 1456 930 Hallensis,
1481 898 1590 933 eiusque
1608 896 1743 926 fratribus
1766 900 1824 927 tam
1842 905 1921 935 praa·

1216 949 1338 978 sentibus
1358 954 1437 983 quam
1451 946 1564 980 futuris,
1581 947 1735 983 regularem
1756 948 1841 978 vitam
1859 956 1921 986 pro·

1216 999 1308 1031 fessis.
1331 997 1358 1025 iu
1374 997 1544 1033 perpetuum.

1223 1064 1381 1107 Quoniam
1416 1064 1485 1098 sine
1519 1074 1607 1098 verae
1643 1063 1727 1098 cultu
1763 1064 1924 1111 religionis

1176 1128 1232 1150 nec
1265 1113 1425 1149 charitatis
1457 1112 1560 1147 unitas
1595 1121 1696 1159 potest
1727 1114 1923 1157 subsistere,

1175 1177 1233 1200 nec
1254 1164 1321 1199 Deo
1334 1171 1456 1209 gratum
1476 1162 1616 1197 exbiberi
1636 1163 1811 1208 servitium,
1832 1176 1926 1212 expe-

1176 1214 1221 1249 dit
1242 1213 1430 1261 apostolicae
1452 1212 1643 1251 auctoritati,
1668 1212 1830 1259 religiosas
1852 1226 1926 1261 per-

1178 1275 1271 1298 sonas
1292 1262 1432 1308 diligere‚
1455 1268 1484 1295 et
1498 1273 1604 1296 earum
1621 1262 1731 1308 (prieti,
1758 1262 1927 1298 auxiliante

1180 1313 1336 1356 Domino,
1363 1310 1539 1358 providere.
1586 1311 1782 1357 Eapropter,
1819 1311 1926 1347 dilecti

1181 1364 1210 1397 in
1236 1361 1374 1396 Domino
1411 1360 1462 1394 lilii
1493 1360 1678 1395 venerabilis
1701 1360 1802 1395 fratris
1829 1360 1926 1396 nostri

1180 1411 1276 1446 Conr.
1317 1409 1568 1455 Salisburgensis
1605 1410 1745 1457 episcopi
1779 1410 1928 1457 precibus

1181 1460 1340 1501 inclinati,
1389 1460 1500 1494 vestris
1537 1459 1626 1494 iustis
1664 1459 1929 1506 postulationibus

1181 1511 1352 1545 clementer
1373 1508 1555 1552 annuimus,
1577 1516 1607 1542 et
1634 1508 1802 1555 praefatam
1821 1509 1856 1544 S.
1875 1508 1932 1544 Ze-

1183 1559 1273 1594 nonis
1294 1558 1471 1597 ecclesiam,
1499 1558 1530 1591 in
1553 1570 1613 1604 qua
1635 1558 1741 1592 divino
1763 1559 1930 1605 mancipati

1183 1610 1258 1644 estis
1291 1607 1465 1654 obsequio,
1500 1607 1558 1641 sub
1585 1607 1622 1641 B.
1650 1606 1735 1642 Petri
1762 1614 1793 1642 et
1825 1615 1932 1643 nostra

1186 1658 1379 1706 protectione
1402 1656 1603 1703 suscipimus,
1626 1664 1656 1690 et
1672 1657 1845 1703 praesentis
1860 1657 1932 1692 scri-

1186 1708 1228 1755 pti
1270 1706 1431 1753 privilegio
1465 1705 1719 1746 communimus,
1758 1706 1789 1741 in
1824 1706 1933 1754 primis

1186 1756 1342 1803 siquidem
1365 1763 1555 1794 statuentes.
1593 1763 1625 1789 ut
1659 1755 1736 1790 ordo
1763 1757 1934 1791 canonicus
1960 1766 2016 1788 omo
2032 1764 2118 1787 eami-

1187 1805 1362 1840 secundum
1391 1804 1429 1838 B.
1458 1803 1627 1850 Augustini
1654 1805 1793 1850 regulam
1820 1817 1934 1853 perpe·
1948 1795 2132 1849 ᾓζῗιζζεξξῗξζῗ

1189 1857 1249 1889 tuis
1271 1854 1312 1889 ibi
1340 1853 1535 1901 temporibus
1562 1853 1779 1889 inviolabiliter
1804 1866 1936 1890 conser-
1948 1862 2023 1881 mtur-

1190 1912 1288 1939 vetur.
1321 1902 1546 1949 Quascumque
1574 1910 1730 1950 praeterea
1760 1904 1936 1951 possessio-

1191 1966 1261 1993 nes,
1294 1964 1515 1999 quaecumque
1548 1952 1648 1991 hona,
1687 1960 1748 1987 tam
1783 1965 1818 1988 ex
1852 1954 1936 1988 dono
1963 1964 2020 1985 aona
2042 1967 2132 1984 enume-

1192 2002 1317 2050 praefati
1339 2001 1567 2048 archicpiscopi
1595 2000 1769 2036 fundatoris
1795 2003 1853 2037 loci
1881 2015 1937 2037 ve-
1949 1991 2137 2047 {ffiff'ss‘ffissjss

1191 2052 1257 2090 stri,
1282 2063 1375 2098 quam
1398 2049 1530 2084 aliorum
1554 2049 1611 2084 Dei
1628 2050 1780 2095 fidelium,
1801 2051 2049 2099 imprae-immunia
2064 2052 2136 2075 ΜΒ·

1192 2101 1362 2136 sentiarum
1396 2100 1477 2134 iuste
1511 2107 1541 2134 et
1571 2099 1721 2135 canonice
1756 2089 2032 2146 possidetis,'³”¹⁰‘'

1193 2150 1298 2186 autin
1334 2149 1472 2183 futurum
1503 2149 1707 2184 concessione
1732 2149 1939 2192 Pontificum,

1195 2199 1378 2235 liberalitate
1400 2210 1523 2242 regum,
1559 2197 1722 2244 largitione
1750 2199 1941 2246 principum,

1195 2249 1354 2297 oblatione
1377 2247 1528 2292 fidelium,
1550 2260 1605 2281 seu
1628 2247 1698 2282 aliis
1716 2248 1805 2282 iustis
1827 2248 1943 2294 modis,

1198 2305 1374 2347 praestante
1393 2296 1540 2337 Domino,
1565 2298 1708 2344 poteritis
1729 2297 1871 2344 adipisci,
1891 2298 1944 2332 lir-

1199 2361 1248 2383 ma
1271 2346 1358 2381 robis
1384 2346 1555 2393 vestrisque
1583 2346 1820 2381 successoribus
1847 2355 1877 2382 et
1908 2347 1947 2381 il-

1200 2398 1293 2431 libata
1317 2406 1538 2442 permaneant,
1563 2397 1592 2429 in
1620 2395 1737 2442 quibus
1763 2395 1841 2430 haee
1868 2407 1947 2442 pro-

1201 2447 1275 2494 priis
1326 2444 1476 2479 duximus
1521 2444 1725 2492 exprimenda
1768 2444 1946 2479 vocabulis:

1201 2504 1321 2531 curtem
1351 2495 1441 2528 sitam
1469 2501 1541 2528 ante
1573 2501 1692 2540 portam
1720 2493 1862 2528 eiusdem
1885 2492 1949 2528 Ec-

1202 2546 1315 2579 clesiae
1336 2555 1408 2578 cum
1430 2544 1628 2590 appendiciis
1642 2544 1719 2583 suis,
1742 2549 1772 2577 et
1785 2542 1949 2589 praedium

1239 2610 1278 2644 (t)
1299 2609 1337 2635 Ex
1355 2608 1467 2643 Metrop.
1486 2608 1662 2642 Salisburgen.
1685 2607 1795 2639 Hundii‚
1816 2610 1880 2634 tom.
1895 2614 1936 2634 ni.

1963 1075 2082 1098 Exordium.

2167 1005 2170 1112 l

2168 1113 2171 1241 l
