2180 3205
40 275 97 317 λη.
117 286 145 314 c,
165 286 232 314 noo

69 375 169 398 Abbati-io
181 381 230 394 nvin-

49 403 116 426 uuita·
150 401 230 422 Clunia·
267 422 270 423 ⁷

50 428 230 478 ffiffissflss‘flffib‘
252 422 425 467 Gregorius
447 421 499 455 vlt
525 422 585 455 l'l‘.
610 423 781 465 commisit,
804 434 859 456 nos
877 434 1004 468 quoque

77 916 139 939 Salvo
151 916 194 937 iuro
207 915 230 937 S.

52 943 76 965 tt.
97 942 134 967 Ε..
157 942 231 963 frati-us

52 969 196 992 cluniacenses
219 974 232 989 a

63 995 127 1018 ueris
152 995 225 1016 officiis

61 1021 157 1049 suspendi
185 1027 226 1042 non

52 1054 112 1097 pom
137 1048 232 1070 ‹tectam-

62 1081 100 1101 11ῐὶ

63 1425 104 1448 Nee
114 1426 228 1457 prohiberi,

65 1458 171 1480 quominus
198 1460 219 1474 in

56 1480 183 1501 monast-riis
193 1481 234 1500 cte-

53 1505 132 1527 rieiant
141 1506 188 1527 laici
199 1506 234 1527 de·

54 1531 168 1564 linquentes
202 1539 234 1554 re-

54 1561 161 1586 cipiantur.
180 1584 183 1587 .

81 1879 122 1901 Noe
141 1880 195 1901 bona
209 1880 236 1901 ad

57 1906 129 1927 cadon»
140 1909 236 1933 spectan-

58 1932 86 1953 tia
92 1934 236 1959 quoquomodo

58 1959 168 1980 molestari.

74 2353 188 2384 Subnoena
198 2357 239 2382 pri-

62 2383 148 2402 vationis
165 2383 240 2407 gradus

61 2408 82 2426 el.
99 2412 238 2430 cutisurarum.

875 271 912 291 1⁵¹.
924 270 974 291 ati-'t
987 268 1050 290 ills,
1074 269 1094 291 tt
1121 271 1167 292 t't‘.

1678 264 1749 296 215

255 323 404 358 &libatiam
427 335 509 366 vero,
532 336 611 370 <pias
635 331 706 357 tuac
729 331 917 371 tuorumque
932 337 1005 358 sue-
1045 324 1092 358 cio
1120 325 1251 358 existere
1286 324 1325 360 de
1348 334 1521 373 perpetrata
1551 326 1715 375 iniquitate
1738 341 1796 363 co-

254 385 414 407 ‹:t=:-soi·um
440 373 629 406 ordinationi
656 373 878 419 praedecessor
900 381 1004 407 noster

251 470 489 511 committimus,
512 471 656 505 videlieet
680 471 837 510 Viiltelva,
859 470 892 505 S,
911 471 1004 516 „Egi-

251 520 305 559 tlii,
329 519 360 553 S.
390 519 517 554 loannis
539 519 577 554 de
601 519 766 566 Angelieo,
793 519 826 553 S.
854 519 936 553 Petri
965 520 1004 554 de

253 569 425 616 Moysiaco,
458 569 696 609 Maliacensem,
723 569 756 603 S.
790 568 939 603 Martialis
965 569 1003 603 ‹le

256 618 435 658 Lemovico,
471 630 586 652 novum
626 617 850 652 monasterium
884 617 918 652 S.
945 616 1004 665 Cy-

253 667 351 714 priani
367 667 575 702 pictaviensis
589 666 627 700 ‹le
640 666 673 700 S.
688 666 805 706 sacca,
821 666 1003 701 adiicientes

251 716 343 750 etiam
370 715 403 750 S.
439 715 589 751 Germani
624 715 932 755 Autissiodorensis,
967 715 1000 750 S⁴

252 765 436 799 Astriinonii
464 764 682 805 Mauricensis‚
709 764 743 799 S.
774 765 893 799 Bertini
923 764 1002 799 Tar-

253 814 410 848 vaniensis
441 813 545 848 eidem
578 813 768 848 ordinationi
805 814 1002 848 subiaceant:

251 864 336 897 salvo
359 863 508 897 nimirum
533 862 600 896 inre
622 871 748 897 sanetae
766 862 923 898 Ecclesiae
937 863 1004 898 Ro-

252 924 374 946 manae.
415 912 481 946 Nec
523 912 626 947 minus
671 911 747 946 illud
784 912 1002 959 supradictum

251 961 370 996 Urbani
394 961 418 995 ll
442 961 547 1008 Papae
570 961 743 1008 capitulum
766 962 1003 1006 confirmamus,

253 1023 290 1045 ue
317 1010 465 1045 cellarum
489 1018 661 1044 vestrarum
682 1010 813 1045 ubilibet
831 1011 1003 1057 positarum

254 1060 361 1094 fratres
385 1071 439 1106 pro
462 1059 600 1106 qnalibet
628 1060 847 1095 interdictione
870 1060 914 1094 vel
943 1073 1005 1094 ex—

252 1109 539 1143 communicatione
553 1108 732 1144 divinorum
748 1109 919 1144 officiorum
934 1122 1005 1144 sus-

254 1158 438 1205 pensionem
467 1158 639 1204 patiantur3
670 1158 725 1193 sed
761 1166 821 1192 tam
859 1159 1003 1192 monaclii

252 1220 346 1254 quam
371 1216 399 1241 et
424 1207 530 1240 famuli
557 1219 679 1247 eorum,
701 1215 728 1242 et
757 1208 808 1254 qui
835 1219 868 1241 se
889 1220 1004 1242 mona-

252 1258 347 1291 sticae
377 1256 561 1303 professioni
586 1257 793 1301 devoverunt,
816 1256 929 1291 clausis
945 1257 1006 1291 Ec-

253 1306 419 1340 clesiarnm
436 1305 550 1348 ianuis,
562 1318 623 1339 non
638 1306 784 1340 admissis
799 1305 1004 1346 dioecesanis,

253 1354 379 1389 divinae
394 1354 553 1388 servitutis
567 1354 665 1389 officia
682 1355 851 1394 celebrent,
863 1356 1007 1400 etsepul-

255 1412 340 1438 turae
363 1403 467 1438 debita
497 1412 655 1450 peragant.
678 1403 892 1438 Concedimus
912 1405 1004 1438 etiam

254 1453 344 1487 vobis
371 1453 466 1486 laicos
492 1465 546 1487 seu
575 1453 705 1487 clericos
730 1453 917 1491 saeculares,
946 1454 1004 1487 nisi

253 1502 306 1550 qui
336 1514 390 1549 pro
418 1501 511 1536 certis
533 1502 719 1537 criminibus
741 1503 1003 1537 excommunicati

253 1558 338 1595 sunt,
372 1551 409 1586 ad
441 1551 694 1595 conversionem,
720 1552 784 1586 sive
811 1551 1005 1598 sepulturam

255 1613 309 1647 per
323 1600 389 1634 loca
406 1608 506 1634 vestra
529 1602 700 1648 suscipere.
717 1600 859 1635 Clericos
880 1613 1006 1648 quoque

256 1649 428 1696 regulares,
455 1650 508 1696 qui
538 1662 593 1696 pro
622 1650 863 1684 necessitatibus
885 1650 922 1684 ad
946 1663 1005 1684 ve-

254 1707 352 1733 strum
375 1699 563 1732 coenobium
597 1699 764 1744 effugiunt,
792 1699 1005 1746 suscipiendi,

255 1756 285 1782 et
319 1748 356 1782 ad
395 1755 532 1782 vestrum
571 1749 765 1795 propositum
799 1748 1004 1789 admittendi,

256 1796 396 1843 religioni
440 1804 558 1831 vestrae
597 1797 752 1831 licentiam
795 1798 1004 1844 impertimus.

256 1846 418 1881 Praeterea
451 1845 671 1890 decernimus,
699 1855 731 1880 nt
767 1846 842 1880 nulli
875 1847 1006 1881 omnino

257 1895 418 1929 bominum
436 1895 526 1929 liceat
545 1902 681 1929 vestrum
699 1895 875 1930 venerabile
891 1908 1007 1930 coeno-

257 1945 343 1978 bium
369 1952 399 1978 et
426 1944 491 1979 loca
513 1944 638 1979 subdita
665 1952 782 1979 temere
806 1945 1006 1991 perturbare,

256 1994 309 2028 sed
348 2005 457 2027 eorum
498 1993 655 2028 Ecclesiae
698 1995 936 2041 possessiones,
977 2003 1008 2029 et

259 2042 338 2077 bona
360 2050 492 2083 caetera,
519 2054 599 2089 quae
628 2056 683 2090 pro
710 2045 884 2077 animarum
908 2043 1007 2078 salute.

257 2091 370 2126 donata
393 2099 479 2135 sunt,
507 2092 552 2126 vel
588 2092 619 2126 in
649 2092 786 2127 futurum
814 2093 881 2127 Deo
910 2094 1007 2127 mise-

259 2150 345 2176 rante
377 2141 487 2175 donari
525 2142 738 2187 contingerit,
775 2142 862 2176 lirma
897 2142 1004 2181 vobis,

258 2190 431 2236 vestrisque
458 2191 706 2234 successoribus,
734 2199 762 2225 et
785 2190 900 2224 illibata
930 2204 1007 2237 per-

261 2247 419 2280 maneant,
446 2251 525 2285 quos
554 2239 692 2285 profecto
720 2240 942 2284 cognoscimus
969 2240 1007 2273 ab

260 2288 543 2322 excommnnicatis
569 2298 597 2322 et
632 2289 797 2334 rapacibus
819 2289 1008 2322 discretione

260 2337 362 2371 debita
377 2337 541 2372 contineri.
560 2336 593 2370 Si
609 2349 667 2383 qua
682 2338 776 2383 igitur
797 2337 1008 2371 eclesiastica

260 2387 466 2421 saecularisve
495 2398 639 2433 persona,
667 2386 745 2420 hane
782 2394 904 2420 nostrae
932 2399 1009 2420 con-

261 2435 432 2470 stitutionis
468 2435 611 2481 paginam
647 2436 773 2475 sciens,
801 2444 908 2469 contra
936 2448 1004 2470 eam

263 2492 377 2520 temere
399 2486 505 2519 venire
532 2485 705 2524 tentaverit,
728 2484 868 2518 secundo
895 2492 924 2518 et
946 2492 1010 2519 ter-

265 2533 306 2567 ·io
327 2534 529 2577 commonita,
553 2533 609 2566 nisi
637 2534 846 2568 satisfactione
871 2545 1010 2579 congrua

264 2582 498 2626 emendaverit,
537 2583 698 2628 potestatis
739 2583 929 2629 imparisque
962 2583 1009 2616 sni

269 2629 414 2676 «lignitate
436 2640 550 2673 careat,
579 2644 727 2679 reamque
749 2644 782 2666 se
804 2631 912 2666 divino
934 2631 1013 2667 iudi-

1044 381 1198 417 gnoseat‚
1230 382 1258 408 et
1298 387 1314 408 a
1346 378 1559 410 saeratissimo
1586 378 1727 424 Corpore
1760 391 1795 413 ac

1045 422 1207 466 Sanguine
1246 424 1300 458 Dei
1343 433 1373 458 et
1414 425 1538 459 Domini
1571 425 1796 474 Redemptoris

1047 472 1142 505 nostri
1171 471 1238 506 lesu
1275 472 1391 507 Christi
1427 475 1526 508 aliena
1565 475 1614 516 sii,
1643 484 1736 522 atque
1764 477 1793 510 in

1045 527 1188 554 extremo
1210 523 1352 555 exainine
1373 522 1532 557 ‹listi-iriae
1560 524 1669 559 ultioni
1693 525 1797 560 subia-

1045 578 1122 604 ceat.
1158 570 1290 605 Cunctis
1329 581 1431 604 autem
1470 572 1571 606 eidem
1607 575 1675 608 loeo
1716 576 1793 608 iusta

1045 619 1242 653 servantibus
1279 620 1318 654 sit
1355 633 1413 666 pax
1441 620 1566 655 Domini
1604 624 1700 657 nostri
1725 623 1793 658 lesu

1045 667 1176 706 Christi,
1205 677 1362 715 quatenus
1395 677 1426 703 ct
1453 669 1502 704 liic
1529 670 1663 706 fructum
1694 672 1794 708 bonae

1044 717 1177 752 actionis
1204 718 1400 764 percipiant,
1436 726 1466 753 et
1499 720 1580 765 apud
1617 720 1794 757 districtum

1044 765 1183 800 Iudicem
1200 767 1337 813 praemia
1356 775 1500 802 aeternae
1515 769 1600 815 pacis
1622 770 1794 805 inveniant.

1045 814 1160 849 Amen.

1045 864 1116 899 Eoo
1142 864 1325 899 PASCHALls
1343 865 1477 901 Sanctae
1498 865 1658 902 Ecclesiae
1676 867 1796 904 Catho-

1095 914 1170 948 licae
1198 914 1378 960 episeopus.

1045 962 1112 1008 Ego
1125 961 1195 997 Odo
1207 962 1364 998 Ostiensis
1378 964 1546 1011 episcopus
1560 965 1745 1013 subscripsi.

1047 1012 1113 1057 Ego
1140 1012 1291 1046 autom.
1315 1012 1539 1048 Praenestinus
1565 1016 1745 1062 episcopus.

1045 1060 1114 1107 Ego
1155 1061 1323 1096 Albericus
1362 1063 1530 1098 cardinalis
1566 1063 1600 1098 S.
1636 1064 1720 1099 Petri
1756 1064 1796 1099 ad

1095 1110 1239 1144 Vincula.

1046 1159 1114 1206 Ego
1136 1159 1310 1195 Walterius
1331 1163 1375 1204 (l)
1407 1161 1579 1209 episeopus
1605 1161 1796 1198 Albanensis

1095 1209 1255 1243 Ecclesiae
1276 1210 1460 1256 subscripsi.

1048 1257 1114 1303 Ego
1136 1257 1236 1293 Teuto
1258 1259 1427 1294 cardinalis
1445 1259 1494 1294 Ss.
1513 1259 1638 1294 loannis
1652 1261 1794 1296 etPauli.

1046 1306 1113 1352 Ego
1135 1306 1268 1342 Ioannes
1294 1308 1542 1344 Tusculanensis
1563 1311 1744 1358 episcopus.

1046 1355 1114 1401 Ego
1143 1356 1286 1402 Paganus
1309 1357 1342 1391 S.
1372 1358 1410 1392 R.
1440 1357 1476 1391 E.
1517 1359 1684 1394 cardinalis
1718 1360 1796 1394 sub-

1095 1405 1205 1451 scripsi
1226 1408 1281 1449 (⁶2).

1094 1454 1209 1488 Datum
1238 1455 1399 1501 Anagniae
1423 1467 1476 1502 per
1498 1468 1626 1491 manum
1647 1456 1797 1493 lobannis

1046 1503 1080 1537 S.
1116 1503 1152 1538 R.
1185 1503 1222 1538 E.
1258 1504 1378 1539 diaconi
1406 1504 1593 1547 cardinalis,
1629 1518 1700 1541 xvii
1735 1508 1794 1542 kat.

1046 1552 1241 1594 decembris,
1271 1554 1442 1588 indictione
1463 1567 1534 1596 vui,
1569 1556 1796 1591 incarnationis

1047 1602 1223 1636 dominicae
1249 1616 1332 1637 anno
1360 1615 1421 1643 mc,
1456 1605 1657 1651 pontificatus
1690 1614 1795 1641 autem

1047 1651 1154 1685 domni
1186 1651 1344 1687 paschalis
1370 1652 1433 1687 ΡΙ).
1456 1665 1493 1687 ιι.

1065 1707 1125 1738 Dat.
1148 1709 1195 1739 die
1219 1709 1255 1738 15
1277 1709 1443 1739 novembris
1465 1720 1541 1739 anno
1558 1709 1673 1741 Domini
1690 1711 1777 1748 1100,

1300 1753 1401 1793 pontif.
1421 1763 1497 1783 anno
1515 1763 1545 1784 11.

1400 1895 1453 1929 Vl.

1048 1962 1206 1995 Absolntt'o
1230 1963 1394 2006 Godi'fmdi
1416 1963 1588 1997 Florentini
1607 1965 1752 2009 episcopi,
1771 1971 1798 1998 et

1214 2013 1374 2045 damnatio
1403 2021 1628 2046 accusatorum.

1313 2085 1527 2116 SUMMARIUM

1047 2154 1126 2184 Facti
1145 2155 1247 2185 series.
1265 2172 1304 2178 —
1321 2155 1457 2195 Episcopi
1477 2157 1644 2187 innocentia
1663 2157 1796 2197 probata:

1086 2216 1125 2220 —
1146 2199 1223 2229 Falsi
1246 2205 1433 2230 accusatores
1456 2202 1651 2231 condemnati.

1048 2260 1165 2289 l‘asclialis
1182 2262 1302 2300 episcopus
1323 2271 1399 2292 servus
1424 2272 1540 2292 servorum
1557 2263 1608 2301 Dei,
1634 2263 1725 2293 dilectis
1744 2262 1799 2293 filiis

1088 2305 1149 2334 clero
1172 2310 1194 2334 et
1216 2307 1300 2344 populo
1322 2306 1469 2345 Florentino,
1487 2308 1586 2337 salutem
1609 2312 1631 2337 et
1648 2309 1798 2347 apostolicam

1088 2348 1286 2379 benedictionem.

1098 2411 1284 2446 Iamdudum
1319 2412 1405 2459 apud
1432 2425 1490 2448 nos
1516 2413 1674 2449 conl'rater
1696 2423 1804 2450 noster

1050 2459 1088 2494 G.
1122 2461 1291 2508 episcopus
1312 2470 1414 2496 vester
1444 2463 1603 2509 querelam
1631 2477 1719 2498 suam
1743 2465 1801 2500 de-

1087 2526 1126 2560 (t)
1148 2526 1218 2553 Alias
1243 2528 1395 2553 Guallerns.
1435 2527 1474 2563 (9)
1492 2528 1519 2554 ln
1536 2528 1606 2556 hisce
1625 2530 1802 2565 subscriptio-

1051 2565 1129 2592 nibus
1145 2574 1212 2600 quae
1229 2567 1253 2592 in
1270 2567 1415 2601 exemplari
1432 2567 1459 2594 S.
1477 2568 1633 2595 Guiehenon
1660 2577 1710 2595 non
1728 2570 1801 2603 lege-

1052 2606 1158 2637 bantur,
1175 2615 1206 2632 ex
1226 2607 1309 2633 attero
1326 2608 1431 2633 Martini
1445 2608 1552 2634 Marrier
1562 2608 1748 2644 supplevimus
1759 2608 1802 2636 vel

1051 2646 1262 2671 emendavimus.

1818 287 1867 313 An.
1887 286 1915 314 C.
1935 287 2002 314 ¹100

1848 877 1957 899 Paschatis
1966 878 2005 899 PP.

1822 904 1956 931 subscriptio.

1865 991 2007 1018 Subscriptio-

1822 1023 1860 1039 nes
1882 1018 1903 1039 S.
1930 1018 1953 1039 R.

1823 1044 1970 1066 cardinalium.

1842 2429 1900 2450 facti
1924 2435 1996 2450 series.
