2180 3205
189 238 238 264 An.
259 234 374 261 c.1118

211 922 288 942 Gelasii
298 921 338 942 PP.
348 924 369 943 et

184 948 206 969 S.
223 949 247 969 R.
259 949 282 969 E.
299 949 370 969 cardi-

183 976 261 996 nalium
276 976 369 996 subscri-

183 1002 272 1027 ptionen.

451 228 524 261 ⁶288

399 291 611 326 satisfactione
639 301 775 335 congrua
800 288 1031 330 61116οᾶ316ιί1,
1060 298 1150 335 pote-

398 341 487 376 statis
522 339 715 385 honorisque
753 339 800 373 sui
835 339 988 385 dignitate
1023 346 1147 379 careat,

397 401 546 436 reamque
579 400 612 422 se
645 388 753 423 divino
791 388 907 423 iudicio
941 388 1075 423 existere
1108 388 1147 422 de

398 446 574 484 perpetuata
596 437 761 484 iniquitate
782 445 969 483 cognoscat,
1001 447 1031 472 et
1052 449 1069 472 a
1096 449 1147 472 sa-

396 487 572 521 cratissimo
605 486 747 534 Corpore
770 494 800 521 et
822 465 987 533 Sanguine
1017 486 1145 521 Domini

395 535 618 583 Redemptoris
654 537 751 571 nostri
780 535 851 571 Iesu
890 537 1004 570 Christi
1043 535 1144 570 aliena

395 585 459 628 fiat,
486 593 578 632 atque
602 585 633 619 in
661 595 800 621 extremo
822 586 965 620 examine
984 585 1144 620 districtae

395 634 506 669 ultioni
544 634 715 669 subiaceat.
755 634 889 670 Cunctis
923 643 1027 670 autem
1063 635 1142 668 iusta

393 685 558 718 conventui
585 685 633 718 isti
668 684 864 719 servantibus
898 684 936 719 sit
965 697 1023 731 pax
1044 683 1083 718 D.
1104 683 1141 717 N.

393 732 416 766 Ι.
445 732 481 768 C.
517 741 673 780 quatenus
711 741 742 769 et
779 733 831 768 hic
869 733 1005 767 fructum
1042 732 1142 767 bonae

392 783 526 817 attionis
557 783 751 829 percipiant,
787 791 817 817 et
848 783 930 829 apud
963 782 1141 816 districtum

391 830 532 866 Iudicem
556 832 693 879 praemia
707 839 851 867 aeternae
867 831 953 878 pacis
966 831 1137 866 inveniant.

391 880 506 915 Amen.

390 928 463 964 Eoo
500 928 661 964 Gerasius
692 929 865 965 catholicae
893 928 1057 964 Ecclesiae
1079 928 1142 975 epi-

439 991 557 1026 scopus
579 978 763 1026 subscripsi.

575 1029 709 1072 Siquam
734 1040 844 1062 manus
865 1040 956 1062 meae.

512 1088 593 1111 nnus
618 1089 651 1111 lx
680 1088 760 1111 Loco
789 1088 910 1111 sanem
944 1088 1014 1111 suo.

390 1125 458 1171 Ego
471 1125 667 1159 Deus—dedit
687 1125 855 1161 cardinalis
879 1125 1041 1172 presbyter
1059 1125 1139 1160 tituli

439 1173 544 1208 Sancti
569 1174 727 1209 Laurentii
751 1175 780 1209 in
798 1174 933 1209 Damaso
955 1174 1138 1219 subscripsi.

390 1223 458 1269 Ego
484 1223 600 1258 Petrus
624 1223 795 1259 cardinalis
818 1225 896 1258 tituli
923 1223 1056 1259 Sanctae
1074 1223 1139 1258 Su-

440 1285 558 1306 sannae
584 1273 771 1319 subscripsi.

389 1321 458 1367 Ego
487 1321 594 1356 Guido
621 1322 789 1357 cardinalis
817 1322 981 1370 presbyter
1002 1321 1082 1356 tituli
1103 1321 1137 1356 S.

439 1370 591 1405 Balbinae
617 1371 803 1418 subscripsi.

390 1418 457 1465 Ego
481 1419 592 1454 Petrus
614 1420 766 1455 diaconus
799 1419 966 1455 cardinalis
987 1419 1038 1454 Ss.
1064 1419 1140 1454 Cos-

437 1480 506 1503 mae
537 1477 568 1504 et
592 1469 736 1504 Damiani
759 1469 942 1515 subscripsi.

389 1517 457 1564 Ego
470 1517 581 1552 Petrus
599 1518 750 1553 diaconus
769 1518 936 1553 cardinalis
952 1518 986 1552 S.
1008 1517 1138 1552 Adriani

437 1566 622 1614 subscripsi.

436 1615 551 1649 Datum
591 1616 674 1650 Pisis
702 1628 758 1663 per
790 1628 917 1650 manum
941 1615 1137 1663 Chrysogoni

388 1672 514 1699 sanctae
536 1663 700 1699 Romanae
715 1665 876 1699 Ecclesiae
898 1665 1021 1699 diaconi
1044 1665 1138 1699 cardi·

388 1714 480 1754 nalis,
516 1714 620 1747 idibus
653 1714 855 1761 septembris,
891 1714 1059 1748 indictione
1081 1726 1138 1758 xli,

388 1775 471 1797 anuo
518 1763 694 1798 dominicae
748 1763 972 1798 incarnationis
1011 1774 1138 1804 mcviii,

389 1811 591 1858 pontificatus
635 1820 740 1847 autem
790 1812 911 1847 domini
952 1811 1067 1847 Gelasii
1111 1812 1138 1846 11

388 1861 492 1907 Papae
515 1873 596 1895 anno
631 1873 655 1895 1.

407 1917 468 1948 Dat.
487 1918 533 1948 die
556 1917 593 1948 13
612 1917 789 1957 septembris
805 1927 881 1947 anno
899 1917 1013 1948 Domini
1035 1918 1118 1955 1118,

645 1957 749 1998 pontif.
768 1967 844 1987 anno
863 1967 880 1988 1.

735 2067 789 2102 VI.

389 2139 589 2184 Confirmatio
614 2139 729 2172 iuriam
763 2139 899 2172 omnium
920 2146 946 2172 et
964 2139 1136 2184 111101169ιό-

436 2200 505 2220 rum
531 2189 751 2221 canonicorum
781 2189 971 2232 reqalarium
998 2189 1137 2222 Lucensis

437 2238 590 2271 Ecclesiae
616 2238 650 2271 S.
674 2237 842 2281 Friqdiani
868 2239 924 2280 (1).

656 2300 871 2331 SUMMARlUM

388 2352 555 2382 Exordium.
577 2370 616 2375 —
637 2352 853 2383 Confirmantur
871 2353 1020 2383 libertates
1035 2362 1137 2383 omnes

429 2402 443 2422 3
463 2392 595 2422 Paschali
614 2393 667 2422 PP.
687 2403 853 2423 concessae.
860 2393 979 2423 —ltem
994 2393 1136 2431 exemptio

429 2441 443 2461 3
466 2442 653 2471 quocumque
676 2434 851 2470 gravamine.
875 2449 915 2455 —-
942 2433 1074 2462 Libertas
1097 2432 1139 2461 sa-

429 2471 525 2501 ciendi
536 2481 635 2501 536135
649 2474 854 2511 processiones
866 2481 1052 2511 quocumque
1066 2476 1139 2501 16111-

425 2530 464 2565 (t)
485 2531 524 2557 Ex
545 2532 746 2559 Commentariis
772 2533 936 2559 Constantini
963 2532 1077 2558 Caietani
1106 2532 1138 2558 ad

390 2565 478 2592 Vitam
493 2566 587 2593 Gelasii
606 2568 653 2593 PP.
667 2576 713 2602 per
725 2568 908 2602 Pandulphum
924 2568 1058 2601 Pisanum,
1076 2568 1137 2594 lter.

390 2601 448 2628 Ital.
465 2601 562 2636 Script.
582 2605 645 2629 tom.
663 2610 704 2635 111,
722 2611 780 2638 pag.
798 2604 859 2630 405.

995 235 1182 258 BULLAmmI
1204 235 1365 258 ROMANUM

1230 297 1309 327 pore.
1326 305 1365 310 —-
1379 288 1575 318 Parochianos
1595 288 1623 319 S.
1646 289 1806 328 Frigdiani,
1824 290 1880 320 nisi
1903 289 1940 319 ob

1229 332 1378 371 publicum
1391 334 1502 363 crimen
1514 335 1761 364 excommunicari
1773 344 1829 363 non
1842 343 1939 373 posse,

1228 386 1281 406 nec
1301 377 1421 416 sepeliri
1445 377 1557 416 absque
1583 379 1791 408 canonicorum
1811 379 1938 408 lieentia.

1226 436 1265 443 --
1284 420 1392 450 Solitae
1415 421 1576 450 clausulae.
1594 438 1634 444 —
1648 421 1755 452 Gelasii
1775 422 1828 452 PP.
1852 427 1880 452 et
1909 422 1937 452 S.

1228 464 1260 493 R.
1278 464 1309 493 E.
1334 465 1530 494 cardinalium
1551 465 1798 505 subscriptiones

1186 529 1417 569 Gelasiusepiscopus
1426 539 1503 560 servus
1514 540 1630 560 servorum
1645 530 1696 567 Dei,
1707 532 1798 561 dilectis
1815 533 1836 561 in
1847 532 1937 562 Christo

1224 575 1288 612 tiliis,
1304 576 1382 604 Attoni
1401 577 1538 614 praeposito,
1557 579 1579 604 et
1601 576 1650 605 eius
1667 575 1783 613 fratribus,
1796 577 1818 606 in
1831 577 1857 605 B.
1869 576 1935 615 Frig-

1224 620 1287 649 diani
1313 620 1410 649 ecelesia
1443 620 1574 657 regularem
1596 620 1665 649 vitain
1691 600 1810 658 professis,
1840 621 1935 670 eiusque

1222 663 1392 693 successorihus
1414 664 1436 693 in
1468 663 1548 693 eadem
1578 664 1692 702 religione
1721 665 1885 703 permansuris,
1912 665 1935 693 iu

1223 713 1369 747 perpetuum.

1232 770 1373 805 Docente
1394 783 1452 805 nos
1474 771 1617 825 apostolo
1643 770 1753 814 Paulo,
1772 771 1934 817 cognosci·

1184 832 1265 859 mus
1313 820 1384 867 quia
1424 819 1476 853 ubi
1524 819 1661 866 Spiritus
1703 820 1850 860 Domini,
1890 820 1931 854 ibi

1183 869 1361 912 libertas&
1365 868 1486 913 ).Quia
1510 869 1605 914 igitur
1626 869 1753 903 Domini
1777 868 1930 916 Spiritum

1184 918 1212 951 111
1237 872 1342 952 vobis(
1344 873 1491 952 habitare
1525 918 1693 961 credimus,
1721 931 1759 952 cx
1790 919 1929 965 ipsorum

1182 978 1313 1012 operum
1329 966 1521 1002 exhibitione
1533 966 1929 1008 confidimus3hbertate1n

1183 1016 1281 1059 vobis,
1301 1028 1380 1062 quae
1397 1028 1413 1050 a
1429 1016 1668 1062 praedecessore
1683 1024 1789 1051 nostro
1804 1026 1929 1051 sanctae

1183 1065 1351 1099 memoriae
1364 1065 1507 1099 Paschali
1534 1065 1618 1111 Papa
1644 1065 1753 1099 collata
1780 1073 1844 1110 est,
1872 1078 1930 1100 nos

1181 1114 1349 1148 auxiliante
1371 1113 1509 1148 Domino
1536 1114 1834 1155 confirmamus3‘et
1848 1126 1928 1162 quae

1181 1163 1220 1197 ab
1243 1175 1279 1197 60
1306 1163 1394 1197 vobis
1417 1175 1471 1209 per
1499 1163 1652 1209 privilegii
1676 1164 1821 1210 paginam
1849 1175 1929 1198 con-

1181 1224 1268 1246 cessa
1285 1220 1368 1251 sunt,
1389 1224 1445 1246 nos
1466 1224 1592 1259 quoque
1614 1213 1785 1258 praesentis
1811 1212 1926 1247 decreti

1180 1261 1365 1296 auctoritate
1383 1262 1600 1302 concedimus,
1622 1268 1653 1296 et
1675 1269 1738 1296 rata
1759 1270 1853 1309 atque
1870 1269 1926 1296 sta-

1181 1310 1252 1345 bilia
1290 1322 1471 1357 permanere
1497 1323 1680 1345 censemus:
1715 1310 1810 1352 salva,
1844 1311 1926 1345 sieut

1180 1360 1218 1394 ab
1252 1371 1289 1394 eo
1322 1360 1527 1394 constitutum
1558 1368 1615 1401 est,
1643 1359 1760 1394 Lucani
1787 1360 1925 1406 episcopi

1180 1409 1364 1443 reverentia.
1385 1408 1545 1443 Praeterea
1561 1409 1730 1443 canonicas
1755 1417 1927 1444 consuetu-

1180 1458 1271 1493 dines
1298 1457 1496 1498 observandi,
1527 1458 1615 1492 vobis
1637 1458 1853 1493 auctoritatem
1876 1458 1926 1491 tri-

1180 1507 1361 1546 buimus,ad
1370 1514 1533 1554 susceptae
1545 1507 1924 1553 religionisaugmentum.

1179 1557 1289 1603 Neque
1312 1557 1409 1590 ullum
1433 1568 1597 1602 gravamen
1619 1555 1706 1590 vobis
1727 1555 1832 1590 inferri
1852 1568 1927 1602 per-

1181 1606 1335 1640 mittimus
1349 1618 1386 1639 61
1402 1605 1580 1651 privilegio,
1598 1604 1682 1651 quod
1701 1605 1823 1639 anobis
1836 1605 1923 1639 Beati

1179 1655 1302 1689 Martini
1336 1654 1480 1689 canonici
1517 1666 1572 1701 pro
1604 1655 1742 1700 antiquis
1765 1654 1924 1689 Ecclesiae

1180 1717 1254 1738 51136
1275 1703 1554 1738 consuetudinibus
1573 1711 1771 1750 acceperunt.
1789 1703 1926 1749 Regula·

1181 1753 1268 1787 ribus
1306 1753 1388 1788 enim
1426 1752 1722 1798 congregationibus
1759 1752 1833 1786 nihil
1873 1752 1922 1786 illa

1181 1802 1406 1849 praeiudicant.
1429 1801 1519 1836 Nulla
1538 1802 1674 1848 quietem
1699 1810 1830 1835 vestram
1851 1812 1925 1847 pro-

1179 1851 1370 1893 cessionum,
1389 1858 1441 1885 aut
1455 1851 1630 1885 litaniarum
1654 1850 1815 1897 perturbet
1833 1850 1924 1884 indi-

1178 1901 1250 1941 ctio,
1273 1901 1330 1934 nisi
1354 1912 1434 1947 quae
1455 1908 1526 1934 31116
1547 1900 1775 1934 Α56611510116111
1794 1899 1920 1933 Domini

1179 1950 1274 1983 totius
1288 1961 1444 1984 concursu
1458 1949 1590 1983 civitatis
1598 1949 1721 1995 publice
1730 1948 1819 1982 fiunt.
1833 1947 1923 1982 Paro-

1178 1998 1309 2033 chianos
1324 2007 1453 2039 vestros,
1476 1998 1534 2032 nisi
1560 1997 1637 2032 forte
1655 1997 1778 2044 publico
1792 1996 1923 2031 crimine

1178 2055 1354 2091 teneantur,
1370 2047 1474 2081 nullus
1489 2047 1594 2081 invitis
1609 2047 1696 2081 vobis
1708 2046 1924 2081 excommuni-

1178 2109 1259 2141 care,
1276 2096 1372 2131 autad
1387 2096 1607 2142 poenitentiam
1625 2103 1802 2142 praesumat
1814 2094 1919 2129 admit-

1179 2154 1254 2185 tere,
1265 2146 1345 2180 sicut
1356 2146 1384 2179 in
1397 2145 1546 2192 suprafati
1564 2144 1814 2191 praedecessoris
1828 2143 1923 2178 nostri

1178 2193 1309 2241 epistola
1342 2195 1530 2229 continetur.
1564 2193 1672 2240 Neque
1699 2193 1753 2227 ulli
1793 2192 1922 2239 capella-

1178 2256 1289 2278 norum
1304 2243 1394 2278 liceat
1404 2244 1471 2277 sine
1484 2255 1640 2277 consensu
1656 2249 1769 2285 vestro,
1782 2249 1924 2275 mortuos

1179 2301 1296 2327 vostrae
1331 2292 1496 2339 parochiae
1523 2291 1670 2338 sepelire,
1705 2290 1761 2325 sed
1789 2302 1843 2324 vos
1869 2301 1923 2324 eos

1180 2342 1332 2382 infirmos,
1360 2342 1441 2376 sicut
1478 2341 1696 2381 consuevistis,
1719 2339 1858 2385 ungatis,
1894 2345 1924 2372 et

1179 2399 1320 2425 mortuos
1358 2398 1480 2437 praeter
1518 2389 1651 2424 alicuius
1691 2388 1922 2422 infestationem

1179 2440 1347 2486 sepeliatis.
1383 2439 1539 2482 Clnisma,
1568 2438 1681 2473 Oleum
1712 2437 1920 2474 infirmorum,

1179 2501 1258 2543 quae
1285 2497 1383 2523 vestra
1405 2501 1441 2523 ex
1469 2488 1595 2542 antiqua
1617 2485 1845 2521 cousuetudine
1871 2497 1925 2519 511-

1179 2538 1272 2585 scipit
1298 2538 1451 2581 Ecclesia,
1473 2537 1599 2571 maioris
1618 2535 1780 2570 Ecclesiae
1807 2533 1924 2573 clerici,

1215 2602 1253 2637 (ιι)
1274 2601 1394 2629 Corinth.
1414 2609 1443 2634 11,
1464 2602 1489 2627 5.

1963 237 2011 264 An.
2032 238 2144 266 (3.1118

1995 784 2117 806 Exordium.

1993 975 2144 997 Confirmantm·

1960 1008 2032 1023 omnes
2059 1003 2142 1024 uberta-

1960 1031 1991 1049 tes
2012 1035 2024 1049 a
2046 1028 2143 1050 Paschali

1960 1055 1999 1076 PP.
2023 1061 2142 1077 concessae.

1977 1568 2028 1588 Item
2038 1566 2142 1592 exemptio

1964 1600 1976 1614 n
2000 1599 2132 1623 quocumque

1958 1626 2086 1646 gravamine.

1956 1810 2053 1831 Libertas
2063 1808 2140 1829 sacion-

1957 1836 1976 1857 di
1999 1841 2070 1856 sacras
2092 1839 2146 1860 μοι

1955 1863 2061 1884 cessiones
2090 1867 2140 1887 quo-

1962 1894 2052 1915 cumque
2079 1890 2132 1908 tem-

1956 1921 2015 1942 porc.

1964 2187 2106 2208 Parochianos
2113 2185 2135 2208 S.

1954 2214 2077 2239 frigdiani,
2098 2211 2136 2233 niti

1954 2238 2136 2266 01101111Ιί011ωοτί-

1954 2273 1999 2287 men
2019 2270 2136 2287 excommu-

1953 2293 2020 2314 nicari
2035 2298 2075 2313 non
2089 2296 2135 2321 pos·

1953 2326 1982 2342 se.
1997 2325 2035 2340 nec
2052 2316 2136 2347 sepeliri

1953 2346 2034 2372 absque
2051 2343 2134 2365 canoni-

1953 2378 2024 2393 corum
2042 2370 2133 2393 licentis.
