<?xml version="1.0" encoding="UTF-8"?>
<!DOCTYPE html PUBLIC "-//W3C//DTD XHTML 1.0 Transitional//EN"
    "http://www.w3.org/TR/xhtml1/DTD/xhtml1-transitional.dtd">
<html xmlns="http://www.w3.org/1999/xhtml" xml:lang="en" lang="en">
 <head>
  <title>
</title>
<meta http-equiv="Content-Type" content="text/html;charset=utf-8" />
  <meta name='ocr-system' content='tesseract 3.04.00' />
  <meta name='ocr-capabilities' content='ocr_page ocr_carea ocr_par ocr_line ocrx_word'/>
</head>
<body>
  <div class='ocr_page' id='page_1' title='image "./bullarumdiplomat02cath_0035.png"; bbox 0 0 2180 3205; ppageno 0'>
   <div class='ocr_carea' id='block_1_1' title="bbox 31 246 211 275">
    <p class='ocr_par' dir='ltr' id='par_1_1' title="bbox 31 246 211 275">
     <span class='ocr_line' id='line_1_1' title="bbox 31 246 211 275; baseline 0 -1"><span class='ocrx_word' id='word_1_1' title='bbox 31 246 82 275; x_wconf 81' lang='lat' dir='ltr'>An.</span> <span class='ocrx_word' id='word_1_2' title='bbox 101 246 131 275; x_wconf 86' lang='lat' dir='ltr'>C.</span> <span class='ocrx_word' id='word_1_3' title='bbox 147 246 211 275; x_wconf 78' lang='lat'>1061</span> 
     </span>
    </p>
   </div>
   <div class='ocr_carea' id='block_1_2' title="bbox 867 250 1180 274">
    <p class='ocr_par' dir='ltr' id='par_1_2' title="bbox 867 250 1180 274">
     <span class='ocr_line' id='line_1_2' title="bbox 867 250 1180 274; baseline -0.006 0"><span class='ocrx_word' id='word_1_4' title='bbox 867 250 1062 274; x_wconf 69' lang='lat' dir='ltr'>ALEXANDER</span> <span class='ocrx_word' id='word_1_5' title='bbox 1087 251 1109 272; x_wconf 83' lang='grc' dir='ltr'>ΙΙ</span> <span class='ocrx_word' id='word_1_6' title='bbox 1134 250 1180 272; x_wconf 77' lang='grc' dir='ltr'>ΙΨ.</span> 
     </span>
    </p>
   </div>
   <div class='ocr_carea' id='block_1_3' title="bbox 311 305 932 493">
    <p class='ocr_par' dir='ltr' id='par_1_3' title="bbox 311 305 932 493">
     <span class='ocr_line' id='line_1_3' title="bbox 460 305 787 357; baseline -0.006 0"><span class='ocrx_word' id='word_1_7' title='bbox 460 305 723 357; x_wconf 75' lang='lat' dir='ltr'><strong>ALEXANDER</strong></span> <span class='ocrx_word' id='word_1_8' title='bbox 760 307 787 355; x_wconf 96' lang='lat' dir='ltr'>ll</span> 
     </span>
     <span class='ocr_line' id='line_1_4' title="bbox 524 394 720 425; baseline -0.01 0"><span class='ocrx_word' id='word_1_9' title='bbox 524 394 619 425; x_wconf 85' lang='grc' dir='ltr'>ΡΑΡΑ</span> <span class='ocrx_word' id='word_1_10' title='bbox 641 394 720 425; x_wconf 81' lang='lat' dir='ltr'>CLVI</span> 
     </span>
     <span class='ocr_line' id='line_1_5' title="bbox 311 457 932 493; baseline -0.006 0"><span class='ocrx_word' id='word_1_11' title='bbox 311 458 406 493; x_wconf 78' lang='lat' dir='ltr'>Anno</span> <span class='ocrx_word' id='word_1_12' title='bbox 427 469 517 493; x_wconf 83' lang='lat' dir='ltr'>aerae</span> <span class='ocrx_word' id='word_1_13' title='bbox 536 459 651 493; x_wconf 77' lang='lat' dir='ltr'><strong><em>Christi</em></strong></span> <span class='ocrx_word' id='word_1_14' title='bbox 674 469 780 492; x_wconf 86' lang='lat' dir='ltr'>comm.</span> <span class='ocrx_word' id='word_1_15' title='bbox 810 457 932 490; x_wconf 82' lang='lat' dir='ltr'><em>MLXI.</em></span> 
     </span>
    </p>
   </div>
   <div class='ocr_carea' id='block_1_4' title="bbox 242 531 996 1398">
    <p class='ocr_par' dir='ltr' id='par_1_4' title="bbox 242 531 996 1199">
     <span class='ocr_line' id='line_1_6' title="bbox 245 531 994 618; baseline -0.003 -10"><span class='ocrx_word' id='word_1_16' title='bbox 245 531 443 609; x_wconf 72' lang='lat' dir='ltr'><strong>Alexander</strong></span> <span class='ocrx_word' id='word_1_17' title='bbox 467 573 495 609; x_wconf 90' lang='lat' dir='ltr'>Il</span> <span class='ocrx_word' id='word_1_18' title='bbox 527 582 617 609; x_wconf 89' lang='lat' dir='ltr'>antea</span> <span class='ocrx_word' id='word_1_19' title='bbox 659 572 850 615; x_wconf 85' lang='lat' dir='ltr'>Anselmus,</span> <span class='ocrx_word' id='word_1_20' title='bbox 898 572 994 618; x_wconf 88' lang='lat' dir='ltr'>patria</span> 
     </span>
     <span class='ocr_line' id='line_1_7' title="bbox 244 621 996 668; baseline -0.001 -12"><span class='ocrx_word' id='word_1_21' title='bbox 244 621 503 664; x_wconf 88' lang='lat' dir='ltr'>Mediolanensis‚</span> <span class='ocrx_word' id='word_1_22' title='bbox 529 622 683 658; x_wconf 82' lang='lat' dir='ltr'><strong>Lucensis</strong></span> <span class='ocrx_word' id='word_1_23' title='bbox 709 622 894 668; x_wconf 66' lang='lat' dir='ltr'>episcopm,</span> <span class='ocrx_word' id='word_1_24' title='bbox 929 621 996 656; x_wconf 89' lang='lat' dir='ltr'>ele-</span> 
     </span>
     <span class='ocr_line' id='line_1_8' title="bbox 245 670 995 708; baseline -0.001 -2"><span class='ocrx_word' id='word_1_25' title='bbox 245 679 314 707; x_wconf 89' lang='lat' dir='ltr'>ctus</span> <span class='ocrx_word' id='word_1_26' title='bbox 341 680 390 708; x_wconf 87' lang='lat' dir='ltr'>est</span> <span class='ocrx_word' id='word_1_27' title='bbox 411 671 564 707; x_wconf 90' lang='lat' dir='ltr'>Summus</span> <span class='ocrx_word' id='word_1_28' title='bbox 586 670 731 706; x_wconf 82' lang='lat' dir='ltr'>Pontifex</span> <span class='ocrx_word' id='word_1_29' title='bbox 754 670 877 706; x_wconf 78' lang='lat' dir='ltr'><strong>kalend.</strong></span> <span class='ocrx_word' id='word_1_30' title='bbox 906 679 995 705; x_wconf 86' lang='lat' dir='ltr'>octo-</span> 
     </span>
     <span class='ocr_line' id='line_1_9' title="bbox 246 719 995 767; baseline -0.001 -13"><span class='ocrx_word' id='word_1_31' title='bbox 246 719 312 756; x_wconf 88' lang='lat' dir='ltr'>bris</span> <span class='ocrx_word' id='word_1_32' title='bbox 327 733 411 756; x_wconf 87' lang='lat' dir='ltr'>anno</span> <span class='ocrx_word' id='word_1_33' title='bbox 426 723 533 765; x_wconf 73' lang='lat'>106¹,</span> <span class='ocrx_word' id='word_1_34' title='bbox 553 721 607 756; x_wconf 92' lang='lat' dir='ltr'>sed</span> <span class='ocrx_word' id='word_1_35' title='bbox 624 732 686 767; x_wconf 86' lang='lat' dir='ltr'>quo</span> <span class='ocrx_word' id='word_1_36' title='bbox 699 720 751 755; x_wconf 86' lang='lat' dir='ltr'>die</span> <span class='ocrx_word' id='word_1_37' title='bbox 766 720 995 754; x_wconf 79' lang='lat' dir='ltr'>inthronizatus</span> 
     </span>
     <span class='ocr_line' id='line_1_10' title="bbox 244 769 995 814; baseline -0.001 -10"><span class='ocrx_word' id='word_1_38' title='bbox 244 770 302 814; x_wconf 91' lang='lat' dir='ltr'>sit,</span> <span class='ocrx_word' id='word_1_39' title='bbox 334 782 399 805; x_wconf 90' lang='lat' dir='ltr'>non</span> <span class='ocrx_word' id='word_1_40' title='bbox 433 778 566 806; x_wconf 88' lang='lat' dir='ltr'>constat.</span> <span class='ocrx_word' id='word_1_41' title='bbox 602 769 693 804; x_wconf 85' lang='lat' dir='ltr'>Sedit</span> <span class='ocrx_word' id='word_1_42' title='bbox 719 782 735 804; x_wconf 88' lang='lat' dir='ltr'>a</span> <span class='ocrx_word' id='word_1_43' title='bbox 762 769 812 803; x_wconf 90' lang='lat' dir='ltr'>die</span> <span class='ocrx_word' id='word_1_44' title='bbox 834 769 995 804; x_wconf 77' lang='lat' dir='ltr'>electionis</span> 
     </span>
     <span class='ocr_line' id='line_1_11' title="bbox 242 819 996 862; baseline -0.003 -8"><span class='ocrx_word' id='word_1_45' title='bbox 242 830 343 854; x_wconf 84' lang='lat' dir='ltr'>annos</span> <span class='ocrx_word' id='word_1_46' title='bbox 364 831 413 861; x_wconf 81' lang='lat' dir='ltr'>xi,</span> <span class='ocrx_word' id='word_1_47' title='bbox 436 831 561 855; x_wconf 88' lang='lat' dir='ltr'>menses</span> <span class='ocrx_word' id='word_1_48' title='bbox 583 830 614 853; x_wconf 77' lang='lat' dir='ltr'>vi</span> <span class='ocrx_word' id='word_1_49' title='bbox 638 827 667 853; x_wconf 90' lang='lat' dir='ltr'>ct</span> <span class='ocrx_word' id='word_1_50' title='bbox 681 819 749 854; x_wconf 88' lang='lat' dir='ltr'>dies</span> <span class='ocrx_word' id='word_1_51' title='bbox 766 831 825 853; x_wconf 81' lang='lat' dir='ltr'>xxl</span> <span class='ocrx_word' id='word_1_52' title='bbox 845 821 902 862; x_wconf 82' lang='lat' dir='ltr'>(t),</span> <span class='ocrx_word' id='word_1_53' title='bbox 917 826 996 852; x_wconf 88' lang='lat' dir='ltr'>tem-</span> 
     </span>
     <span class='ocr_line' id='line_1_12' title="bbox 243 867 994 915; baseline -0.001 -12"><span class='ocrx_word' id='word_1_54' title='bbox 243 868 375 915; x_wconf 81' lang='lat' dir='ltr'>poribus</span> <span class='ocrx_word' id='word_1_55' title='bbox 409 868 609 904; x_wconf 80' lang='lat' dir='ltr'>Constantini</span> <span class='ocrx_word' id='word_1_56' title='bbox 636 868 798 912; x_wconf 88' lang='lat' dir='ltr'>Ducadis,</span> <span class='ocrx_word' id='word_1_57' title='bbox 827 879 899 902; x_wconf 81' lang='lat' dir='ltr'>mox</span> <span class='ocrx_word' id='word_1_58' title='bbox 921 867 994 902; x_wconf 88' lang='lat' dir='ltr'>Ro-</span> 
     </span>
     <span class='ocr_line' id='line_1_13' title="bbox 243 916 992 964; baseline -0.003 -12"><span class='ocrx_word' id='word_1_59' title='bbox 243 919 327 952; x_wconf 91' lang='lat' dir='ltr'>mani</span> <span class='ocrx_word' id='word_1_60' title='bbox 349 917 513 964; x_wconf 81' lang='lat' dir='ltr'>Diogenis,</span> <span class='ocrx_word' id='word_1_61' title='bbox 527 918 601 952; x_wconf 86' lang='lat' dir='ltr'>hinc</span> <span class='ocrx_word' id='word_1_62' title='bbox 617 917 777 952; x_wconf 81' lang='lat' dir='ltr'>Michaelis</span> <span class='ocrx_word' id='word_1_63' title='bbox 800 916 938 951; x_wconf 88' lang='lat' dir='ltr'>Ducadis</span> <span class='ocrx_word' id='word_1_64' title='bbox 956 916 992 950; x_wconf 90' lang='lat' dir='ltr'>C.</span> 
     </span>
     <span class='ocr_line' id='line_1_14' title="bbox 245 965 995 1014; baseline -0.001 -13"><span class='ocrx_word' id='word_1_65' title='bbox 245 965 297 1008; x_wconf 91' lang='lat' dir='ltr'>F.,</span> <span class='ocrx_word' id='word_1_66' title='bbox 313 967 342 1001; x_wconf 91' lang='lat' dir='ltr'>in</span> <span class='ocrx_word' id='word_1_67' title='bbox 358 967 490 1002; x_wconf 85' lang='lat' dir='ltr'>Oriente</span> <span class='ocrx_word' id='word_1_68' title='bbox 503 968 740 1014; x_wconf 87' lang='lat' dir='ltr'>imperatorum,</span> <span class='ocrx_word' id='word_1_69' title='bbox 758 974 788 1001; x_wconf 92' lang='lat' dir='ltr'>et</span> <span class='ocrx_word' id='word_1_70' title='bbox 810 965 940 1001; x_wconf 91' lang='lat' dir='ltr'>Henrici</span> <span class='ocrx_word' id='word_1_71' title='bbox 952 965 995 1000; x_wconf 86' lang='lat' dir='ltr'>lv</span> 
     </span>
     <span class='ocr_line' id='line_1_15' title="bbox 245 1015 994 1063; baseline -0.003 -12"><span class='ocrx_word' id='word_1_72' title='bbox 245 1015 436 1051; x_wconf 84' lang='lat' dir='ltr'>Germaniae</span> <span class='ocrx_word' id='word_1_73' title='bbox 461 1017 556 1062; x_wconf 85' lang='lat' dir='ltr'>regis.</span> <span class='ocrx_word' id='word_1_74' title='bbox 585 1015 671 1051; x_wconf 89' lang='lat' dir='ltr'>Obiit</span> <span class='ocrx_word' id='word_1_75' title='bbox 698 1018 728 1050; x_wconf 91' lang='lat' dir='ltr'>in</span> <span class='ocrx_word' id='word_1_76' title='bbox 758 1016 870 1063; x_wconf 87' lang='lat' dir='ltr'>palatio</span> <span class='ocrx_word' id='word_1_77' title='bbox 897 1015 994 1050; x_wconf 86' lang='lat' dir='ltr'>Late-</span> 
     </span>
     <span class='ocr_line' id='line_1_16' title="bbox 243 1065 994 1112; baseline -0.001 -13"><span class='ocrx_word' id='word_1_78' title='bbox 243 1066 370 1100; x_wconf 85' lang='lat' dir='ltr'>ranensi</span> <span class='ocrx_word' id='word_1_79' title='bbox 410 1065 460 1100; x_wconf 89' lang='lat' dir='ltr'>die</span> <span class='ocrx_word' id='word_1_80' title='bbox 493 1068 533 1100; x_wconf 75' lang='lat'>21</span> <span class='ocrx_word' id='word_1_81' title='bbox 566 1065 674 1112; x_wconf 83' lang='lat' dir='ltr'>aprilis</span> <span class='ocrx_word' id='word_1_82' title='bbox 707 1066 781 1100; x_wconf 90' lang='lat' dir='ltr'>anni</span> <span class='ocrx_word' id='word_1_83' title='bbox 820 1066 926 1105; x_wconf 68' lang='lat'>1075,</span> <span class='ocrx_word' id='word_1_84' title='bbox 964 1072 994 1098; x_wconf 90' lang='lat' dir='ltr'>et</span> 
     </span>
     <span class='ocr_line' id='line_1_17' title="bbox 245 1114 994 1161; baseline -0.001 -13"><span class='ocrx_word' id='word_1_85' title='bbox 245 1114 390 1161; x_wconf 89' lang='lat' dir='ltr'>sepultus</span> <span class='ocrx_word' id='word_1_86' title='bbox 415 1122 462 1149; x_wconf 86' lang='lat' dir='ltr'>est</span> <span class='ocrx_word' id='word_1_87' title='bbox 487 1116 518 1149; x_wconf 88' lang='lat' dir='ltr'>in</span> <span class='ocrx_word' id='word_1_88' title='bbox 551 1114 661 1150; x_wconf 90' lang='lat' dir='ltr'>eadem</span> <span class='ocrx_word' id='word_1_89' title='bbox 687 1115 826 1149; x_wconf 86' lang='lat' dir='ltr'>basilica.</span> <span class='ocrx_word' id='word_1_90' title='bbox 869 1114 994 1149; x_wconf 83' lang='lat' dir='ltr'>Vacavit</span> 
     </span>
     <span class='ocr_line' id='line_1_18' title="bbox 243 1163 600 1199; baseline -0.003 -1"><span class='ocrx_word' id='word_1_91' title='bbox 243 1163 337 1199; x_wconf 82' lang='lat' dir='ltr'>sedes</span> <span class='ocrx_word' id='word_1_92' title='bbox 358 1164 407 1198; x_wconf 82' lang='lat' dir='ltr'>vix</span> <span class='ocrx_word' id='word_1_93' title='bbox 438 1164 475 1198; x_wconf 91' lang='lat' dir='ltr'>ad</span> <span class='ocrx_word' id='word_1_94' title='bbox 505 1164 600 1199; x_wconf 89' lang='lat' dir='ltr'>diem.</span> 
     </span>
    </p>

    <p class='ocr_par' dir='ltr' id='par_1_5' title="bbox 293 1211 867 1259">
     <span class='ocr_line' id='line_1_19' title="bbox 293 1211 867 1259; baseline -0.002 -13"><span class='ocrx_word' id='word_1_95' title='bbox 293 1211 439 1247; x_wconf 80' lang='lat' dir='ltr'>Schisma</span> <span class='ocrx_word' id='word_1_96' title='bbox 461 1213 648 1259; x_wconf 74' lang='lat' dir='ltr'>vigesimum</span> <span class='ocrx_word' id='word_1_97' title='bbox 679 1211 867 1248; x_wconf 85' lang='lat' dir='ltr'>secundum.</span> 
     </span>
    </p>

    <p class='ocr_par' dir='ltr' id='par_1_6' title="bbox 243 1260 994 1398">
     <span class='ocr_line' id='line_1_20' title="bbox 291 1260 991 1308; baseline -0.003 -12"><span class='ocrx_word' id='word_1_98' title='bbox 291 1260 373 1296; x_wconf 91' lang='lat' dir='ltr'>Cum</span> <span class='ocrx_word' id='word_1_99' title='bbox 396 1262 503 1307; x_wconf 75' lang='lat' dir='ltr'>Agnes</span> <span class='ocrx_word' id='word_1_100' title='bbox 542 1263 743 1308; x_wconf 73' lang='lat' dir='ltr'>imperatrix,</span> <span class='ocrx_word' id='word_1_101' title='bbox 778 1261 906 1295; x_wconf 66' lang='lat' dir='ltr'>lleuriei</span> <span class='ocrx_word' id='word_1_102' title='bbox 950 1260 991 1294; x_wconf 84' lang='lat' dir='ltr'>lv</span> 
     </span>
     <span class='ocr_line' id='line_1_21' title="bbox 244 1308 994 1356; baseline -0.001 -12"><span class='ocrx_word' id='word_1_103' title='bbox 244 1308 435 1345; x_wconf 80' lang='lat' dir='ltr'>Germaniae</span> <span class='ocrx_word' id='word_1_104' title='bbox 469 1312 552 1356; x_wconf 80' lang='lat' dir='ltr'>regis</span> <span class='ocrx_word' id='word_1_105' title='bbox 587 1318 703 1351; x_wconf 86' lang='lat' dir='ltr'>mater,</span> <span class='ocrx_word' id='word_1_106' title='bbox 731 1311 902 1344; x_wconf 74' lang='lat' dir='ltr'>audivisset</span> <span class='ocrx_word' id='word_1_107' title='bbox 928 1309 994 1343; x_wconf 88' lang='lat' dir='ltr'>ele-</span> 
     </span>
     <span class='ocr_line' id='line_1_22' title="bbox 243 1363 992 1398; baseline -0.001 -1"><span class='ocrx_word' id='word_1_108' title='bbox 243 1371 330 1397; x_wconf 88' lang='lat' dir='ltr'>ctum</span> <span class='ocrx_word' id='word_1_109' title='bbox 357 1375 374 1398; x_wconf 90' lang='lat' dir='ltr'>a</span> <span class='ocrx_word' id='word_1_110' title='bbox 396 1363 608 1398; x_wconf 81' lang='lat' dir='ltr'>cardinalibus</span> <span class='ocrx_word' id='word_1_111' title='bbox 628 1363 749 1398; x_wconf 88' lang='lat' dir='ltr'>Romae</span> <span class='ocrx_word' id='word_1_112' title='bbox 778 1363 992 1397; x_wconf 79' lang='lat' dir='ltr'>Alexandrum</span> 
     </span>
    </p>
   </div>
   <div class='ocr_carea' id='block_1_5' title="bbox 198 1415 994 1464">
    <p class='ocr_par' dir='ltr' id='par_1_7' title="bbox 198 1415 994 1464">
     <span class='ocr_line' id='line_1_23' title="bbox 198 1415 994 1464; baseline 0 -14"><span class='ocrx_word' id='word_1_113' title='bbox 198 1431 207 1434; x_wconf 90' lang='grc'><em>·</em></span> <span class='ocrx_word' id='word_1_114' title='bbox 243 1415 374 1463; x_wconf 89' lang='lat' dir='ltr'>Papam,</span> <span class='ocrx_word' id='word_1_115' title='bbox 396 1416 474 1463; x_wconf 87' lang='lat' dir='ltr'>ipsa,</span> <span class='ocrx_word' id='word_1_116' title='bbox 501 1417 647 1464; x_wconf 87' lang='lat' dir='ltr'>filiusque</span> <span class='ocrx_word' id='word_1_117' title='bbox 670 1416 874 1460; x_wconf 78' lang='lat' dir='ltr'>(imminebat</span> <span class='ocrx_word' id='word_1_118' title='bbox 895 1416 994 1463; x_wconf 82' lang='lat' dir='ltr'>siqui-</span> 
     </span>
    </p>
   </div>
   <div class='ocr_carea' id='block_1_6' title="bbox 239 1469 996 2584">
    <p class='ocr_par' dir='ltr' id='par_1_8' title="bbox 239 1469 995 2485">
     <span class='ocr_line' id='line_1_24' title="bbox 245 1469 993 1516; baseline -0.001 -12"><span class='ocrx_word' id='word_1_119' title='bbox 245 1469 316 1504; x_wconf 88' lang='lat' dir='ltr'>dem</span> <span class='ocrx_word' id='word_1_120' title='bbox 339 1470 558 1516; x_wconf 81' lang='lat' dir='ltr'>gravissimum</span> <span class='ocrx_word' id='word_1_121' title='bbox 586 1470 744 1504; x_wconf 83' lang='lat' dir='ltr'>Ecclesiae</span> <span class='ocrx_word' id='word_1_122' title='bbox 771 1470 945 1516; x_wconf 89' lang='lat' dir='ltr'>periculum</span> <span class='ocrx_word' id='word_1_123' title='bbox 977 1482 993 1504; x_wconf 87' lang='lat' dir='ltr'>a</span> 
     </span>
     <span class='ocr_line' id='line_1_25' title="bbox 244 1521 992 1571; baseline 0.003 -15"><span class='ocrx_word' id='word_1_124' title='bbox 244 1521 420 1558; x_wconf 85' lang='lat' dir='ltr'>Basiliensc</span> <span class='ocrx_word' id='word_1_125' title='bbox 443 1523 707 1571; x_wconf 68' lang='lat' dir='ltr'>pseudo-synodo</span> <span class='ocrx_word' id='word_1_126' title='bbox 735 1535 791 1570; x_wconf 88' lang='lat' dir='ltr'>per</span> <span class='ocrx_word' id='word_1_127' title='bbox 818 1523 992 1558; x_wconf 89' lang='lat' dir='ltr'>Henricum</span> 
     </span>
     <span class='ocr_line' id='line_1_26' title="bbox 244 1577 992 1624; baseline 0.001 -14"><span class='ocrx_word' id='word_1_128' title='bbox 244 1587 362 1622; x_wconf 81' lang='lat' dir='ltr'>regem,</span> <span class='ocrx_word' id='word_1_129' title='bbox 395 1577 574 1612; x_wconf 80' lang='lat' dir='ltr'>Parmensis</span> <span class='ocrx_word' id='word_1_130' title='bbox 601 1578 762 1624; x_wconf 73' lang='lat' dir='ltr'>episcopi,</span> <span class='ocrx_word' id='word_1_131' title='bbox 797 1578 850 1624; x_wconf 90' lang='lat' dir='ltr'>qui</span> <span class='ocrx_word' id='word_1_132' title='bbox 887 1579 992 1623; x_wconf 78' lang='lat' dir='ltr'>regius</span> 
     </span>
     <span class='ocr_line' id='line_1_27' title="bbox 242 1630 994 1677; baseline 0 -13"><span class='ocrx_word' id='word_1_133' title='bbox 242 1638 308 1664; x_wconf 88' lang='lat' dir='ltr'>erat</span> <span class='ocrx_word' id='word_1_134' title='bbox 329 1630 536 1666; x_wconf 87' lang='lat' dir='ltr'>cancellarius</span> <span class='ocrx_word' id='word_1_135' title='bbox 551 1659 558 1672; x_wconf 90' lang='lat'>,</span> <span class='ocrx_word' id='word_1_136' title='bbox 591 1643 684 1666; x_wconf 89' lang='lat' dir='ltr'>suasu</span> <span class='ocrx_word' id='word_1_137' title='bbox 706 1635 828 1675; x_wconf 87' lang='lat' dir='ltr'>coacta)</span> <span class='ocrx_word' id='word_1_138' title='bbox 859 1631 994 1677; x_wconf 76' lang='lat' dir='ltr'>graviter</span> 
     </span>
     <span class='ocr_line' id='line_1_28' title="bbox 240 1683 993 1732; baseline 0.001 -14"><span class='ocrx_word' id='word_1_139' title='bbox 240 1683 353 1724; x_wconf 81' lang='lat' dir='ltr'>tulere,</span> <span class='ocrx_word' id='word_1_140' title='bbox 375 1683 595 1732; x_wconf 83' lang='lat' dir='ltr'>Cadolumque</span> <span class='ocrx_word' id='word_1_141' title='bbox 628 1685 833 1720; x_wconf 86' lang='lat' dir='ltr'>Parmenscm</span> <span class='ocrx_word' id='word_1_142' title='bbox 861 1686 993 1732; x_wconf 46' lang='lat' dir='ltr'>episcoss</span> 
     </span>
     <span class='ocr_line' id='line_1_29' title="bbox 240 1736 988 1783; baseline 0.004 -13"><span class='ocrx_word' id='word_1_143' title='bbox 240 1748 316 1783; x_wconf 86' lang='lat' dir='ltr'>pum</span> <span class='ocrx_word' id='word_1_144' title='bbox 337 1749 355 1771; x_wconf 91' lang='lat' dir='ltr'>a</span> <span class='ocrx_word' id='word_1_145' title='bbox 375 1736 561 1773; x_wconf 87' lang='lat' dir='ltr'>Placentino</span> <span class='ocrx_word' id='word_1_146' title='bbox 591 1738 763 1783; x_wconf 76' lang='lat' dir='ltr'>dumtaxat,</span> <span class='ocrx_word' id='word_1_147' title='bbox 791 1747 821 1773; x_wconf 90' lang='lat' dir='ltr'>et</span> <span class='ocrx_word' id='word_1_148' title='bbox 851 1738 988 1773; x_wconf 77' lang='lat' dir='ltr'>Vercel-</span> 
     </span>
     <span class='ocr_line' id='line_1_30' title="bbox 239 1789 995 1839; baseline 0.004 -15"><span class='ocrx_word' id='word_1_149' title='bbox 239 1789 320 1825; x_wconf 86' lang='lat' dir='ltr'>lensi</span> <span class='ocrx_word' id='word_1_150' title='bbox 343 1791 502 1838; x_wconf 84' lang='lat' dir='ltr'>episcopis</span> <span class='ocrx_word' id='word_1_151' title='bbox 536 1792 603 1839; x_wconf 90' lang='lat' dir='ltr'>ipsa</span> <span class='ocrx_word' id='word_1_152' title='bbox 630 1792 681 1827; x_wconf 89' lang='lat' dir='ltr'>die</span> <span class='ocrx_word' id='word_1_153' title='bbox 710 1792 886 1827; x_wconf 84' lang='lat' dir='ltr'>festivitatis</span> <span class='ocrx_word' id='word_1_154' title='bbox 914 1805 995 1839; x_wconf 88' lang='lat' dir='ltr'>apo-</span> 
     </span>
     <span class='ocr_line' id='line_1_31' title="bbox 241 1844 992 1893; baseline 0.003 -15"><span class='ocrx_word' id='word_1_155' title='bbox 241 1844 394 1879; x_wconf 83' lang='lat' dir='ltr'>stolorum</span> <span class='ocrx_word' id='word_1_156' title='bbox 410 1845 550 1880; x_wconf 86' lang='lat' dir='ltr'>Simonis</span> <span class='ocrx_word' id='word_1_157' title='bbox 571 1855 602 1881; x_wconf 93' lang='lat' dir='ltr'>et</span> <span class='ocrx_word' id='word_1_158' title='bbox 623 1846 717 1881; x_wconf 85' lang='lat' dir='ltr'>Iudae</span> <span class='ocrx_word' id='word_1_159' title='bbox 735 1846 764 1880; x_wconf 93' lang='lat' dir='ltr'>in</span> <span class='ocrx_word' id='word_1_160' title='bbox 785 1846 902 1893; x_wconf 83' lang='lat' dir='ltr'>Papam</span> <span class='ocrx_word' id='word_1_161' title='bbox 921 1847 992 1893; x_wconf 80' lang='lat' dir='ltr'>eligi</span> 
     </span>
     <span class='ocr_line' id='line_1_32' title="bbox 245 1897 993 1939; baseline 0.003 -7"><span class='ocrx_word' id='word_1_162' title='bbox 245 1897 374 1939; x_wconf 79' lang='lat' dir='ltr'>faciunt,</span> <span class='ocrx_word' id='word_1_163' title='bbox 400 1899 517 1933; x_wconf 87' lang='lat' dir='ltr'>scilicet</span> <span class='ocrx_word' id='word_1_164' title='bbox 551 1901 595 1933; x_wconf 74' lang='lat'>27</span> <span class='ocrx_word' id='word_1_165' title='bbox 631 1899 681 1934; x_wconf 88' lang='lat' dir='ltr'>die</span> <span class='ocrx_word' id='word_1_166' title='bbox 708 1899 747 1933; x_wconf 91' lang='lat' dir='ltr'>ab</span> <span class='ocrx_word' id='word_1_167' title='bbox 775 1900 944 1934; x_wconf 79' lang='lat' dir='ltr'>Alexandri</span> <span class='ocrx_word' id='word_1_168' title='bbox 967 1900 993 1934; x_wconf 90' lang='lat' dir='ltr'>ll</span> 
     </span>
     <span class='ocr_line' id='line_1_33' title="bbox 243 1950 993 2001; baseline 0.005 -16"><span class='ocrx_word' id='word_1_169' title='bbox 243 1950 374 1997; x_wconf 83' lang='lat' dir='ltr'>legitimi</span> <span class='ocrx_word' id='word_1_170' title='bbox 401 1951 504 1999; x_wconf 87' lang='lat' dir='ltr'>Papae</span> <span class='ocrx_word' id='word_1_171' title='bbox 536 1953 700 1988; x_wconf 87' lang='lat' dir='ltr'>electione.</span> <span class='ocrx_word' id='word_1_172' title='bbox 735 1953 796 1989; x_wconf 90' lang='lat' dir='ltr'>Hic</span> <span class='ocrx_word' id='word_1_173' title='bbox 825 1953 993 2001; x_wconf 78' lang='lat' dir='ltr'>antipapa,</span> 
     </span>
     <span class='ocr_line' id='line_1_34' title="bbox 241 2005 994 2055; baseline 0.004 -16"><span class='ocrx_word' id='word_1_174' title='bbox 241 2017 341 2052; x_wconf 91' lang='lat' dir='ltr'>quum</span> <span class='ocrx_word' id='word_1_175' title='bbox 370 2005 488 2047; x_wconf 86' lang='lat' dir='ltr'>Roma,</span> <span class='ocrx_word' id='word_1_176' title='bbox 522 2006 553 2041; x_wconf 89' lang='lat' dir='ltr'>in</span> <span class='ocrx_word' id='word_1_177' title='bbox 578 2019 686 2042; x_wconf 84' lang='lat' dir='ltr'>mense</span> <span class='ocrx_word' id='word_1_178' title='bbox 720 2008 808 2055; x_wconf 88' lang='lat' dir='ltr'>aprili</span> <span class='ocrx_word' id='word_1_179' title='bbox 840 2008 914 2043; x_wconf 88' lang='lat' dir='ltr'>anni</span> <span class='ocrx_word' id='word_1_180' title='bbox 943 2020 994 2042; x_wconf 90' lang='lat' dir='ltr'>se-</span> 
     </span>
     <span class='ocr_line' id='line_1_35' title="bbox 242 2059 993 2108; baseline 0.005 -15"><span class='ocrx_word' id='word_1_181' title='bbox 242 2060 370 2106; x_wconf 88' lang='lat' dir='ltr'>quentis</span> <span class='ocrx_word' id='word_1_182' title='bbox 391 2059 504 2095; x_wconf 81' lang='lat' dir='ltr'>frustra</span> <span class='ocrx_word' id='word_1_183' title='bbox 525 2060 665 2107; x_wconf 85' lang='lat' dir='ltr'>obsessa,</span> <span class='ocrx_word' id='word_1_184' title='bbox 688 2061 767 2096; x_wconf 89' lang='lat' dir='ltr'>clam</span> <span class='ocrx_word' id='word_1_185' title='bbox 789 2074 862 2097; x_wconf 87' lang='lat' dir='ltr'>cum</span> <span class='ocrx_word' id='word_1_186' title='bbox 878 2074 993 2108; x_wconf 82' lang='lat' dir='ltr'>magno</span> 
     </span>
     <span class='ocr_line' id='line_1_36' title="bbox 242 2112 994 2161; baseline 0.003 -14"><span class='ocrx_word' id='word_1_187' title='bbox 242 2112 398 2148; x_wconf 84' lang='lat' dir='ltr'>dedecore</span> <span class='ocrx_word' id='word_1_188' title='bbox 412 2114 522 2161; x_wconf 90' lang='lat' dir='ltr'>paucis</span> <span class='ocrx_word' id='word_1_189' title='bbox 538 2115 706 2150; x_wconf 84' lang='lat' dir='ltr'>admodum</span> <span class='ocrx_word' id='word_1_190' title='bbox 720 2128 792 2150; x_wconf 91' lang='lat' dir='ltr'>eum</span> <span class='ocrx_word' id='word_1_191' title='bbox 815 2116 994 2151; x_wconf 85' lang='lat' dir='ltr'>comitanti-</span> 
     </span>
     <span class='ocr_line' id='line_1_37' title="bbox 242 2165 994 2216; baseline 0.005 -16"><span class='ocrx_word' id='word_1_192' title='bbox 242 2165 304 2201; x_wconf 89' lang='lat' dir='ltr'>bus</span> <span class='ocrx_word' id='word_1_193' title='bbox 324 2167 510 2213; x_wconf 78' lang='lat' dir='ltr'>aufugisset,</span> <span class='ocrx_word' id='word_1_194' title='bbox 535 2170 602 2215; x_wconf 83' lang='lat' dir='ltr'>ipsa</span> <span class='ocrx_word' id='word_1_195' title='bbox 625 2169 675 2204; x_wconf 89' lang='lat' dir='ltr'>die</span> <span class='ocrx_word' id='word_1_196' title='bbox 706 2170 882 2216; x_wconf 78' lang='lat' dir='ltr'>vigiliarum</span> <span class='ocrx_word' id='word_1_197' title='bbox 913 2181 994 2216; x_wconf 89' lang='lat' dir='ltr'>apo-</span> 
     </span>
     <span class='ocr_line' id='line_1_38' title="bbox 241 2220 993 2258; baseline 0.005 -4"><span class='ocrx_word' id='word_1_198' title='bbox 241 2220 394 2255; x_wconf 87' lang='lat' dir='ltr'>stolorum</span> <span class='ocrx_word' id='word_1_199' title='bbox 427 2220 568 2256; x_wconf 89' lang='lat' dir='ltr'>Simonis</span> <span class='ocrx_word' id='word_1_200' title='bbox 594 2230 624 2257; x_wconf 86' lang='lat' dir='ltr'>et</span> <span class='ocrx_word' id='word_1_201' title='bbox 651 2222 745 2258; x_wconf 87' lang='lat' dir='ltr'>ludae</span> <span class='ocrx_word' id='word_1_202' title='bbox 770 2223 808 2258; x_wconf 88' lang='lat' dir='ltr'>ab</span> <span class='ocrx_word' id='word_1_203' title='bbox 843 2223 993 2258; x_wconf 88' lang='lat' dir='ltr'>omnibus</span> 
     </span>
     <span class='ocr_line' id='line_1_39' title="bbox 241 2273 994 2324; baseline 0.004 -16"><span class='ocrx_word' id='word_1_204' title='bbox 241 2273 447 2309; x_wconf 85' lang='lat' dir='ltr'>Theutonicis</span> <span class='ocrx_word' id='word_1_205' title='bbox 475 2283 506 2310; x_wconf 92' lang='lat' dir='ltr'>et</span> <span class='ocrx_word' id='word_1_206' title='bbox 542 2274 658 2310; x_wconf 85' lang='lat' dir='ltr'>Italicis</span> <span class='ocrx_word' id='word_1_207' title='bbox 684 2277 853 2324; x_wconf 87' lang='lat' dir='ltr'>episcopis,</span> <span class='ocrx_word' id='word_1_208' title='bbox 877 2277 907 2311; x_wconf 91' lang='lat' dir='ltr'>in</span> <span class='ocrx_word' id='word_1_209' title='bbox 933 2276 994 2311; x_wconf 92' lang='lat' dir='ltr'>Os-</span> 
     </span>
     <span class='ocr_line' id='line_1_40' title="bbox 243 2327 995 2376; baseline 0.001 -14"><span class='ocrx_word' id='word_1_210' title='bbox 243 2327 382 2363; x_wconf 84' lang='lat' dir='ltr'>boriensi</span> <span class='ocrx_word' id='word_1_211' title='bbox 413 2328 547 2364; x_wconf 87' lang='lat' dir='ltr'>concilio</span> <span class='ocrx_word' id='word_1_212' title='bbox 573 2330 792 2376; x_wconf 81' lang='lat' dir='ltr'>congregatis,</span> <span class='ocrx_word' id='word_1_213' title='bbox 828 2330 995 2364; x_wconf 87' lang='lat' dir='ltr'>damnatus</span> 
     </span>
     <span class='ocr_line' id='line_1_41' title="bbox 241 2382 993 2431; baseline 0.001 -14"><span class='ocrx_word' id='word_1_214' title='bbox 241 2391 301 2422; x_wconf 88' lang='lat' dir='ltr'>est,</span> <span class='ocrx_word' id='word_1_215' title='bbox 327 2391 422 2429; x_wconf 88' lang='lat' dir='ltr'>atque</span> <span class='ocrx_word' id='word_1_216' title='bbox 443 2382 621 2430; x_wconf 85' lang='lat' dir='ltr'>depositus:</span> <span class='ocrx_word' id='word_1_217' title='bbox 656 2383 740 2431; x_wconf 89' lang='lat' dir='ltr'>quod</span> <span class='ocrx_word' id='word_1_218' title='bbox 763 2384 855 2419; x_wconf 86' lang='lat' dir='ltr'>etiam</span> <span class='ocrx_word' id='word_1_219' title='bbox 886 2391 993 2431; x_wconf 86' lang='lat' dir='ltr'>postea</span> 
     </span>
     <span class='ocr_line' id='line_1_42' title="bbox 241 2436 903 2485; baseline 0.002 -14"><span class='ocrx_word' id='word_1_220' title='bbox 241 2449 259 2472; x_wconf 87' lang='lat' dir='ltr'>a</span> <span class='ocrx_word' id='word_1_221' title='bbox 280 2436 450 2472; x_wconf 79' lang='lat' dir='ltr'>Mantuano</span> <span class='ocrx_word' id='word_1_222' title='bbox 472 2450 598 2485; x_wconf 88' lang='lat' dir='ltr'>quoque</span> <span class='ocrx_word' id='word_1_223' title='bbox 619 2438 754 2473; x_wconf 85' lang='lat' dir='ltr'>coneilio</span> <span class='ocrx_word' id='word_1_224' title='bbox 776 2438 903 2473; x_wconf 80' lang='lat' dir='ltr'>sactum.</span> 
     </span>
    </p>

    <p class='ocr_par' dir='ltr' id='par_1_9' title="bbox 241 2506 996 2584">
     <span class='ocr_line' id='line_1_43' title="bbox 277 2506 996 2543; baseline 0.001 -9"><span class='ocrx_word' id='word_1_225' title='bbox 277 2507 318 2542; x_wconf 84' lang='lat' dir='ltr'>(t)</span> <span class='ocrx_word' id='word_1_226' title='bbox 335 2506 378 2534; x_wconf 85' lang='lat' dir='ltr'>Sic</span> <span class='ocrx_word' id='word_1_227' title='bbox 388 2507 466 2535; x_wconf 87' lang='lat' dir='ltr'>habet</span> <span class='ocrx_word' id='word_1_228' title='bbox 476 2508 578 2543; x_wconf 87' lang='lat' dir='ltr'>primus</span> <span class='ocrx_word' id='word_1_229' title='bbox 586 2508 696 2542; x_wconf 72' lang='lat' dir='ltr'>Vignolii</span> <span class='ocrx_word' id='word_1_230' title='bbox 709 2509 851 2543; x_wconf 72' lang='lat' dir='ltr'>catalogus,</span> <span class='ocrx_word' id='word_1_231' title='bbox 865 2509 890 2534; x_wconf 90' lang='lat' dir='ltr'>in</span> <span class='ocrx_word' id='word_1_232' title='bbox 901 2515 996 2535; x_wconf 83' lang='lat' dir='ltr'>secun-</span> 
     </span>
     <span class='ocr_line' id='line_1_44' title="bbox 241 2547 996 2584; baseline 0.001 -10"><span class='ocrx_word' id='word_1_233' title='bbox 241 2547 276 2574; x_wconf 89' lang='lat' dir='ltr'>do</span> <span class='ocrx_word' id='word_1_234' title='bbox 295 2547 430 2574; x_wconf 86' lang='lat' dir='ltr'>adduntur</span> <span class='ocrx_word' id='word_1_235' title='bbox 439 2548 495 2575; x_wconf 76' lang='lat' dir='ltr'>dies</span> <span class='ocrx_word' id='word_1_236' title='bbox 510 2550 550 2581; x_wconf 66' lang='lat'>1153</span> <span class='ocrx_word' id='word_1_237' title='bbox 568 2554 680 2575; x_wconf 79' lang='lat' dir='ltr'>octavus</span> <span class='ocrx_word' id='word_1_238' title='bbox 695 2557 727 2575; x_wconf 76' lang='lat' dir='ltr'>ex</span> <span class='ocrx_word' id='word_1_239' title='bbox 744 2549 868 2584; x_wconf 68' lang='lat' dir='ltr'>praefixis</span> <span class='ocrx_word' id='word_1_240' title='bbox 885 2550 996 2575; x_wconf 80' lang='lat' dir='ltr'>Criticae</span> 
     </span>
    </p>
   </div>
   <div class='ocr_carea' id='block_1_7' title="bbox 241 2587 997 2664">
    <p class='ocr_par' dir='ltr' id='par_1_10' title="bbox 241 2587 997 2664">
     <span class='ocr_line' id='line_1_45' title="bbox 241 2587 997 2624; baseline 0.003 -10"><span class='ocrx_word' id='word_1_241' title='bbox 241 2587 402 2615; x_wconf 84' lang='lat' dir='ltr'>Baronianae</span> <span class='ocrx_word' id='word_1_242' title='bbox 416 2587 495 2615; x_wconf 77' lang='lat' dir='ltr'>habet</span> <span class='ocrx_word' id='word_1_243' title='bbox 510 2596 593 2615; x_wconf 84' lang='lat' dir='ltr'>annos</span> <span class='ocrx_word' id='word_1_244' title='bbox 610 2597 649 2620; x_wconf 76' lang='lat' dir='ltr'>xi,</span> <span class='ocrx_word' id='word_1_245' title='bbox 668 2597 703 2616; x_wconf 91' lang='lat' dir='ltr'>m.</span> <span class='ocrx_word' id='word_1_246' title='bbox 715 2597 744 2622; x_wconf 88' lang='lat' dir='ltr'>v,</span> <span class='ocrx_word' id='word_1_247' title='bbox 756 2590 783 2615; x_wconf 87' lang='lat' dir='ltr'>d.</span> <span class='ocrx_word' id='word_1_248' title='bbox 795 2596 867 2622; x_wconf 78' lang='lat' dir='ltr'>xxti,</span> <span class='ocrx_word' id='word_1_249' title='bbox 884 2596 997 2624; x_wconf 83' lang='lat' dir='ltr'>compu-</span> 
     </span>
     <span class='ocr_line' id='line_1_46' title="bbox 243 2627 683 2664; baseline 0.005 -10"><span class='ocrx_word' id='word_1_250' title='bbox 243 2629 296 2654; x_wconf 73' lang='lat' dir='ltr'>tato</span> <span class='ocrx_word' id='word_1_251' title='bbox 315 2627 425 2655; x_wconf 78' lang='lat' dir='ltr'>sortasse</span> <span class='ocrx_word' id='word_1_252' title='bbox 446 2628 615 2664; x_wconf 84' lang='lat' dir='ltr'>depositionis</span> <span class='ocrx_word' id='word_1_253' title='bbox 631 2630 683 2656; x_wconf 84' lang='lat' dir='ltr'>die.</span> 
     </span>
    </p>
   </div>
   <div class='ocr_carea' id='block_1_8' title="bbox 321 2670 838 2705">
    <p class='ocr_par' dir='ltr' id='par_1_11' title="bbox 321 2670 838 2705">
     <span class='ocr_line' id='line_1_47' title="bbox 321 2670 838 2705; baseline 0.008 -4"><span class='ocrx_word' id='word_1_254' title='bbox 321 2670 398 2702; x_wconf 72' lang='lat' dir='ltr'>Bau.</span> <span class='ocrx_word' id='word_1_255' title='bbox 419 2671 497 2703; x_wconf 79' lang='lat' dir='ltr'>Rom.</span> <span class='ocrx_word' id='word_1_256' title='bbox 521 2673 576 2704; x_wconf 87' lang='lat' dir='ltr'>Vol.</span> <span class='ocrx_word' id='word_1_257' title='bbox 600 2673 636 2703; x_wconf 88' lang='lat'>11.</span> <span class='ocrx_word' id='word_1_258' title='bbox 820 2673 838 2705; x_wconf 82' lang='lat'><strong>3</strong></span> 
     </span>
    </p>
   </div>
   <div class='ocr_carea' id='block_1_9' title="bbox 1402 239 1738 339">
    <p class='ocr_par' dir='ltr' id='par_1_12' title="bbox 1402 239 1738 339">
     <span class='ocr_line' id='line_1_48' title="bbox 1695 239 1738 271; baseline 0.023 -1"><span class='ocrx_word' id='word_1_259' title='bbox 1695 239 1738 271; x_wconf 83' lang='grc' dir='ltr'>ΓΙ</span> 
     </span>
     <span class='ocr_line' id='line_1_49' title="bbox 1402 304 1427 339; baseline 0 0"><span class='ocrx_word' id='word_1_260' title='bbox 1402 304 1427 339; x_wconf 85' lang='lat' dir='ltr'>t.</span> 
     </span>
    </p>
   </div>
   <div class='ocr_carea' id='block_1_10' title="bbox 1041 377 1788 619">
    <p class='ocr_par' dir='ltr' id='par_1_13' title="bbox 1041 377 1788 619">
     <span class='ocr_line' id='line_1_50' title="bbox 1041 377 1788 422; baseline 0.001 -13"><span class='ocrx_word' id='word_1_261' title='bbox 1041 377 1264 410; x_wconf 81' lang='lat' dir='ltr'>Monastert&#39;um</span> <span class='ocrx_word' id='word_1_262' title='bbox 1297 378 1528 412; x_wconf 74' lang='lat' dir='ltr'>Fructuart&#39;ense</span> <span class='ocrx_word' id='word_1_263' title='bbox 1554 378 1609 411; x_wconf 82' lang='lat' dir='ltr'>sub</span> <span class='ocrx_word' id='word_1_264' title='bbox 1629 378 1788 422; x_wconf 75' lang='lat' dir='ltr'>Apostoli-</span> 
     </span>
     <span class='ocr_line' id='line_1_51' title="bbox 1087 428 1788 471; baseline 0 -12"><span class='ocrx_word' id='word_1_265' title='bbox 1087 438 1138 459; x_wconf 83' lang='lat' dir='ltr'>cae</span> <span class='ocrx_word' id='word_1_266' title='bbox 1156 428 1244 460; x_wconf 74' lang='lat' dir='ltr'>Sedis</span> <span class='ocrx_word' id='word_1_267' title='bbox 1273 428 1456 471; x_wconf 68' lang='lat' dir='ltr'>protectione</span> <span class='ocrx_word' id='word_1_268' title='bbox 1487 428 1645 471; x_wconf 67' lang='lat' dir='ltr'>recipitur,</span> <span class='ocrx_word' id='word_1_269' title='bbox 1673 429 1788 470; x_wconf 76' lang='lat' dir='ltr'>confir-</span> 
     </span>
     <span class='ocr_line' id='line_1_52' title="bbox 1088 478 1786 520; baseline 0 -12"><span class='ocrx_word' id='word_1_270' title='bbox 1088 483 1248 519; x_wconf 80' lang='lat' dir='ltr'>maturque</span> <span class='ocrx_word' id='word_1_271' title='bbox 1272 478 1457 520; x_wconf 73' lang='lat' dir='ltr'>permutatio</span> <span class='ocrx_word' id='word_1_272' title='bbox 1479 484 1576 510; x_wconf 62' lang='lat' dir='ltr'>turrae</span> <span class='ocrx_word' id='word_1_273' title='bbox 1602 478 1760 509; x_wconf 67' lang='lat' dir='ltr'>cuiusdam</span> <span class='ocrx_word' id='word_1_274' title='bbox 1777 504 1786 515; x_wconf 72' lang='lat'>,</span> 
     </span>
     <span class='ocr_line' id='line_1_53' title="bbox 1086 526 1785 571; baseline 0 -13"><span class='ocrx_word' id='word_1_275' title='bbox 1086 526 1164 558; x_wconf 78' lang='lat' dir='ltr'>inter</span> <span class='ocrx_word' id='word_1_276' title='bbox 1184 527 1323 559; x_wconf 77' lang='lat' dir='ltr'>abbatem</span> <span class='ocrx_word' id='word_1_277' title='bbox 1352 533 1378 558; x_wconf 79' lang='lat' dir='ltr'>et</span> <span class='ocrx_word' id='word_1_278' title='bbox 1416 527 1575 560; x_wconf 74' lang='lat' dir='ltr'>Albertum</span> <span class='ocrx_word' id='word_1_279' title='bbox 1604 526 1785 571; x_wconf 73' lang='lat' dir='ltr'>Yporeqien-</span> 
     </span>
     <span class='ocr_line' id='line_1_54' title="bbox 1085 576 1538 619; baseline 0 -12"><span class='ocrx_word' id='word_1_280' title='bbox 1085 586 1145 608; x_wconf 82' lang='lat' dir='ltr'>sem</span> <span class='ocrx_word' id='word_1_281' title='bbox 1172 576 1345 619; x_wconf 77' lang='lat' dir='ltr'>episcopum</span> <span class='ocrx_word' id='word_1_282' title='bbox 1370 576 1449 608; x_wconf 73' lang='lat' dir='ltr'>inita</span> <span class='ocrx_word' id='word_1_283' title='bbox 1478 578 1538 617; x_wconf 81' lang='lat' dir='ltr'>(l).</span> 
     </span>
    </p>
   </div>
   <div class='ocr_carea' id='block_1_11' title="bbox 1251 644 1516 687">
    <p class='ocr_par' dir='ltr' id='par_1_14' title="bbox 1251 644 1516 687">
     <span class='ocr_line' id='line_1_55' title="bbox 1251 644 1516 687; baseline 0.004 -14"><span class='ocrx_word' id='word_1_284' title='bbox 1251 673 1264 687; x_wconf 64' lang='lat'>‚</span> <span class='ocrx_word' id='word_1_285' title='bbox 1303 644 1516 675; x_wconf 73' lang='lat' dir='ltr'>stnnmnun</span> 
     </span>
    </p>
   </div>
   <div class='ocr_carea' id='block_1_12' title="bbox 1038 705 1784 737">
    <p class='ocr_par' dir='ltr' id='par_1_15' title="bbox 1038 705 1784 737">
     <span class='ocr_line' id='line_1_56' title="bbox 1038 705 1784 737; baseline 0.001 -2"><span class='ocrx_word' id='word_1_286' title='bbox 1038 705 1065 736; x_wconf 81' lang='lat' dir='ltr'>S.</span> <span class='ocrx_word' id='word_1_287' title='bbox 1085 705 1251 735; x_wconf 85' lang='lat' dir='ltr'>Willelmus</span> <span class='ocrx_word' id='word_1_288' title='bbox 1282 705 1466 735; x_wconf 72' lang='lat' dir='ltr'>Divionensis</span> <span class='ocrx_word' id='word_1_289' title='bbox 1495 705 1586 735; x_wconf 85' lang='lat' dir='ltr'>abbas</span> <span class='ocrx_word' id='word_1_290' title='bbox 1615 707 1784 737; x_wconf 69' lang='lat' dir='ltr'>monasterii</span> 
     </span>
    </p>
   </div>
   <div class='ocr_carea' id='block_1_13' title="bbox 1075 745 1785 862">
    <p class='ocr_par' dir='ltr' id='par_1_16' title="bbox 1075 745 1785 862">
     <span class='ocr_line' id='line_1_57' title="bbox 1076 745 1784 776; baseline 0.001 -2"><span class='ocrx_word' id='word_1_291' title='bbox 1076 745 1312 775; x_wconf 74' lang='lat' dir='ltr'>Fructuariensis</span> <span class='ocrx_word' id='word_1_292' title='bbox 1348 750 1503 775; x_wconf 78' lang='lat' dir='ltr'>extruetur.</span> <span class='ocrx_word' id='word_1_293' title='bbox 1541 762 1581 767; x_wconf 91' lang='lat'>—-</span> <span class='ocrx_word' id='word_1_294' title='bbox 1613 746 1784 776; x_wconf 8' lang='lat' dir='ltr'>telinnitnoda</span> 
     </span>
     <span class='ocr_line' id='line_1_58' title="bbox 1075 784 1785 825; baseline 0.001 -11"><span class='ocrx_word' id='word_1_295' title='bbox 1075 785 1244 814; x_wconf 80' lang='lat' dir='ltr'>monasterii</span> <span class='ocrx_word' id='word_1_296' title='bbox 1264 785 1444 814; x_wconf 85' lang='lat' dir='ltr'>immunitas.</span> <span class='ocrx_word' id='word_1_297' title='bbox 1458 802 1498 807; x_wconf 93' lang='lat'><strong>—</strong></span> <span class='ocrx_word' id='word_1_298' title='bbox 1514 784 1702 815; x_wconf 78' lang='lat' dir='ltr'>Confirmatio</span> <span class='ocrx_word' id='word_1_299' title='bbox 1722 795 1785 825; x_wconf 81' lang='lat' dir='ltr'>per-</span> 
     </span>
     <span class='ocr_line' id='line_1_59' title="bbox 1076 825 1575 862; baseline 0 -8"><span class='ocrx_word' id='word_1_300' title='bbox 1076 826 1257 854; x_wconf 58' lang='lat' dir='ltr'>mutationis</span> <span class='ocrx_word' id='word_1_301' title='bbox 1275 842 1314 847; x_wconf 86' lang='lat'>—-</span> <span class='ocrx_word' id='word_1_302' title='bbox 1330 825 1502 862; x_wconf 77' lang='lat' dir='ltr'>Anathema‚</span> <span class='ocrx_word' id='word_1_303' title='bbox 1521 830 1575 854; x_wconf 82' lang='lat' dir='ltr'>etc.</span> 
     </span>
    </p>
   </div>
   <div class='ocr_carea' id='block_1_14' title="bbox 1034 891 1785 1054">
    <p class='ocr_par' dir='ltr' id='par_1_17' title="bbox 1034 891 1785 1054">
     <span class='ocr_line' id='line_1_60' title="bbox 1034 891 1783 920; baseline 0.001 -1"><span class='ocrx_word' id='word_1_304' title='bbox 1034 891 1184 919; x_wconf 82' lang='lat' dir='ltr'>Alexander</span> <span class='ocrx_word' id='word_1_305' title='bbox 1203 899 1298 919; x_wconf 82' lang='lat' dir='ltr'>servus</span> <span class='ocrx_word' id='word_1_306' title='bbox 1318 898 1455 919; x_wconf 83' lang='lat' dir='ltr'>servorum</span> <span class='ocrx_word' id='word_1_307' title='bbox 1474 891 1519 919; x_wconf 87' lang='lat' dir='ltr'>Dei</span> <span class='ocrx_word' id='word_1_308' title='bbox 1538 891 1646 920; x_wconf 79' lang='lat' dir='ltr'>Alberto</span> <span class='ocrx_word' id='word_1_309' title='bbox 1674 899 1783 920; x_wconf 69' lang='lat' dir='ltr'>venera-</span> 
     </span>
     <span class='ocr_line' id='line_1_61' title="bbox 1078 936 1783 970; baseline 0 -6"><span class='ocrx_word' id='word_1_310' title='bbox 1078 936 1127 964; x_wconf 81' lang='lat' dir='ltr'>biti</span> <span class='ocrx_word' id='word_1_311' title='bbox 1143 936 1235 964; x_wconf 81' lang='lat' dir='ltr'>abbati</span> <span class='ocrx_word' id='word_1_312' title='bbox 1261 937 1371 964; x_wconf 74' lang='lat' dir='ltr'>sanctae</span> <span class='ocrx_word' id='word_1_313' title='bbox 1399 936 1613 964; x_wconf 73' lang='lat' dir='ltr'>fructuariensis</span> <span class='ocrx_word' id='word_1_314' title='bbox 1641 937 1783 970; x_wconf 81' lang='lat' dir='ltr'>Ecclesiae,</span> 
     </span>
     <span class='ocr_line' id='line_1_62' title="bbox 1079 981 1785 1017; baseline 0.001 -8"><span class='ocrx_word' id='word_1_315' title='bbox 1079 981 1187 1016; x_wconf 83' lang='lat' dir='ltr'>suisque</span> <span class='ocrx_word' id='word_1_316' title='bbox 1207 981 1415 1014; x_wconf 77' lang='lat' dir='ltr'>successorihus.</span> <span class='ocrx_word' id='word_1_317' title='bbox 1427 981 1544 1009; x_wconf 76' lang='lat' dir='ltr'>salutem</span> <span class='ocrx_word' id='word_1_318' title='bbox 1563 982 1590 1010; x_wconf 80' lang='lat' dir='ltr'>et</span> <span class='ocrx_word' id='word_1_319' title='bbox 1609 982 1785 1017; x_wconf 80' lang='lat' dir='ltr'>apostolicam</span> 
     </span>
     <span class='ocr_line' id='line_1_63' title="bbox 1078 1026 1298 1054; baseline 0.005 -1"><span class='ocrx_word' id='word_1_320' title='bbox 1078 1026 1298 1054; x_wconf 82' lang='lat' dir='ltr'>benedictionem.</span> 
     </span>
    </p>
   </div>
   <div class='ocr_carea' id='block_1_15' title="bbox 1034 1088 1786 2614">
    <p class='ocr_par' dir='ltr' id='par_1_18' title="bbox 1034 1088 1785 2366">
     <span class='ocr_line' id='line_1_64' title="bbox 1083 1088 1784 1136; baseline 0 -12"><span class='ocrx_word' id='word_1_321' title='bbox 1083 1089 1330 1135; x_wconf 74' lang='lat' dir='ltr'>Cognoscentes,</span> <span class='ocrx_word' id='word_1_322' title='bbox 1350 1089 1432 1136; x_wconf 91' lang='lat' dir='ltr'>quod</span> <span class='ocrx_word' id='word_1_323' title='bbox 1451 1088 1693 1124; x_wconf 87' lang='lat' dir='ltr'>Fructuariense</span> <span class='ocrx_word' id='word_1_324' title='bbox 1708 1102 1784 1125; x_wconf 86' lang='lat' dir='ltr'>coe-</span> 
     </span>
     <span class='ocr_line' id='line_1_65' title="bbox 1036 1138 1784 1185; baseline 0.001 -13"><span class='ocrx_word' id='word_1_325' title='bbox 1036 1138 1177 1182; x_wconf 73' lang='lat' dir='ltr'>nobium,</span> <span class='ocrx_word' id='word_1_326' title='bbox 1196 1138 1281 1185; x_wconf 87' lang='lat' dir='ltr'>quod</span> <span class='ocrx_word' id='word_1_327' title='bbox 1304 1147 1519 1173; x_wconf 85' lang='lat' dir='ltr'>constructum</span> <span class='ocrx_word' id='word_1_328' title='bbox 1543 1146 1589 1173; x_wconf 82' lang='lat' dir='ltr'>est</span> <span class='ocrx_word' id='word_1_329' title='bbox 1610 1151 1626 1173; x_wconf 92' lang='lat' dir='ltr'>a</span> <span class='ocrx_word' id='word_1_330' title='bbox 1645 1138 1684 1173; x_wconf 86' lang='lat' dir='ltr'>D.</span> <span class='ocrx_word' id='word_1_331' title='bbox 1703 1139 1784 1173; x_wconf 80' lang='lat' dir='ltr'>Wit-</span> 
     </span>
     <span class='ocr_line' id='line_1_66' title="bbox 1037 1187 1782 1228; baseline 0.001 -7"><span class='ocrx_word' id='word_1_332' title='bbox 1037 1187 1128 1221; x_wconf 87' lang='lat' dir='ltr'>lelmo</span> <span class='ocrx_word' id='word_1_333' title='bbox 1155 1187 1266 1222; x_wconf 85' lang='lat' dir='ltr'>abbate</span> <span class='ocrx_word' id='word_1_334' title='bbox 1292 1187 1492 1222; x_wconf 64' lang='lat' dir='ltr'>Dii-flonensis</span> <span class='ocrx_word' id='word_1_335' title='bbox 1526 1187 1682 1228; x_wconf 88' lang='lat' dir='ltr'>coenobii,</span> <span class='ocrx_word' id='word_1_336' title='bbox 1722 1189 1782 1223; x_wconf 85' lang='lat' dir='ltr'>iam</span> 
     </span>
     <span class='ocr_line' id='line_1_67' title="bbox 1035 1236 1780 1283; baseline 0.004 -13"><span class='ocrx_word' id='word_1_337' title='bbox 1035 1236 1109 1270; x_wconf 86' lang='lat' dir='ltr'>olim</span> <span class='ocrx_word' id='word_1_338' title='bbox 1133 1249 1147 1270; x_wconf 92' lang='lat' dir='ltr'>a</span> <span class='ocrx_word' id='word_1_339' title='bbox 1174 1236 1470 1283; x_wconf 78' lang='lat' dir='ltr'>praedecessoribus</span> <span class='ocrx_word' id='word_1_340' title='bbox 1505 1237 1620 1271; x_wconf 89' lang='lat' dir='ltr'>nostris</span> <span class='ocrx_word' id='word_1_341' title='bbox 1651 1237 1780 1280; x_wconf 89' lang='lat' dir='ltr'>Ioanne,</span> 
     </span>
     <span class='ocr_line' id='line_1_68' title="bbox 1035 1285 1781 1333; baseline 0.001 -13"><span class='ocrx_word' id='word_1_342' title='bbox 1035 1294 1065 1320; x_wconf 88' lang='lat' dir='ltr'>ct</span> <span class='ocrx_word' id='word_1_343' title='bbox 1091 1286 1278 1325; x_wconf 80' lang='lat' dir='ltr'>Benedicto,</span> <span class='ocrx_word' id='word_1_344' title='bbox 1314 1286 1386 1320; x_wconf 83' lang='lat' dir='ltr'>item</span> <span class='ocrx_word' id='word_1_345' title='bbox 1422 1285 1559 1325; x_wconf 87' lang='lat' dir='ltr'>Ioanne,</span> <span class='ocrx_word' id='word_1_346' title='bbox 1594 1286 1781 1333; x_wconf 83' lang='lat' dir='ltr'>Clemente,</span> 
     </span>
     <span class='ocr_line' id='line_1_69' title="bbox 1035 1334 1781 1381; baseline 0.003 -13"><span class='ocrx_word' id='word_1_347' title='bbox 1035 1343 1127 1381; x_wconf 84' lang='lat' dir='ltr'>atque</span> <span class='ocrx_word' id='word_1_348' title='bbox 1160 1334 1267 1369; x_wconf 89' lang='lat' dir='ltr'>Leone</span> <span class='ocrx_word' id='word_1_349' title='bbox 1294 1335 1389 1369; x_wconf 85' lang='lat' dir='ltr'>totius</span> <span class='ocrx_word' id='word_1_350' title='bbox 1422 1335 1572 1370; x_wconf 86' lang='lat' dir='ltr'>libertatis</span> <span class='ocrx_word' id='word_1_351' title='bbox 1604 1343 1633 1370; x_wconf 86' lang='lat' dir='ltr'>et</span> <span class='ocrx_word' id='word_1_352' title='bbox 1661 1337 1781 1371; x_wconf 87' lang='lat' dir='ltr'>securi-</span> 
     </span>
     <span class='ocr_line' id='line_1_70' title="bbox 1036 1384 1784 1431; baseline 0.004 -14"><span class='ocrx_word' id='word_1_353' title='bbox 1036 1385 1105 1418; x_wconf 84' lang='lat' dir='ltr'>tatis</span> <span class='ocrx_word' id='word_1_354' title='bbox 1128 1384 1284 1417; x_wconf 87' lang='lat' dir='ltr'>munitum</span> <span class='ocrx_word' id='word_1_355' title='bbox 1308 1392 1364 1423; x_wconf 89' lang='lat' dir='ltr'>est,</span> <span class='ocrx_word' id='word_1_356' title='bbox 1387 1391 1417 1418; x_wconf 87' lang='lat' dir='ltr'>ct</span> <span class='ocrx_word' id='word_1_357' title='bbox 1436 1396 1492 1418; x_wconf 91' lang='lat' dir='ltr'>nos</span> <span class='ocrx_word' id='word_1_358' title='bbox 1514 1384 1701 1419; x_wconf 88' lang='lat' dir='ltr'>humillimis</span> <span class='ocrx_word' id='word_1_359' title='bbox 1716 1398 1784 1431; x_wconf 81' lang='lat' dir='ltr'>pre-</span> 
     </span>
     <span class='ocr_line' id='line_1_71' title="bbox 1035 1432 1783 1479; baseline 0.003 -13"><span class='ocrx_word' id='word_1_360' title='bbox 1035 1432 1122 1466; x_wconf 91' lang='lat' dir='ltr'>cibus</span> <span class='ocrx_word' id='word_1_361' title='bbox 1152 1432 1272 1467; x_wconf 87' lang='lat' dir='ltr'>abbatis</span> <span class='ocrx_word' id='word_1_362' title='bbox 1308 1433 1405 1479; x_wconf 88' lang='lat' dir='ltr'>ipsius</span> <span class='ocrx_word' id='word_1_363' title='bbox 1433 1434 1626 1477; x_wconf 85' lang='lat' dir='ltr'>monasterii,</span> <span class='ocrx_word' id='word_1_364' title='bbox 1654 1434 1783 1469; x_wconf 90' lang='lat' dir='ltr'>nomine</span> 
     </span>
     <span class='ocr_line' id='line_1_72' title="bbox 1035 1481 1781 1522; baseline 0.004 -7"><span class='ocrx_word' id='word_1_365' title='bbox 1035 1481 1166 1522; x_wconf 69' lang='lat' dir='ltr'>Atheni,</span> <span class='ocrx_word' id='word_1_366' title='bbox 1201 1490 1387 1521; x_wconf 76' lang='lat' dir='ltr'>annuentes,</span> <span class='ocrx_word' id='word_1_367' title='bbox 1421 1482 1660 1517; x_wconf 86' lang='lat' dir='ltr'>corroboramus</span> <span class='ocrx_word' id='word_1_368' title='bbox 1681 1484 1781 1518; x_wconf 88' lang='lat' dir='ltr'>nostri</span> 
     </span>
     <span class='ocr_line' id='line_1_73' title="bbox 1034 1531 1784 1577; baseline 0.004 -13"><span class='ocrx_word' id='word_1_369' title='bbox 1034 1532 1125 1565; x_wconf 83' lang='lat' dir='ltr'>etiam</span> <span class='ocrx_word' id='word_1_370' title='bbox 1151 1531 1300 1577; x_wconf 82' lang='lat' dir='ltr'>privilegii</span> <span class='ocrx_word' id='word_1_371' title='bbox 1326 1531 1481 1572; x_wconf 83' lang='lat' dir='ltr'>firmitate,</span> <span class='ocrx_word' id='word_1_372' title='bbox 1516 1540 1548 1565; x_wconf 92' lang='lat' dir='ltr'>ut</span> <span class='ocrx_word' id='word_1_373' title='bbox 1570 1531 1628 1566; x_wconf 91' lang='lat' dir='ltr'>sub</span> <span class='ocrx_word' id='word_1_374' title='bbox 1652 1532 1784 1568; x_wconf 87' lang='lat' dir='ltr'>tuitione</span> 
     </span>
     <span class='ocr_line' id='line_1_74' title="bbox 1035 1580 1784 1626; baseline 0.004 -13"><span class='ocrx_word' id='word_1_375' title='bbox 1035 1580 1232 1626; x_wconf 76' lang='lat' dir='ltr'>Apostolicae</span> <span class='ocrx_word' id='word_1_376' title='bbox 1254 1580 1346 1615; x_wconf 85' lang='lat' dir='ltr'>Sedis</span> <span class='ocrx_word' id='word_1_377' title='bbox 1362 1582 1578 1626; x_wconf 89' lang='lat' dir='ltr'>constitutum,</span> <span class='ocrx_word' id='word_1_378' title='bbox 1598 1581 1715 1616; x_wconf 87' lang='lat' dir='ltr'>nullius</span> <span class='ocrx_word' id='word_1_379' title='bbox 1737 1582 1784 1616; x_wconf 84' lang='lat' dir='ltr'>al-</span> 
     </span>
     <span class='ocr_line' id='line_1_75' title="bbox 1036 1629 1784 1677; baseline 0.003 -14"><span class='ocrx_word' id='word_1_380' title='bbox 1036 1630 1131 1664; x_wconf 86' lang='lat' dir='ltr'>terius</span> <span class='ocrx_word' id='word_1_381' title='bbox 1152 1629 1311 1664; x_wconf 80' lang='lat' dir='ltr'>Ecclesiae</span> <span class='ocrx_word' id='word_1_382' title='bbox 1336 1631 1480 1677; x_wconf 88' lang='lat' dir='ltr'>potestati</span> <span class='ocrx_word' id='word_1_383' title='bbox 1510 1630 1572 1665; x_wconf 92' lang='lat' dir='ltr'>ullo</span> <span class='ocrx_word' id='word_1_384' title='bbox 1594 1630 1692 1665; x_wconf 90' lang='lat' dir='ltr'>modo</span> <span class='ocrx_word' id='word_1_385' title='bbox 1711 1631 1784 1666; x_wconf 83' lang='lat' dir='ltr'>sub-</span> 
     </span>
     <span class='ocr_line' id='line_1_76' title="bbox 1035 1678 1782 1727; baseline 0.003 -15"><span class='ocrx_word' id='word_1_386' title='bbox 1035 1678 1143 1719; x_wconf 70' lang='lat' dir='ltr'>datur,</span> <span class='ocrx_word' id='word_1_387' title='bbox 1165 1679 1235 1713; x_wconf 84' lang='lat' dir='ltr'>ideo</span> <span class='ocrx_word' id='word_1_388' title='bbox 1263 1679 1333 1720; x_wconf 86' lang='lat' dir='ltr'>Dei,</span> <span class='ocrx_word' id='word_1_389' title='bbox 1361 1680 1523 1727; x_wconf 86' lang='lat' dir='ltr'>sanctique</span> <span class='ocrx_word' id='word_1_390' title='bbox 1550 1680 1647 1721; x_wconf 84' lang='lat' dir='ltr'>Petri,</span> <span class='ocrx_word' id='word_1_391' title='bbox 1670 1692 1706 1714; x_wconf 85' lang='lat' dir='ltr'>ac</span> <span class='ocrx_word' id='word_1_392' title='bbox 1721 1693 1782 1715; x_wconf 89' lang='lat' dir='ltr'>no-</span> 
     </span>
     <span class='ocr_line' id='line_1_77' title="bbox 1034 1728 1781 1776; baseline 0.003 -14"><span class='ocrx_word' id='word_1_393' title='bbox 1034 1736 1096 1762; x_wconf 90' lang='lat' dir='ltr'>stra</span> <span class='ocrx_word' id='word_1_394' title='bbox 1127 1728 1309 1763; x_wconf 82' lang='lat' dir='ltr'>auctoritate</span> <span class='ocrx_word' id='word_1_395' title='bbox 1343 1729 1519 1772; x_wconf 78' lang='lat' dir='ltr'>statuimus,</span> <span class='ocrx_word' id='word_1_396' title='bbox 1549 1737 1580 1763; x_wconf 84' lang='lat' dir='ltr'>ut</span> <span class='ocrx_word' id='word_1_397' title='bbox 1615 1742 1717 1776; x_wconf 90' lang='lat' dir='ltr'>neque</span> <span class='ocrx_word' id='word_1_398' title='bbox 1750 1730 1781 1764; x_wconf 89' lang='lat' dir='ltr'>in</span> 
     </span>
     <span class='ocr_line' id='line_1_78' title="bbox 1035 1778 1783 1824; baseline 0.004 -13"><span class='ocrx_word' id='word_1_399' title='bbox 1035 1778 1203 1812; x_wconf 85' lang='lat' dir='ltr'>mundanis</span> <span class='ocrx_word' id='word_1_400' title='bbox 1238 1790 1341 1824; x_wconf 85' lang='lat' dir='ltr'>neque</span> <span class='ocrx_word' id='word_1_401' title='bbox 1376 1778 1408 1812; x_wconf 91' lang='lat' dir='ltr'>in</span> <span class='ocrx_word' id='word_1_402' title='bbox 1441 1778 1662 1813; x_wconf 82' lang='lat' dir='ltr'>ecclesiasticis</span> <span class='ocrx_word' id='word_1_403' title='bbox 1690 1778 1783 1819; x_wconf 82' lang='lat' dir='ltr'>rebus</span> 
     </span>
     <span class='ocr_line' id='line_1_79' title="bbox 1035 1826 1784 1862; baseline 0.003 -2"><span class='ocrx_word' id='word_1_404' title='bbox 1035 1826 1081 1861; x_wconf 79' lang='lat' dir='ltr'>vel</span> <span class='ocrx_word' id='word_1_405' title='bbox 1110 1827 1361 1862; x_wconf 85' lang='lat' dir='ltr'>ordinationibus</span> <span class='ocrx_word' id='word_1_406' title='bbox 1388 1827 1492 1862; x_wconf 91' lang='lat' dir='ltr'>nullus</span> <span class='ocrx_word' id='word_1_407' title='bbox 1518 1827 1613 1862; x_wconf 87' lang='lat' dir='ltr'>homo</span> <span class='ocrx_word' id='word_1_408' title='bbox 1635 1835 1693 1862; x_wconf 90' lang='lat' dir='ltr'>etc.</span> <span class='ocrx_word' id='word_1_409' title='bbox 1726 1828 1784 1862; x_wconf 88' lang='lat' dir='ltr'>ali-</span> 
     </span>
     <span class='ocr_line' id='line_1_80' title="bbox 1035 1876 1783 1923; baseline 0.003 -13"><span class='ocrx_word' id='word_1_410' title='bbox 1035 1888 1095 1922; x_wconf 89' lang='lat' dir='ltr'>qua</span> <span class='ocrx_word' id='word_1_411' title='bbox 1122 1877 1300 1923; x_wconf 77' lang='lat' dir='ltr'>gravamina</span> <span class='ocrx_word' id='word_1_412' title='bbox 1328 1876 1374 1911; x_wconf 86' lang='lat' dir='ltr'>vel</span> <span class='ocrx_word' id='word_1_413' title='bbox 1398 1876 1588 1922; x_wconf 84' lang='lat' dir='ltr'>praeiudicia</span> <span class='ocrx_word' id='word_1_414' title='bbox 1610 1877 1725 1912; x_wconf 83' lang='lat' dir='ltr'>audeat</span> <span class='ocrx_word' id='word_1_415' title='bbox 1740 1878 1783 1912; x_wconf 86' lang='lat' dir='ltr'>in-</span> 
     </span>
     <span class='ocr_line' id='line_1_81' title="bbox 1035 1925 1785 1973; baseline 0.001 -13"><span class='ocrx_word' id='word_1_416' title='bbox 1035 1925 1128 1966; x_wconf 72' lang='lat' dir='ltr'>scrre,</span> <span class='ocrx_word' id='word_1_417' title='bbox 1160 1926 1215 1960; x_wconf 88' lang='lat' dir='ltr'>sed</span> <span class='ocrx_word' id='word_1_418' title='bbox 1251 1926 1372 1966; x_wconf 80' lang='lat' dir='ltr'>onmia,</span> <span class='ocrx_word' id='word_1_419' title='bbox 1400 1938 1479 1973; x_wconf 85' lang='lat' dir='ltr'>quae</span> <span class='ocrx_word' id='word_1_420' title='bbox 1507 1926 1617 1961; x_wconf 88' lang='lat' dir='ltr'>collata</span> <span class='ocrx_word' id='word_1_421' title='bbox 1639 1936 1712 1961; x_wconf 87' lang='lat' dir='ltr'>sunt</span> <span class='ocrx_word' id='word_1_422' title='bbox 1735 1928 1785 1961; x_wconf 88' lang='lat' dir='ltr'>ei-</span> 
     </span>
     <span class='ocr_line' id='line_1_82' title="bbox 1035 1975 1784 2022; baseline 0.001 -13"><span class='ocrx_word' id='word_1_423' title='bbox 1035 1975 1106 2009; x_wconf 91' lang='lat' dir='ltr'>dem</span> <span class='ocrx_word' id='word_1_424' title='bbox 1129 1975 1294 2019; x_wconf 77' lang='lat' dir='ltr'>coenobio,</span> <span class='ocrx_word' id='word_1_425' title='bbox 1316 1983 1346 2010; x_wconf 87' lang='lat' dir='ltr'>et</span> <span class='ocrx_word' id='word_1_426' title='bbox 1373 1987 1473 2022; x_wconf 88' lang='lat' dir='ltr'>usque</span> <span class='ocrx_word' id='word_1_427' title='bbox 1495 1976 1526 2009; x_wconf 91' lang='lat' dir='ltr'>in</span> <span class='ocrx_word' id='word_1_428' title='bbox 1548 1976 1643 2010; x_wconf 85' lang='lat' dir='ltr'>linem</span> <span class='ocrx_word' id='word_1_429' title='bbox 1665 1976 1784 2011; x_wconf 84' lang='lat' dir='ltr'>saeculi</span> 
     </span>
     <span class='ocr_line' id='line_1_83' title="bbox 1035 2024 1782 2072; baseline 0.001 -13"><span class='ocrx_word' id='word_1_430' title='bbox 1035 2024 1222 2059; x_wconf 85' lang='lat' dir='ltr'>conserenda</span> <span class='ocrx_word' id='word_1_431' title='bbox 1246 2025 1276 2058; x_wconf 92' lang='lat' dir='ltr'>in</span> <span class='ocrx_word' id='word_1_432' title='bbox 1303 2025 1558 2072; x_wconf 83' lang='lat' dir='ltr'>quibuscumque</span> <span class='ocrx_word' id='word_1_433' title='bbox 1591 2025 1685 2060; x_wconf 86' lang='lat' dir='ltr'>rebus</span> <span class='ocrx_word' id='word_1_434' title='bbox 1712 2038 1782 2060; x_wconf 91' lang='lat' dir='ltr'>mo-</span> 
     </span>
     <span class='ocr_line' id='line_1_84' title="bbox 1035 2073 1785 2120; baseline 0.003 -13"><span class='ocrx_word' id='word_1_435' title='bbox 1035 2073 1150 2108; x_wconf 85' lang='lat' dir='ltr'>bilibus</span> <span class='ocrx_word' id='word_1_436' title='bbox 1173 2082 1202 2108; x_wconf 91' lang='lat' dir='ltr'>et</span> <span class='ocrx_word' id='word_1_437' title='bbox 1238 2074 1474 2118; x_wconf 78' lang='lat' dir='ltr'>immobilibus,</span> <span class='ocrx_word' id='word_1_438' title='bbox 1500 2075 1530 2108; x_wconf 91' lang='lat' dir='ltr'>in</span> <span class='ocrx_word' id='word_1_439' title='bbox 1566 2082 1719 2120; x_wconf 77' lang='lat' dir='ltr'>potestate</span> <span class='ocrx_word' id='word_1_440' title='bbox 1754 2083 1785 2109; x_wconf 84' lang='lat' dir='ltr'>et</span> 
     </span>
     <span class='ocr_line' id='line_1_85' title="bbox 1035 2122 1785 2170; baseline 0.001 -13"><span class='ocrx_word' id='word_1_441' title='bbox 1035 2123 1230 2158; x_wconf 87' lang='lat' dir='ltr'>ordinatione</span> <span class='ocrx_word' id='word_1_442' title='bbox 1251 2123 1397 2158; x_wconf 90' lang='lat' dir='ltr'>abbatum</span> <span class='ocrx_word' id='word_1_443' title='bbox 1425 2123 1524 2170; x_wconf 84' lang='lat' dir='ltr'>ipsius</span> <span class='ocrx_word' id='word_1_444' title='bbox 1550 2122 1611 2158; x_wconf 90' lang='lat' dir='ltr'>loci</span> <span class='ocrx_word' id='word_1_445' title='bbox 1637 2124 1705 2159; x_wconf 90' lang='lat' dir='ltr'>sine</span> <span class='ocrx_word' id='word_1_446' title='bbox 1726 2124 1785 2158; x_wconf 84' lang='lat' dir='ltr'>ali-</span> 
     </span>
     <span class='ocr_line' id='line_1_86' title="bbox 1035 2172 1785 2219; baseline 0.001 -13"><span class='ocrx_word' id='word_1_447' title='bbox 1035 2172 1125 2206; x_wconf 91' lang='lat' dir='ltr'>cuius</span> <span class='ocrx_word' id='word_1_448' title='bbox 1168 2173 1418 2207; x_wconf 81' lang='lat' dir='ltr'>contradictione</span> <span class='ocrx_word' id='word_1_449' title='bbox 1459 2173 1640 2207; x_wconf 80' lang='lat' dir='ltr'>consistant.</span> <span class='ocrx_word' id='word_1_450' title='bbox 1684 2173 1785 2219; x_wconf 78' lang='lat' dir='ltr'>Igitur</span> 
     </span>
     <span class='ocr_line' id='line_1_87' title="bbox 1035 2221 1784 2269; baseline 0.003 -14"><span class='ocrx_word' id='word_1_451' title='bbox 1035 2221 1264 2268; x_wconf 83' lang='lat' dir='ltr'>praecipientes</span> <span class='ocrx_word' id='word_1_452' title='bbox 1291 2222 1518 2269; x_wconf 83' lang='lat' dir='ltr'>praecipimus,</span> <span class='ocrx_word' id='word_1_453' title='bbox 1555 2230 1584 2257; x_wconf 84' lang='lat' dir='ltr'>et</span> <span class='ocrx_word' id='word_1_454' title='bbox 1610 2230 1784 2257; x_wconf 85' lang='lat' dir='ltr'>statuentes</span> 
     </span>
     <span class='ocr_line' id='line_1_88' title="bbox 1035 2270 1784 2318; baseline 0.003 -14"><span class='ocrx_word' id='word_1_455' title='bbox 1035 2272 1200 2305; x_wconf 82' lang='lat' dir='ltr'>statuimus</span> <span class='ocrx_word' id='word_1_456' title='bbox 1222 2283 1259 2305; x_wconf 77' lang='lat' dir='ltr'>ex</span> <span class='ocrx_word' id='word_1_457' title='bbox 1282 2272 1465 2306; x_wconf 76' lang='lat' dir='ltr'>auctoritate</span> <span class='ocrx_word' id='word_1_458' title='bbox 1487 2270 1566 2305; x_wconf 90' lang='lat' dir='ltr'>beati</span> <span class='ocrx_word' id='word_1_459' title='bbox 1594 2271 1676 2306; x_wconf 83' lang='lat' dir='ltr'>Petri</span> <span class='ocrx_word' id='word_1_460' title='bbox 1696 2272 1784 2318; x_wconf 87' lang='lat' dir='ltr'>prin-</span> 
     </span>
     <span class='ocr_line' id='line_1_89' title="bbox 1036 2319 1732 2366; baseline 0.001 -11"><span class='ocrx_word' id='word_1_461' title='bbox 1036 2321 1115 2366; x_wconf 88' lang='lat' dir='ltr'>cipis</span> <span class='ocrx_word' id='word_1_462' title='bbox 1141 2320 1367 2366; x_wconf 86' lang='lat' dir='ltr'>apostolorum,</span> <span class='ocrx_word' id='word_1_463' title='bbox 1390 2328 1424 2354; x_wconf 92' lang='lat' dir='ltr'>ut</span> <span class='ocrx_word' id='word_1_464' title='bbox 1450 2319 1528 2354; x_wconf 91' lang='lat' dir='ltr'>nulli</span> <span class='ocrx_word' id='word_1_465' title='bbox 1556 2321 1648 2355; x_wconf 89' lang='lat' dir='ltr'>liceat</span> <span class='ocrx_word' id='word_1_466' title='bbox 1674 2329 1732 2356; x_wconf 82' lang='lat' dir='ltr'>etc.</span> 
     </span>
    </p>

    <p class='ocr_par' dir='ltr' id='par_1_19' title="bbox 1036 2369 1786 2614">
     <span class='ocr_line' id='line_1_90' title="bbox 1085 2369 1783 2416; baseline 0.003 -13"><span class='ocrx_word' id='word_1_467' title='bbox 1085 2369 1218 2416; x_wconf 86' lang='lat' dir='ltr'>lnsuper</span> <span class='ocrx_word' id='word_1_468' title='bbox 1256 2369 1348 2404; x_wconf 89' lang='lat' dir='ltr'>etiam</span> <span class='ocrx_word' id='word_1_469' title='bbox 1387 2369 1634 2409; x_wconf 83' lang='lat' dir='ltr'>confirmamus,</span> <span class='ocrx_word' id='word_1_470' title='bbox 1675 2378 1705 2405; x_wconf 88' lang='lat' dir='ltr'>et</span> <span class='ocrx_word' id='word_1_471' title='bbox 1744 2383 1783 2405; x_wconf 85' lang='lat' dir='ltr'>ex</span> 
     </span>
     <span class='ocr_line' id='line_1_91' title="bbox 1036 2418 1784 2466; baseline 0.003 -14"><span class='ocrx_word' id='word_1_472' title='bbox 1036 2426 1140 2453; x_wconf 78' lang='lat' dir='ltr'>nostra</span> <span class='ocrx_word' id='word_1_473' title='bbox 1162 2419 1346 2453; x_wconf 85' lang='lat' dir='ltr'>auctoritate</span> <span class='ocrx_word' id='word_1_474' title='bbox 1368 2418 1600 2459; x_wconf 88' lang='lat' dir='ltr'>constituimus,</span> <span class='ocrx_word' id='word_1_475' title='bbox 1623 2426 1657 2454; x_wconf 84' lang='lat' dir='ltr'>ut</span> <span class='ocrx_word' id='word_1_476' title='bbox 1678 2432 1784 2466; x_wconf 86' lang='lat' dir='ltr'>supra-</span> 
     </span>
     <span class='ocr_line' id='line_1_92' title="bbox 1036 2467 1786 2514; baseline 0.001 -12"><span class='ocrx_word' id='word_1_477' title='bbox 1036 2467 1154 2502; x_wconf 87' lang='lat' dir='ltr'>dictum</span> <span class='ocrx_word' id='word_1_478' title='bbox 1189 2468 1413 2502; x_wconf 84' lang='lat' dir='ltr'>monasterium</span> <span class='ocrx_word' id='word_1_479' title='bbox 1436 2468 1465 2501; x_wconf 90' lang='lat' dir='ltr'>in</span> <span class='ocrx_word' id='word_1_480' title='bbox 1503 2476 1653 2514; x_wconf 84' lang='lat' dir='ltr'>perpetuo</span> <span class='ocrx_word' id='word_1_481' title='bbox 1681 2477 1786 2503; x_wconf 85' lang='lat' dir='ltr'>teneat</span> 
     </span>
     <span class='ocr_line' id='line_1_93' title="bbox 1036 2516 1784 2564; baseline 0.003 -13"><span class='ocrx_word' id='word_1_482' title='bbox 1036 2526 1066 2552; x_wconf 86' lang='lat' dir='ltr'>ct</span> <span class='ocrx_word' id='word_1_483' title='bbox 1094 2517 1252 2564; x_wconf 84' lang='lat' dir='ltr'>possideat</span> <span class='ocrx_word' id='word_1_484' title='bbox 1283 2517 1350 2552; x_wconf 88' lang='lat' dir='ltr'>siue</span> <span class='ocrx_word' id='word_1_485' title='bbox 1371 2516 1503 2551; x_wconf 87' lang='lat' dir='ltr'>alicuius</span> <span class='ocrx_word' id='word_1_486' title='bbox 1533 2518 1784 2553; x_wconf 64' lang='lat' dir='ltr'>contradictione</span> 
     </span>
     <span class='ocr_line' id='line_1_94' title="bbox 1037 2566 1784 2614; baseline 0 -13"><span class='ocrx_word' id='word_1_487' title='bbox 1037 2574 1162 2607; x_wconf 81' lang='lat' dir='ltr'>terram,</span> <span class='ocrx_word' id='word_1_488' title='bbox 1185 2575 1215 2601; x_wconf 86' lang='lat' dir='ltr'>et</span> <span class='ocrx_word' id='word_1_489' title='bbox 1241 2566 1391 2606; x_wconf 81' lang='lat' dir='ltr'>decimas,</span> <span class='ocrx_word' id='word_1_490' title='bbox 1414 2578 1492 2613; x_wconf 88' lang='lat' dir='ltr'>quas</span> <span class='ocrx_word' id='word_1_491' title='bbox 1514 2567 1664 2602; x_wconf 83' lang='lat' dir='ltr'>Albertus</span> <span class='ocrx_word' id='word_1_492' title='bbox 1694 2566 1784 2614; x_wconf 76' lang='lat' dir='ltr'>Ypo-</span> 
     </span>
    </p>
   </div>
   <div class='ocr_carea' id='block_1_16' title="bbox 1073 2631 1426 2667">
    <p class='ocr_par' dir='ltr' id='par_1_20' title="bbox 1073 2631 1426 2667">
     <span class='ocr_line' id='line_1_95' title="bbox 1073 2631 1426 2667; baseline 0 -8"><span class='ocrx_word' id='word_1_493' title='bbox 1073 2632 1112 2667; x_wconf 79' lang='lat' dir='ltr'>(t)</span> <span class='ocrx_word' id='word_1_494' title='bbox 1128 2632 1167 2660; x_wconf 70' lang='lat' dir='ltr'>Ex</span> <span class='ocrx_word' id='word_1_495' title='bbox 1185 2635 1239 2660; x_wconf 86' lang='lat' dir='ltr'>vet.</span> <span class='ocrx_word' id='word_1_496' title='bbox 1257 2631 1321 2660; x_wconf 86' lang='lat' dir='ltr'>Cod.</span> <span class='ocrx_word' id='word_1_497' title='bbox 1341 2632 1426 2660; x_wconf 79' lang='lat' dir='ltr'>Vatic.</span> 
     </span>
    </p>
   </div>
   <div class='ocr_carea' id='block_1_17' title="bbox 1807 255 1991 282">
    <p class='ocr_par' dir='ltr' id='par_1_21' title="bbox 1807 255 1991 282">
     <span class='ocr_line' id='line_1_96' title="bbox 1807 255 1991 282; baseline 0 0"><span class='ocrx_word' id='word_1_498' title='bbox 1807 256 1856 282; x_wconf 79' lang='lat' dir='ltr'>An.</span> <span class='ocrx_word' id='word_1_499' title='bbox 1877 255 1904 282; x_wconf 88' lang='lat' dir='ltr'>C.</span> <span class='ocrx_word' id='word_1_500' title='bbox 1923 255 1991 282; x_wconf 86' lang='grc'>1063</span> 
     </span>
    </p>
   </div>
   <div class='ocr_carea' id='block_1_18' title="bbox 1808 1117 1994 1248">
    <p class='ocr_par' dir='ltr' id='par_1_22' title="bbox 1808 1117 1994 1248">
     <span class='ocr_line' id='line_1_97' title="bbox 1836 1117 1993 1139; baseline 0.006 -2"><span class='ocrx_word' id='word_1_501' title='bbox 1836 1117 1857 1137; x_wconf 76' lang='lat' dir='ltr'>S.</span> <span class='ocrx_word' id='word_1_502' title='bbox 1875 1117 1993 1139; x_wconf 48' lang='lat' dir='ltr'>willelmus</span> 
     </span>
     <span class='ocr_line' id='line_1_98' title="bbox 1810 1142 1992 1165; baseline 0.022 -4"><span class='ocrx_word' id='word_1_503' title='bbox 1810 1142 1941 1165; x_wconf 54' lang='lat' dir='ltr'>lumniensis</span> <span class='ocrx_word' id='word_1_504' title='bbox 1956 1146 1992 1165; x_wconf 82' lang='lat' dir='ltr'>al·-</span> 
     </span>
     <span class='ocr_line' id='line_1_99' title="bbox 1808 1169 1994 1192; baseline 0.016 -3"><span class='ocrx_word' id='word_1_505' title='bbox 1808 1169 1854 1191; x_wconf 64' lang='lat' dir='ltr'>bas.</span> <span class='ocrx_word' id='word_1_506' title='bbox 1872 1173 1994 1192; x_wconf 58' lang='lat' dir='ltr'>monasterii</span> 
     </span>
     <span class='ocr_line' id='line_1_100' title="bbox 1821 1197 1990 1218; baseline 0.006 -1"><span class='ocrx_word' id='word_1_507' title='bbox 1821 1197 1990 1218; x_wconf 63' lang='lat' dir='ltr'>fructuariensis</span> 
     </span>
     <span class='ocr_line' id='line_1_101' title="bbox 1809 1226 1924 1248; baseline 0.017 -5"><span class='ocrx_word' id='word_1_508' title='bbox 1809 1226 1924 1248; x_wconf 79' lang='lat' dir='ltr'>extructor.</span> 
     </span>
    </p>
   </div>
   <div class='ocr_carea' id='block_1_19' title="bbox 1808 1684 1994 1758">
    <p class='ocr_par' dir='ltr' id='par_1_23' title="bbox 1808 1684 1994 1758">
     <span class='ocr_line' id='line_1_102' title="bbox 1842 1684 1967 1714; baseline 0 -9"><span class='ocrx_word' id='word_1_509' title='bbox 1842 1684 1967 1714; x_wconf 69' lang='lat' dir='ltr'>omnimoda</span> 
     </span>
     <span class='ocr_line' id='line_1_103' title="bbox 1808 1713 1994 1739; baseline 0 -8"><span class='ocrx_word' id='word_1_510' title='bbox 1808 1713 1931 1739; x_wconf 67' lang='lat' dir='ltr'>monasterti</span> <span class='ocrx_word' id='word_1_511' title='bbox 1955 1717 1994 1731; x_wconf 82' lang='lat' dir='ltr'>lm-</span> 
     </span>
     <span class='ocr_line' id='line_1_104' title="bbox 1808 1740 1906 1758; baseline -0.01 0"><span class='ocrx_word' id='word_1_512' title='bbox 1808 1740 1906 1758; x_wconf 76' lang='lat' dir='ltr'>munitas.</span> 
     </span>
    </p>
   </div>
   <div class='ocr_carea' id='block_1_20' title="bbox 1807 2359 1975 2413">
    <p class='ocr_par' dir='ltr' id='par_1_24' title="bbox 1807 2359 1975 2413">
     <span class='ocr_line' id='line_1_105' title="bbox 1835 2359 1970 2389; baseline -0.015 -8"><span class='ocrx_word' id='word_1_513' title='bbox 1835 2359 1970 2389; x_wconf 66' lang='lat' dir='ltr'>Confirmatio</span> 
     </span>
     <span class='ocr_line' id='line_1_106' title="bbox 1807 2389 1975 2413; baseline -0.012 -5"><span class='ocrx_word' id='word_1_514' title='bbox 1807 2389 1975 2413; x_wconf 71' lang='lat' dir='ltr'>permutationis.</span> 
     </span>
    </p>
   </div>
  </div>
 </body>
</html>
