2180 3205
197 223 246 247 Λη.
267 221 295 247 (1.
312 221 380 247 1126

227 960 307 979 Stilitae
321 960 382 979 clau-

197 988 257 1006 sulae
294 987 383 1011 privile-

197 1014 258 1036 gium
273 1013 315 1032 hoc
331 1018 381 1033 con·

199 1040 320 1060 firmanres.

214 1805 304 1825 Honorii
315 1804 355 1825 PP.
363 1808 384 1826 et

199 1832 219 1852 S.
237 1832 259 1852 R.
275 1832 290 1852 Ε
314 1833 383 1852 cardi-

200 1859 282 1878 nalium
290 1859 385 1879 subscri-

200 1886 294 1911 ptiones.

463 209 535 241 350
997 215 1183 238 nummum
1214 214 1373 237 nonasp-:i

411 272 584 319 Baptistae,
626 278 656 305 et
689 269 877 306 Sanctorum
918 269 1160 315 Apostolorum,

1252 268 1322 314 Ego
1349 268 1462 302 Petrus
1485 268 1587 314 presb.
1617 268 1700 303 card.
1731 268 1776 303 tit.
1808 267 1841 304 S.
1868 269 1951 304 Mar-

413 318 1162 362 eommemorationeOmninmSanctoruin,e0n-
1203 318 1278 365 tyris
1304 317 1469 353 Susannae
1496 329 1538 352 ss.

411 370 585 405 sec-ratione
625 368 847 409 basilicarum,
891 368 1159 414 suffraganeorum

410 420 629 466 episcoporum
644 426 674 453 et
687 417 891 456 clericorum,
906 429 1013 452 annuo
1029 417 1159 452 natalitii

410 468 454 502 tui
482 468 542 506 die,
566 467 595 501 in
623 467 790 502 festivitate
812 467 845 501 S.
875 466 969 507 Sixii,
992 467 1022 501 in
1045 466 1160 501 Inven-

409 517 494 551 tione
516 525 546 551 et
572 516 768 551 Exaltatione
791 516 824 551 S.
848 515 971 556 Crucis,
1000 516 1030 550 in
1061 516 1160 550 anni-

410 567 547 601 versario
579 565 787 600 dedicationis
819 565 952 600 pisanae
977 564 1159 605 Ecclesiae,

409 615 439 649 in
476 615 640 650 festivitate
670 623 850 650 sanctorum
886 623 1056 662 martyrum
1080 614 1159 649 Ste-

409 664 518 712 phani,
540 672 571 699 et
591 664 765 708 Laurentii,
787 671 817 699 et
835 663 956 711 Ephisi,
983 664 1074 698 cuius
1088 675 1159 698 cor-

410 726 468 760 pus
491 714 520 748 in
546 714 655 749 eadem
687 713 818 748 ecclesia
852 713 1038 760 requiescit,
1061 721 1092 747 et
1127 713 1156 747 in

408 763 604 798 solemnitate
641 763 756 798 Beatae
789 762 929 808 Agathae
959 762 1091 808 virginis
1128 771 1157 796 et

409 813 568 859 martyris,
600 824 674 846 sane
704 824 758 858 per
784 811 930 846 Pisanam
960 811 1157 858 parochiam,

408 869 438 896 et
465 862 598 896 insulam
626 860 829 896 Corsicanam
867 872 991 895 crucem
1028 868 1100 894 ante
1128 868 1158 895 te

408 918 438 944 et
459 919 530 945 tuos
561 922 760 945 successores
786 909 911 953 deferri,
939 909 1155 943 concedimus,

408 960 440 995 Si
466 972 524 1006 qua
549 960 643 1005 igitur
666 960 695 993 in
715 959 852 993 futurum
868 958 1076 993 ecclesiastica
1095 970 1157 992 sae-

408 1009 560 1043 cularisve
585 1021 728 1054 persona,
755 1008 836 1042 hanc
854 1015 979 1042 nostrae
1001 1007 1156 1041 constitu-

408 1059 500 1092 tionis
523 1059 666 1104 paginam
689 1058 804 1097 sciens,
829 1065 936 1091 contra
961 1069 1027 1090 eam
1051 1057 1157 1090 venire

407 1108 587 1145 tentaverit,
621 1106 762 1140 seeundo
790 1106 922 1140 tertiove
948 1106 1155 1145 commonita,

407 1157 432 1190 si
457 1169 517 1189 nen
536 1155 748 1190 satisfactione
771 1167 908 1201 congrua
931 1154 1156 1198 emendaverit,

409 1206 570 1252 potestatis
596 1205 788 1252 honorisque
803 1205 850 1238 sni
875 1204 1026 1250 dignitate
1041 1211 1156 1248 careat,

408 1266 555 1302 reamque
579 1266 612 1289 se
634 1254 738 1288 divino
757 1253 873 1288 iudicio
888 1254 1020 1287 existere
1035 1252 1074 1287 de
1090 1265 1158 1299 per-

409 1312 526 1351 petrata
549 1304 712 1350 iniquitate
734 1310 920 1348 cognoscat„
956 1310 986 1335 et
1013 1314 1028 1336 a
1051 1314 1157 1336 sacra-

409 1354 529 1388 tissimo
552 1352 693 1400 Corpore
716 1361 745 1387 et
767 1352 929 1398 Sanguine
957 1351 1013 1385 Dei
1037 1359 1066 1384 et
1090 1350 1156 1385 Do-

409 1403 484 1437 mini
509 1403 606 1437 nostri
632 1402 703 1437 Iesu
727 1401 843 1436 Christi
863 1401 962 1436 aliena
979 1400 1042 1444 fiat,
1064 1409 1157 1447 atque

408 1452 438 1486 in
478 1460 617 1486 extremo
653 1452 799 1486 examine
840 1450 1001 1484 districtae
1046 1449 1155 1483 ultioni

408 1501 578 1536 subiaceat.
607 1501 739 1535 Cunctis
752 1508 858 1534 autern
872 1500 973 1534 eidem
997 1498 1157 1532 Ecclesiae

409 1551 488 1585 iusta
512 1549 709 1584 servantibus
735 1550 775 1584 sit
807 1561 865 1595 pax
900 1547 1025 1582 Domini
1058 1548 1156 1581 nostri

407 1599 479 1634 Iesu
514 1599 652 1639 Christi,
688 1607 843 1645 quatenus
877 1605 907 1632 et
940 1597 992 1631 hie
1021 1596 1156 1631 fructum

409 1648 509 1683 bonae
535 1648 669 1682 actionis
691 1648 875 1694 percipiant,
897 1655 926 1680 et
945 1645 1028 1693 apud
1048 1645 1157 1680 distri-

408 1706 492 1732 ctum
530 1697 669 1731 Iudicem
717 1696 854 1743 praemia
889 1704 1034 1730 aeternae
1070 1695 1158 1742 pacis

409 1746 577 1781 inveniant.
607 1747 720 1786 Amen,
747 1757 851 1789 amen,
874 1757 976 1779 amen.

457 1796 530 1830 Eoo
544 1795 716 1830 Hoxonms
728 1795 899 1830 catholicae
913 1793 1075 1829 Ecclesiae
1095 1793 1159 1841 epi-

409 1857 525 1891 scopus
549 1857 591 1879 ss.

460 1894 526 1941 Ego
553 1893 756 1928 Crescentius
777 1892 964 1928 Sabinensis
987 1891 1085 1938 episc.
1113 1904 1155 1926 ss.

458 1943 527 1990 Ego
549 1942 740 1978 Guillelmus
772 1942 1006 1977 Praenestinus·
1027 1942 1160 1988 episco—

409 2005 470 2040 pus
491 2005 532 2027 ss.

459 2042 526 2088 Ego
548 2041 718 2088 episcopus
733 2040 838 2076 Guido
851 2039 1038 2074 Tiburtinus
1053 2039 1158 2074 subsc.

458 2091 528 2137 Ego
562 2090 745 2125 Bonifacius
781 2089 864 2125 card.
898 2089 1003 2137 presb.
1041 2089 1086 2123 tit.
1125 2088 1159 2122 S.

410 2139 506 2175 Marci
534 2152 576 2174 ss.

459 2189 527 2236 Ego
549 2188 722 2235 Gregorius
744 2188 828 2223 card.
858 2187 962 2235 presb.
989 2186 1039 2222 Ss.
1071 2186 1161 2233 Apo-

411 2239 562 2273 stolorum
591 2251 632 2273 ss.

461 2288 526 2334 Ego
554 2287 745 2322 Benedictus
771 2285 875 2334 presb.
904 2285 988 2320 card.
1020 2285 1066 2319 tit.
1095 2285 1163 2319 Eu-

412 2337 523 2372 doxiae
549 2349 592 2372 ss.

462 2386 530 2432 Ego
548 2385 715 2421 Conradus
734 2384 837 2432 presb.
856 2383 940 2418 card.
956 2383 1003 2418 tit.
1023 2382 1162 2417 Pastoris

413 2435 552 2479 interfui,
580 2442 610 2469 et
633 2447 674 2469 ss.

463 2484 529 2529 Ego
567 2483 756 2518 Deus-dedit
797 2482 934 2530 presbyt.
981 2480 1067 2516 card.
1113 2481 1159 2515 tit.

413 2532 541 2567 Damasi
564 2545 606 2566 ss.

464 2581 531 2629 Ego
540 2580 636 2616 Sasso
648 2581 750 2628 presb.
761 2580 845 2616 card.
856 2580 903 2615 tit.
912 2579 945 2615 S.
955 2578 1108 2625 Stephani
1120 2590 1161 2614 ss.

1255 366 1320 413 Ego
1334 366 1491 402 Iohannes
1513 366 1617 414 presb.
1635 367 1719 402 card.
1736 368 1781 402 tit.
1804 366 1838 402 S.
1855 366 1955 416 Chry·

1202 429 1312 464 sogoni
1340 429 1381 451 ss.

1250 467 1319 512 Ego
1335 465 1448 500 Petrus
1462 465 1564 512 presb.
1579 464 1664 500 card.
1677 465 1722 499 tit.
1733 465 1767 500 S.
1779 465 1891 500 Calixti
1909 478 1951 500 ss.

1250 516 1317 561 Ego
1336 513 1560 561 Petruspresb.
1571 514 1655 549 card.
1667 513 1754 549 tit.S.
1766 514 1900 549 Marcelli
1910 528 1951 550 ss.

1250 565 1317 611 Ego
1340 564 1442 610 Sigito
1465 563 1570 611 presb.
1601 563 1686 599 card.
1715 564 1762 598 tit.
1792 562 1842 598 Ss.
1867 564 1951 598 Mar-

1200 614 1305 650 cellini
1333 622 1363 648 et
1386 613 1471 648 Petri
1494 624 1536 648 SS.

1248 663 1315 710 Ego
1337 662 1513 710 Gregorius
1539 661 1641 708 presb.
1663 661 1747 697 card.
1773 662 1819 696 tit.
1841 661 1875 696 S.
1891 661 1953 698 Sa-

1201 712 1293 748 binae
1312 725 1354 748 ss.

1248 762 1316 808 Ego
1355 761 1515 796 Gerardus
1550 760 1654 808 presb.
1692 759 1776 795 card.
1812 760 1857 795 tit.
1899 760 1949 796 Ss.

1199 811 1334 858 Aquilae
1355 820 1385 845 et
1408 810 1533 846 Priscae
1555 822 1597 844 ss.

1248 860 1317 907 Ego
1350 859 1489 895 Ubertus
1524 859 1684 907 presbyter
1718 858 1802 894 eard.
1833 859 1878 893 tit.
1915 859 1948 894 S.

1199 909 1372 945 Clementis
1399 922 1441 944 ss.

1247 959 1315 1005 Ego
1350 958 1524 1005 Gregorius
1566 958 1600 993 S.
1646 957 1758 1004 Angeli
1793 957 1949 992 diaconus

1199 1008 1284 1042 card.
1313 1021 1355 1041 ss.

1248 1057 1314 1103 Ego
1337 1056 1501 1092 Romanus
1535 1057 1614 1091 diac.
1651 1056 1734 1091 card.
1770 1056 1804 1091 S.
1833 1056 1948 1091 Mariae

1199 1106 1228 1140 in
1257 1106 1386 1141 Porticu
1409 1119 1451 1141 ss.

1247 1155 1315 1201 Ego
1329 1155 1400 1201 Ugo
1416 1156 1566 1190 diaconus
1580 1154 1663 1189 card.
1678 1154 1713 1189 S.
1728 1153 1887 1189 Theodori
1903 1167 1944 1189 ss.

1246 1204 1315 1250 Ego
1336 1204 1520 1251 Stephanus
1541 1205 1619 1239 diac.
1654 1203 1739 1238 card.
1770 1203 1804 1238 S.
1832 1203 1948 1238 Mariae

1199 1254 1228 1288 in
1252 1254 1426 1288 Cosmedin
1449 1267 1491 1289 ss.

1246 1303 1313 1349 Ego
1336 1303 1493 1338 lohannes
1511 1303 1590 1337 diac.
1614 1301 1698 1337 card.
1721 1302 1755 1337 S.
1774 1301 1892 1336 Nicotai
1905 1314 1946 1337 ss.

1247 1352 1314 1398 Ego
1341 1352 1482 1399 Angelus
1504 1352 1582 1386 diac.
1604 1351 1689 1386 card.
1718 1352 1751 1386 S.
1776 1351 1891 1386 Mariae
1916 1351 1946 1386 in

1198 1401 1363 1436 Dominiea
1386 1415 1428 1437 ss.

1246 1450 1315 1496 Ego
1337 1451 1534 1499 Hiacynthus
1557 1451 1642 1498 prior
1663 1450 1806 1485 subdiac.
1841 1461 1948 1485 sacrae.

1199 1499 1346 1534 basilicae
1368 1513 1409 1534 ss.

1247 1549 1315 1595 Ego
1343 1549 1544 1584 Hermannus
1570 1561 1675 1584 sacrae
1707 1547 1854 1583 basilicae
1879 1547 1948 1583 sub-

1199 1598 1350 1632 diaconus
1372 1611 1413 1633 ss.

1247 1647 1470 1693 EgoNicolaus
1478 1659 1584 1682 sacrae
1593 1647 1740 1681 basilicae
1754 1645 1947 1681 subdiac.ss.

1247 1696 1314 1742 Ego
1346 1696 1463 1731 Silvius
1498 1697 1582 1744 prior
1615 1696 1883 1731 subdiaconorum
1909 1695 1949 1730 de

1199 1745 1303 1780 Cruce
1329 1758 1372 1780 ss.

1247 1795 1316 1841 Ego
1343 1795 1455 1830 Petrus
1485 1794 1698 1830 subdiaconus
1724 1793 1829 1829 subsc.

1248 1844 1317 1890 Ego
1339 1844 1470 1892 Caleph.
1493 1844 1635 1879 subdiac.
1662 1843 1849 1890 subscripsi.

1247 1893 1316 1940 Ego
1337 1894 1511 1928 Matthaeus
1532 1905 1639 1928 sacrae
1655 1893 1801 1927 basilicae
1822 1891 1947 1927 subdia-

1200 1955 1300 1978 conus
1322 1955 1364 1977 ss.

1248 1992 1318 2038 Ego
1344 1991 1477 2026 Ioannes
1511 1991 1751 2039 qualiscumque
1772 1989 1948 2025 subdiaco-

1202 2054 1262 2076 nus
1288 2054 1329 2075 ss.

1249 2091 1317 2136 Ego
1339 2090 1441 2125 Bosus
1462 2089 1602 2125 subdiac.
1625 2089 1703 2123 sacri
1726 2088 1833 2136 palatii
1860 2100 1902 2122 ss.

1250 2140 1318 2185 Ego
1339 2139 1501 2174 Gerardus
1523 2138 1666 2173 subdiac.

1250 2189 1319 2233 Ego
1334 2188 1515 2235 Stephanus
1536 2187 1614 2222 sacri
1629 2186 1733 2234 palatii
1749 2185 1891 2221 subdiac.
1906 2197 1949 2221 ss.

1250 2237 1319 2284 Ego
1336 2237 1519 2272 Bonifacius
1541 2236 1672 2271 clericus
1693 2248 1736 2270 ss.

1251 2287 1366 2322 Datum
1391 2286 1535 2321 Laterani
1559 2297 1613 2331 per
1636 2297 1763 2319 manum
1791 2283 1949 2331 Aymerici

1203 2344 1327 2371 sanctae
1350 2336 1510 2370 Romanae
1532 2334 1693 2369 Ecclesiae
1715 2333 1840 2368 diaconi
1863 2332 1948 2367 card.

1203 2395 1233 2421 et
1254 2385 1442 2425 cancellarii,
1464 2397 1514 2419 xu
1535 2384 1595 2418 kal.
1619 2384 1755 2429 augusti,
1777 2381 1884 2416 indict.
1903 2393 1950 2422 lv,

1204 2434 1426 2470 incarnationis
1452 2433 1629 2468 dominicae
1650 2444 1701 2466 an.
1722 2443 1857 2471 mcxxvt,
1877 2442 1951 2477 pon-

1203 2484 1339 2519 tificatus
1353 2491 1456 2518 autem
1469 2482 1506 2517 D.
1516 2481 1647 2516 Honorii
1659 2481 1764 2528 Papae
1773 2479 1802 2514 ΙΙ
1815 2492 1899 2514 anno
1913 2491 1950 2514 ιι.

1271 2541 1332 2571 Dat.
1355 2541 1401 2571 die
1419 2540 1454 2570 21
1479 2539 1543 2569 ³ulii
1563 2547 1639 2568 anno
1661 2536 1776 2567 Domini
1795 2535 1882 2573 1126,

1452 2582 1554 2624 pontif.
1573 2591 1648 2611 anno
1671 2589 1700 2611 ιι.
