2180 3205
182 306 231 331 An.
253 303 280 331 C.
301 304 365 332 1077

216 511 366 532 nonasterium

180 538 302 559 huiusmodi
327 539 365 557 sub

181 567 312 590 protecuone
328 564 366 584 Ss—

181 592 213 612 (ιιι
233 591 365 617 apostoticae

181 619 289 645 recipitur.

206 1053 299 1083 Eiusque
309 1053 365 1074 bona

188 1085 258 1100 omnia
291 1081 364 1102 confir·

178 1110 268 1128 mantnt.

206 1351 236 1372 De
247 1352 312 1374 libera
321 1359 363 1374 mo

178 1380 238 1409 τιτι-(·ιι.
250 1385 294 1401 rum
305 1386 363 1401 rece

178 1408 258 1431 phone.

203 1740 339 1760 Concessio:
331 1747 362 1761 se-

176 1766 268 1791 peliendi
285 1767 362 1787 ibidem

178 1796 344 1815 ιιιιιπιιι(ι5,ιιιι55
346 1800 362 1814 ιε

176 1821 263 1839 cantare
279 1836 283 1843 ,
307 1821 362 1840 elee-

175 1852 273 1872 mosynas
281 1848 360 1872 petere.

207 2079 319 2101 naci-etum
341 2086 362 2101 e

176 2108 301 2136 semptionis
336 2113 361 2128 ac

176 2136 320 2154 immunitatis.

451 285 496 318 92

397 348 470 383 tiam
494 347 575 382 beati
600 347 761 381 §lit-:tuens
785 346 988 389 :ssxitlianffeln
1012 347 1041 380 in
1057 347 1117 381 cui·
1113 359 1148 381 ι5

397 397 549 432 bonoram
575 395 760 430 venerabilis
783 395 872 429 locus
889 381 939 429 ille
958 395 1147 430 constitutus

396 455 453 485 est,
482 445 627 493 precibus
660 445 721 479 tuis
757 444 908 478 benevola
942 445 1146 479 concessione

395 494 599 530 annuendum
622 506 691 528 esse
713 493 949 528 destinavimus.
967 493 1147 540 Suscipien-

395 552 441 579 tes
463 544 558 590 igitur
580 542 753 590 praefatum
775 542 892 583 locum,
915 550 944 576 et
967 543 1070 577 onmia
1086 543 1143 577 sibi

394 592 605 639 pertinentia,
641 603 763 627 necnon
801 599 832 626 et
868 592 1143 638 congregationem

394 642 523 677 fratrum
547 641 625 675 inibi
641 641 708 676 Deo
722 640 940 682 servientium,
965 641 994 675 in
1015 641 1143 675 tutelam

393 699 422 725 et
445 690 663 726 defensionem
691 690 826 725 Sanctae
846 690 1010 725 Romanae
1031 690 1144 725 Eccle-

392 741 469 785 siae,
490 739 683 788 apostolicae
710 739 853 775 tuitionis
879 739 1077 786 privilegium
1106 752 1143 774 ex

392 802 440 830 ea,
467 802 562 837 quam
586 801 641 837 per
664 789 788 824 beatum
810 788 941 823 Petrum
960 788 1027 823 Deo
1041 788 1145 836 dispo-

393 847 487 873 nente
514 838 737 886 suscepimus,
759 838 963 878 auctoritate,
992 838 1144 872 concedi-

393 901 481 931 mtts;
516 887 742 923 confirmantes
772 895 803 922 et
833 887 1075 922 corr0b01antes
1103 887 1142 922 ei-

391 937 463 973 dem
500 937 671 973 venerabili
706 936 895 971 monasterio
934 948 1143 991 quaecunque

392 1000 477 1022 nunc
498 987 616 1022 suntin
632 987 723 1021 terris
739 986 830 1020 cultis
845 994 898 1020 aut
918 985 1055 1025 incultis,
1077 986 1142 1020 sive

392 1037 422 1071 in
458 1036 654 1084 quibuslibet
686 1035 782 1070 rebus
817 1034 989 1069 mobilibus
1015 1034 1061 1069 vel
1090 1035 1141 1069 im

390 1086 563 1120 mobilibus
597 1086 676 1120 iuste
707 1084 820 1125 babet,
856 1091 909 1118 ant
937 1083 1139 1130 imposterum

390 1135 458 1170 Deo
473 1134 646 1181 opitulante
660 1133 821 1181 acquirere
841 1133 963 1180 poterit,
984 1140 1141 1179 quatenus

390 1192 456 1219 tum
479 1184 516 1219 ad
540 1195 741 1219 communem
765 1194 858 1217 usum
889 1182 1043 1226 fr,atrnm
1073 1189 1138 1216 tum

390 1233 422 1268 in
458 1242 534 1275 tua,
573 1245 668 1281 quam
696 1232 728 1266 in
762 1243 983 1266 successoinm
1011 1238 1138 1266 tuorum

389 1283 597 1330 providentia
620 1289 650 1316 et
671 1293 808 1327 congrua
830 1280 1103 1328 dispensatione,
1097 1293 1140 1315 in-

389 1333 538 1367 convulsa
562 1331 742 1385 illibataque
768 1338 982 1377 permaneant.
1018 1329 1139 1364 Eadem

390 1382 602 1437 praesentium
620 1380 803 1415 aucto1itate
824 1381 996 1419 sancimus
1020 1387 1052 1413 nt
1073 1391 1139 1423 eos,

388 1443 442 1486 qni
472 1432 518 1478 pia
549 1430 715 1465 devotione
738 1437 768 1464 et
793 1441 899 1463 amore
921 1428 1063 1463 caelestis
1082 1441 1139 1475 pa-

388 1480 466 1514 triae
501 1480 619 1514 mundo
653 1478 916 1513 abrenunciantes
951 1477 1067 1512 ibidem
1100 1477 1137 1512 ad

390 1530 595 1564 monasticam
617 1528 712 1563 vitam
736 1527 920 1572 regulariter
941 1538 974 1561 se
996 1526 1139 1561 conferre

389 1578 555 1618 voluerint,
577 1578 645 1612 siue
667 1577 752 1612 omni
771 1563 1020 1611 contradictione
1037 1576 1139 1610 cuius-

389 1627 465 1662 libet
488 1639 612 1672 person
605 1639 663 1666 te
696 1626 735 1661 ab
756 1626 879 1666 abbate
912 1626 965 1672 qui
990 1637 1045 1671 pro
1065 1633 1140 1659 tem·

391 1689 466 1723 pote
489 1677 598 1717 suerit,
626 1676 819 1721 caeterisque
847 1674 1067 1713 const-auibus,
1094 1686 1139 1708 1·-e

388 1727 450 1772 cipi
474 1738 510 1760 ac
535 1725 632 1759 teneti
657 1725 746 1759 liceat
768 1727 811 1767 (tt
817 1724 1011 1758 .P1aeterea
1033 1724 1140 1757 statui-

389 1784 523 1814 11111s,et
547 1775 629 1809 iuxta
653 1774 736 1821 quod
761 1751 871 1812 bea-tus
888 1772 971 1818 Papa
987 1772 1139 1818 Aoapitus

389 1824 602 1871 praescripsit.
624 1823 709 1857 lirma
725 1822 944 1869 praeceptione
959 1834 1137 1862 censemus,

388 1881 423 1907 ut
453 1886 545 1908 nemo
569 1873 677 1907 lideles
699 1872 902 1911 christianos,
932 1871 963 1904 in
986 1879 1137 1905 monaste·

388 1922 435 1956 rio
463 1922 590 1969 sepeliri
626 1921 811 1968 cupientes,
847 1919 1061 1961 contradicat,
1091 1920 1138 1954 vel

388 1972 516 2006 missam
551 1971 656 2018 aliquo
692 1970 786 2004 modo
813 1978 938 2004 cantare
964 1969 1137 2015 probibeat,

388 2030 441 2054 aut
463 2021 700 2067 eleemosjnas,
734 2031 813 2064 quas
840 2019 978 2052 vivorum
1002 2027 1053 2052 aut
1082 2018 1139 2052 de-

393 2069 572 2104 functorum
596 2069 711 2116 aliquis
734 2069 849 2102 ibidem
873 2067 1052 2106 destinat-,it
1087 2077 1138 2101 ιιιιι

389 2132 445 2166 pro
467 2131 573 2153 amore
591 2118 647 2152 De
664 2117 876 2157 destinaveiit,
900 2116 973 2150 inde
993 2115 1137 2157 evellere,

389 2170 435 2202 vel
470 2169 575 2214 aliquo
610 2167 705 2202 modo
737 2166 922 2200 sulitralieie
950 2174 1136 2212 praesumat.

389 2216 421 2251 Si
447 2218 520 2264 quis
543 2229 615 2251 vero
638 2228 759 2262 regum,
782 2215 993 2256 sacerdotum,
1013 2215 1138 2249 clerico-

389 2280 472 2307 rum,
506 2266 665 2309 iudicum,
695 2278 730 2300 ac
752 2264 961 2299 saecularium
985 2276 1138 2311 persona—

389 2328 471 2359 rum,
495 2316 575 2350 lianc
596 2314 833 2350 constitutionis
854 2321 977 2348 nostrae
993 2314 1137 2360 paginam

388 2377 575 2411 agnoscens,
598 2372 704 2399 contia
732 2376 799 2398 eam
826 2363 933 2398 venire
955 2363 1138 2405 tentaveiffit

390 2414 555 2460 potestatis
578 2413 770 2460 honorisque
792 2413 838 2446 sui
862 2411 1014 2459 dignitate
1025 2419 1138 2451 eareat,

391 2475 542 2509 reumque
575 2475 608 2497 se
642 2462 750 2497 divino
785 2441 915 2496 iudicio0
936 2461 1069 2496 existere
1101 2460 1139 2494 de

391 2520 565 2558 perpetrata
598 2511 761 2558 iniquitate
795 2517 984 2558 cognoscam
1018 2518 1048 2544 et
1079 2509 1138 2544 nisi

390 2560 436 2595 vel
459 2572 506 2601 ea,
530 2572 611 2607 quae
633 2560 671 2594 ab
693 2560 746 2595 illo
766 2568 840 2595 sunt
862 2560 942 2594 male
963 2559 1074 2599 ablata,
1099 2571 1141 2593 re-

425 2634 464 2669 (1)
481 2634 650 2668 Privitegium
666 2634 699 2661 ab
719 2635 830 2669 Agapito
851 2635 873 2662 11
893 2634 953 2661 huic
980 2633 1140 2661 monasterio

389 2685 545 2709 concessum
562 2678 679 2705 nondum
695 2679 816 2714 legimus.

980 294 1136 316 nL11t111t
1142 294 1162 315 l!
1188 294 1348 315 tttxntxssml

1189 347 1348 384 stitueiit
1386 346 1430 380 vel
1467 346 1558 392 digna
1597 346 1788 392 poenitentia
1830 347 1938 384 illicite

1188 404 1254 430 aeta
1276 374 1446 435 itt—{timii
1473 408 1487 428 ιι
1511 395 1720 430 sacratissimo
1749 408 1881 443 corpore
1903 410 1939 433 ac

1188 458 1229 478 5ιιι
1233 458 1262 489 κ
1268 445 1341 478 nine
1370 444 1424 478 Dti
1449 452 1477 478 et
1494 443 1618 478 Domini
1636 444 1860 492 Redetnptoris
1879 456 1940 481 no-

1187 495 1241 528 stri
1265 494 1332 528 Iesu
1357 493 1473 527 Christi
1496 493 1617 527 alienus
1640 493 1702 537 fiat,
1721 501 1814 541 atque
1837 495 1937 530 inex-

1188 552 1285 578 tremo
1320 543 1464 577 examine
1496 542 1655 577 districtae
1692 542 1800 577 ultioni
1828 544 1937 580 subia-

1187 600 1265 626 ceat.
1312 592 1444 627 Cunctis
1470 600 1574 626 auten]
1611 591 1714 626 eidem
1750 592 1819 627 loco
1855 594 1938 630 iusta

1186 641 1381 676 servantibus
1409 642 1448 675 sit
1476 654 1534 688 pax
1571 640 1698 675 Domini
1728 642 1827 676 nostri
1863 642 1933 678 lesu

1185 690 1320 735 Christi,
1362 698 1395 725 ut
1428 691 1476 725 liic
1504 690 1639 725 fructum
1672 690 1774 725 bonae
1807 692 1938 727 actionis

1186 740 1380 787 percipiant,
1412 748 1441 774 et
1476 740 1567 795 apud.
1587 739 1764 774 dist1ictum
1796 739 1937 777 Iudicem

1186 801 1321 836 praem1a
1339 797 1483 824 aeternae
1501 790 1586 836 pacis
1607 789 1777 824 inveniant.
1802 788 1915 825 Amen.

1232 838 1347 872 Datum
1379 838 1556 874 Florentiae
1584 850 1618 872 tv
1645 838 1686 873 id.
1719 839 1844 884 augusti
1879 852 1934 887 per

1185 899 1296 922 manus
1310 887 1452 922 Cononis
1470 888 1638 923 cardinalis
1662 887 1834 935 presbyteri
1850 900 1934 924 anno

1183 936 1222 971 ab
1245 937 1457 972 incarnatione
1479 937 1605 972 Domini
1632 949 1782 977 ⁴uLxxvn,
1806 939 1935 984 pontili-

1183 994 1271 1020 catus
1293 998 1365 1021 vero
1393 986 1430 1020 D.
1459 986 1602 1033 Gregorii
1626 986 1681 1021 Vll
1705 986 1808 1033 Papae
1831 999 1861 1028 v,
1885 988 1933 1022 in-

1183 1034 1321 1070 dictione
1343 1048 1395 1069 xv.

1226 1092 1288 1122 Datt
1311 1092 1357 1123 die
1380 1093 1414 1123 10
1435 1093 1552 1130 augusti
1574 1102 1650 1122 anno
1669 1092 1786 1122 Domini
1808 1093 1893 1130 1077,

1437 1132 1538 1171 pontis.
1557 1142 1633 1162 anno
1651 1141 1675 1161 v.

1491 1277 1627 1312 XXXV.

1182 1355 1358 1389 Interdictio
1385 1355 1539 1388 canonicis
1565 1354 1599 1387 S.
1630 1354 1767 1387 Martini
1789 1354 1931 1387 Lucensis

1231 1406 1384 1438 Ecclesiae
1406 1406 1444 1437 nb
1467 1405 1594 1436 introitu
1614 1404 1743 1436 maioris
1766 1404 1930 1440 Ecclesiae,

1228 1456 1302 1498 qnia
1323 1454 1519 1486 canonicatus
1537 1460 1564 1485 et
1575 1453 1766 1497 praebendas
1784 1458 1929 1491 emerant,

1227 1515 1362 1547 quornm
1387 1504 1584 1536 retentionem
1600 1502 1739 1546 prohibet
1759 1502 1816 1544 (l).

1449 1574 1664 1605 SUMMARIUM

1180 1634 1317 1664 Canonici
1335 1633 1481 1663 Lucenses
1498 1636 1581 1662 antea
1595 1630 1736 1661 admoniti
1753 1641 1767 1660 a
1781 1630 1932 1676 Pontifice,

1219 1677 1408 1706 cossnmaces
1434 1673 1463 1702 in
1483 1681 1536 1701 sua
1561 1671 1812 1716 praevaricatione
1838 1671 1932 1716 persi-

1220 1718 1339 1749 stentes,
1359 1710 1535 1751 praebendis
1555 1716 1583 1741 et
1602 1711 1724 1740 introitu
1743 1710 1863 1740 maioris
1878 1709 1932 1740 Ec-

1219 1754 1279 1783 cles
1286 1754 1328 1782 iae
1348 1753 1511 1792 piitnnttu

1180 1815 1305 1853 Gregorius
1332 1814 1451 1853 episcopus
1480 1822 1557 1843 servus
1583 1821 1700 1842 servorum
1727 1811 1787 1850 net,
1816 1811 1934 1842 canonicis

1219 1860 1241 1888 S.
1259 1859 1350 1888 llartini
1373 1859 1481 1888 Lucensis
1499 1858 1626 1887 Ecclesiae.

1227 1921 1409 1956 Meminisse
1444 1920 1576 1961 debetis,
1611 1919 1778 1966 quotiens,
1801 1926 1832 1953 et
1859 1930 1931 1953 cum

1180 1978 1297 2018 quanta
1312 1982 1387 2005 cura
1405 1983 1457 2004 vos
1473 1969 1690 2004 monuetimus
1703 1967 1786 2015 apud
1801 1980 1856 2002 vos
1871 1980 1934 2002 ma-

1180 2028 1302 2059 nentes,
1326 2031 1364 2054 ne
1383 2027 1505 2054 terrena
1526 2018 1662 2066 peritura
1686 2017 1852 2052 commoda
1871 2029 1934 2051 ma-

1181 2070 1270 2110 ioiis,
1293 2081 1386 2116 qnam
1409 2068 1529 2103 animas
1551 2076 1687 2107 vestras,
1719 2067 1931 2110 aestimantes,

1181 2119 1219 2152 ita
1241 2131 1296 2153 vos
1318 2118 1355 2152 ad
1378 2117 1590 2152 obedientiam
1619 2116 1753 2151 iustitiae
1772 2115 1931 2150 exhibere

1181 2168 1241 2211 tis,
1269 2176 1302 2202 ut
1336 2167 1467 2201 ulterius
1503 2166 1562 2201 sub
1596 2164 1932 2201 excommunicationis

1182 2216 1328 2259 viuculo,
1350 2216 1461 2263 quod
1456 2229 1485 2250 m
1507 2215 1708 2262 acquiicndis
1729 2222 1840 2249 contra
1857 2226 1934 2260 apo-

1180 2266 1289 2301 stolica
1312 2266 1436 2300 decreta
1465 2264 1653 2312 praebendis
1680 2276 1734 2299 vos
1761 2263 1933 2298 incurrisse

1182 2315 1382 2350 manifestum
1408 2323 1490 2358 etat,
1516 2327 1577 2348 non
1605 2313 1840 2360 permaneretis.
1867 2311 1934 2346 Ve-

1182 2377 1262 2405 1um,
1286 2373 1319 2398 ut
1341 2365 1406 2411 ipsa
1429 2376 1478 2398 res
1500 2363 1633 2402 indicat,
1656 2362 1861 2397 substantiam
1885 2373 1931 2396 ve-

1181 2422 1283 2457 stiae,
1306 2414 1376 2448 licet
1402 2413 1544 2460 iniquae,
1579 2411 1788 2466 possessionis
1823 2410 1932 2457 pretio-

1181 2464 1315 2507 siorem‚
1344 2475 1437 2510 qnam
1467 2474 1521 2497 vos
1542 2462 1694 2516 metipsos
1720 2459 1843 2504 facins,
1878 2459 1933 2506 qui

1181 2512 1294 2559 spretis
1307 2511 1576 2546 admonitionibus
1594 2511 1720 2550 nostris,
1743 2517 1773 2544 et
1786 2515 1933 2543 contem-

1183 2569 1232 2608 pta
1248 2561 1415 2607 apostolica
1437 2557 1637 2598 auctoritate
1659 2571 1715 2606 pro
1737 2558 1832 2592 lucris
1854 2565 1931 2592 tem-

1183 2610 1360 2657 pomlibus,
1391 2618 1421 2644 et
1448 2609 1603 2657 explenda
1629 2606 1802 2656 cupiditate
1832 2614 1934 2642 vestra

1218 2675 1256 2710 (1)
1275 2675 1311 2702 Ex
1329 2674 1392 2702 edit.
1410 2674 1488 2702 Card.
1510 2673 1629 2701 Carasae.

1962 303 2011 330 An.
2031 303 2059 331 C.
2078 304 2143 332 1077

1973 366 2090 387 Anaihema
2096 372 2145 387 con·

1961 395 1992 413 tra
2010 393 2070 414 inohs
2072 399 2145 430 ervau·

1986 1936 2087 1957 canonici
2103 1936 2143 1956 Ln-

1959 1969 2008 1983 cens
2011 1965 2101 1983 esantea
2108 1963 2144 1982 ³1·-

1958 1989 2031 2041 {inomni
2046 1996 2058 2010 a
2073 1989 2143 2010 Ponti-

1974 2022 1997 2037 ee

1970 2339 2071 2360 Contnrna
2074 2346 2098 2360 ce
2101 2340 2140 2361 sin

1956 2371 1994 2386 sna
2005 2372 2096 2392 praei-ra
2099 2368 2116 2387 ic
2119 2373 2140 2387 a·

1956 2393 1999 2443 gig,
1988 2398 2013 2413 ne
2028 2399 2075 2419 pm
2067 2394 2141 2414 sisten-
