2180 3205
175 266 224 292 An.
244 264 273 291 C,
291 263 357 291 ¹098

209 449 359 471 xtenazierium

173 478 212 498 sub
228 476 358 503 protectione

174 504 236 525 Sedis
256 502 358 528 Apostoli·

174 536 212 550 cae
227 530 339 554 recipitur:

200 755 268 782 Eique
301 753 358 784 bona

180 788 250 802 Otila«
277 784 351 801 counr-

173 796 261 829 tuantur.

433 253 499 285 tet
972 258 1157 281 nrum-arn
1187 257 1345 279 notu-trra

381 314 584 363 Apostolicae
606 321 729 360 portum
754 311 958 358 confugiens,
980 313 1047 347 cius
1068 313 1130 347 tui·
1173 311 1313 346 Silvestri
1342 311 1380 345 de
1407 310 1584 354 Vallerana,
1617 309 1781 346 ecclesiam
1814 309 1922 345 Sancti

381 365 499 399 tionem
523 363 689 397 devotione
717 362 823 396 debita
855 361 1041 408 requisivit,
1072 373 1130 396 nos
1172 359 1367 406 Cucuphatis
1401 360 1440 394 de
1461 360 1554 400 Moia,
1581 367 1611 393 et
1637 359 1728 394 aliam
1756 360 1922 395 ecclesiam

381 411 604 459 supplicationi
645 420 715 445 tuae
749 411 919 445 clementer
948 410 1128 445 annuimus.
1171 409 1278 443 Sancti
1302 409 1499 455 Cucuphatis
1525 408 1564 443 de
1590 407 1735 454 Garriga,
1756 408 1922 443 ecclesiam

381 461 468 495 Beati
514 459 673 507 siquidem
717 458 915 507 Cucuphatis
954 459 1129 494 venerabile
1171 458 1279 492 Sancti
1315 457 1480 492 B‹·nedicti
1515 456 1555 491 de
1585 456 1728 503 Spiselis,
1755 457 1921 493 ecclesiam

380 510 608 544 monasterium
623 536 632 553 ,
655 509 706 544 cui
730 509 918 556 disponente
938 508 1076 543 Domino
1099 509 1129 542 iu
1171 507 1277 541 Sancti
1301 506 1453 553 Stephani
1482 505 1521 540 (16
1547 505 1730 550 Castelleto,
1757 506 1922 541 ecclesiam

379 558 524 593 abbatem
560 570 693 604 praeesse
722 557 929 604 dignosceris,
951 569 1020 598 nos,
1048 557 1129 591 iuxta
1171 555 1277 590 Sancti
1306 554 1416 590 Iuliani
1444 555 1483 589 de
1511 554 1625 589 Sancta
1657 554 1748 589 Oliva
1774 567 1846 590 cum
1867 566 1925 590 ca-

381 606 608 643 venerabilium
644 606 923 654 praedecessorum
952 614 1129 641 nostrorum
1171 605 1274 649 stello,
1297 604 1459 639 ecclesiam
1478 604 1585 638 Sancti
1600 603 1772 639 Salvatoris
1787 603 1923 638 Bacten-

380 657 553 704 exemplar,
580 656 640 691 sub
663 656 864 703 Apostolicae
896 655 990 691 Sedis
1022 663 1130 702 prote-
1171 654 1215 688 sis
1250 665 1323 688 cum
1359 652 1613 700 possessionibus
1651 661 1681 687 et
1721 652 1924 700 pertinentiis

379 706 486 741 ctione
522 705 699 753 specialiter
724 705 754 739 in
783 713 971 752 perpetuum
1004 716 1131 739 manere
1171 703 1261 747 suis,
1287 702 1452 737 ecclesiam
1486 701 1593 736 Sancti
1623 701 1706 736 Petri
1737 711 1768 737 et
1789 701 1924 736 Sanctae

379 755 558 796 sancimus3
585 762 615 790 et
642 762 703 789 tam
726 754 842 801 ipsum,
864 766 958 800 quam
985 754 1131 788 universa
1172 751 1284 786 Crucis
1317 751 1356 786 de
1381 750 1560 798 Masquefa,
1588 750 1752 786 ecclesiam
1787 750 1923 786 Sanctae

379 804 418 839 ad
435 804 538 851 ipsum
555 803 753 850 pertinentia,
774 802 827 837 tibi
846 803 971 849 tuisque
985 802 1132 848 legitimis
1171 800 1286 835 Mariae
1317 800 1357 835 de
1389 800 1582 847 Capelades.
1617 800 1781 835 ecclesiam
1814 799 1924 834 Sancti

381 852 617 888 successoribus
633 851 833 900 possidenda,
846 851 994 898 regenda,
1013 863 1049 886 ac
1067 851 1132 885 dis·
1171 849 1288 884 Felicis
1328 849 1367 883 de
1402 857 1503 884 castro
1544 848 1691 883 Odilione
1707 875 1716 894 ,
1756 848 1921 884 ecclesiam

382 902 529 949 ponenda
553 901 727 936 firmamus:
745 900 881 935 alodium
902 901 1034 941 scilicet,
1047 899 1132 947 quod
1173 898 1306 933 Sanctae
1332 898 1448 933 Mariae
1481 897 1521 933 de
1555 897 1683 933 castello
1711 898 1751 932 de
1778 897 1923 932 Clariana

382 951 414 986 in
445 950 626 987 monasterii
652 950 752 997 ipsius
774 949 893 984 ambitu
914 949 1131 984 circumsitum
1173 960 1245 982 cum
1284 949 1353 994 ipso
1391 947 1541 987 castello,
1580 947 1744 981 ecclesiam
1786 946 1923 982 Sanctae

381 1008 440 1045 est,
456 1012 528 1035 cum
543 999 673 1035 ecclesia
687 998 794 1033 Sancti
808 998 892 1033 Petri
909 1007 939 1033 et
954 997 1059 1032 Sancti
1074 997 1134 1032 Se-
1173 996 1290 1031 Mariae
1308 996 1346 1031 (16
1364 996 1549 1042 Aqualatam
1564 998 1619 1039 (t),
1635 996 1798 1030 ecclesiam
1814 995 1922 1030 Sancti

382 1049 460 1091 veri,
483 1061 555 1084 cum
577 1048 726 1083 omnibus
745 1047 860 1081 finibus
873 1046 1134 1094 pertinentiisque
1175 1045 1259 1079 Petri
1281 1045 1321 1079 de
1342 1045 1420 1083 Viri,
1447 1044 1609 1079 castellum
1637 1044 1743 1079 Sancti
1763 1044 1923 1079 Vincentii

382 1099 461 1143 suis,
492 1098 572 1132 sicut
598 1098 629 1132 in
653 1096 930 1144 praedecessorum
954 1103 1132 1130 nostrornm
1175 1106 1247 1128 cum
1262 1094 1328 1141 ipsa
1350 1093 1492 1135 ecclesia,
1515 1093 1676 1128 castellum
1693 1093 1731 1128 de
1748 1093 1924 1128 Albeniana

382 1147 558 1194 privilegiis
580 1147 775 1181 continetur:
805 1145 1031 1179 monasterium
1053 1143 1134 1179 San·
1176 1155 1247 1177 cum
1270 1143 1401 1177 ecclesia
1427 1154 1493 1186 sua,
1515 1141 1663 1177 ecclesias
1684 1142 1792 1177 Sancti
1807 1142 1926 1190 Sepul-

383 1204 451 1231 ctae
486 1195 644 1231 Caeciliae
680 1194 720 1229 de
760 1193 866 1228 Monte
902 1194 1028 1228 Serrato
1062 1205 1133 1228 cum
1176 1192 1241 1226 chri
1269 1199 1299 1226 et
1329 1191 1463 1226 Sanctae
1494 1191 1609 1226 Mariae
1642 1191 1681 1225 de
1703 1191 1823 1238 Aposta
1849 1203 1922 1226 cum

384 1244 528 1280 terminis
549 1252 578 1279 et
610 1243 863 1291 possessionibus
885 1251 915 1277 et
937 1242 1135 1289 pertinentiis
1176 1241 1332 1275 universis
1373 1240 1628 1287 possessionibus
1667 1247 1697 1274 et
1728 1240 1926 1287 pertinentiis

384 1293 467 1329 suis:
490 1293 655 1329 ecclesiam
677 1292 786 1328 Sancti
806 1291 968 1327 Laurentii
983 1299 1012 1326 et
1027 1291 1134 1325 Sancti
1155 1315 1157 1323 t
1176 1302 1297 1334 earum,
1319 1290 1467 1324 ecclesias
1494 1289 1601 1323 Sancti
1623 1289 1747 1323 Martini
1770 1297 1800 1324 et
1817 1289 1927 1324 Sancti

384 1342 562 1390 Stephani,
600 1354 681 1389 quae
708 1350 781 1376 sunt
814 1342 843 1375 iu
871 1349 1001 1381 monte,
1041 1352 1135 1387 quem
1155 1367 1157 1381 ,
1176 1338 1292 1374 Felicis
1314 1346 1344 1373 et
1365 1338 1472 1374 Sancti
1506 1338 1646 1382 Genesii,
1679 1350 1759 1384 quae
1787 1338 1923 1373 suntad

384 1392 494 1427 dicunt
532 1392 640 1427 Sancti
669 1390 856 1432 Laurentii,
892 1402 964 1425 cum
1003 1390 1136 1424 ecclesia
1155 1386 1158 1424 l
1178 1389 1277 1433 ipsam
1305 1396 1424 1422 curtem
1453 1387 1492 1422 de
1518 1387 1607 1428 Faio,
1629 1387 1794 1422 ecclesiam
1817 1387 1926 1423 Sancti

384 1440 491 1476 Sancti
507 1440 659 1488 Stephani
673 1448 703 1474 et
717 1439 879 1475 Castellari
894 1451 965 1473 Cum
982 1438 1135 1478 terminis,
1177 1436 1298 1471 Ginesii
1320 1446 1350 1471 et
1376 1436 1510 1471 Sanctae
1532 1436 1683 1480 Eulaliae,
1705 1449 1798 1483 quam
1817 1444 1927 1471 vocant

385 1491 581 1529 adiacentiis,
599 1488 854 1537 possessionibus
878 1487 1136 1534 pertinentiisque
1176 1485 1338 1532 Tapioles:
1360 1485 1517 1529 alodium,
1540 1486 1623 1532 quod
1651 1494 1698 1520 est
1719 1487 1798 1520 intra
1820 1497 1928 1520 muros

385 1540 469 1574 suis:
493 1539 659 1574 ecclesiam
681 1538 789 1573 Sancti
812 1537 900 1571 Pauli
923 1545 1009 1571 extra
1028 1548 1137 1570 muros
1178 1535 1309 1569 civitatis
1324 1534 1530 1575 Barcinonae,
1545 1534 1664 1569 scilicet
1678 1547 1751 1569 cum
1768 1534 1928 1579 domibus,

385 1587 582 1623 Barcinonae
605 1599 678 1622 cum
705 1586 819 1627 alodio,
841 1585 925 1633 quod
954 1585 996 1619 ibi
1024 1585 1138 1619 obtulit
1178 1583 1332 1624 curtibus,
1347 1583 1503 1624 hortibus,
1519 1591 1549 1617 et
1562 1583 1745 1623 hortalibus,
1759 1583 1806 1618 vel
1825 1595 1928 1630 quan-

387 1636 568 1672 Giribertus
594 1644 624 1671 et
657 1648 736 1670 uxor
767 1636 847 1675 eius,
878 1647 949 1669 cum
973 1634 1137 1678 omnibus,
1179 1642 1245 1668 tum
1269 1632 1347 1677 infra
1372 1633 1563 1667 territorium
1591 1632 1770 1679 praedictae
1795 1633 1930 1667 civitatis

387 1698 469 1733 quae
482 1686 577 1720 modo
591 1685 730 1732 possidet
748 1692 778 1720 et
799 1685 922 1718 inantea
938 1683 1136 1730 acquisierit:
1179 1681 1353 1729 praefatum
1389 1681 1613 1716 monasterium
1647 1681 1762 1716 habere
1789 1681 1927 1716 videtur:

387 1735 552 1770 ecclesiam
567 1734 701 1769 Sanctae
723 1733 839 1768 Mariae
856 1733 894 1767 de
908 1732 1010 1767 Fonte
1025 1731 1138 1766 Rubea
1157 1727 1160 1767 1
1179 1731 1331 1771 alodium,
1353 1730 1438 1777 quod
1461 1739 1508 1765 est
1534 1730 1612 1764 infra
1636 1731 1786 1765 terminos
1808 1729 1847 1764 de
1869 1742 1929 1765 ca-

388 1796 460 1818 cum
488 1784 611 1825 alodio,
644 1782 728 1830 quod
764 1782 807 1817 ibi
835 1782 948 1816 obtulit
985 1781 1139 1816 Geraldns
1157 1774 1161 1821 l
1180 1788 1244 1815 stro
1266 1779 1367 1814 Fonte
1389 1779 1512 1823 Rubea,
1535 1787 1564 1814 et
1585 1779 1624 1814 de
1645 1779 1752 1814 Monte
1770 1778 1883 1819 Acuto,
1897 1786 1928 1813 et

386 1832 536 1867 Mironis:
563 1832 728 1867 ecclesiam
751 1831 858 1866 Sancti
886 1830 969 1865 Petri
999 1830 1038 1864 de
1066 1829 1161 1876 Cla-1
1180 1829 1220 1863 (16
1255 1829 1398 1868 Piniana,
1433 1838 1463 1863 et
1489 1828 1528 1863 de
1555 1828 1680 1867 Carolo,
1703 1837 1732 1863 et
1761 1828 1801 1863 de
1826 1836 1928 1863 castro

386 1881 665 1926 rian0,ecclesiam
681 1881 788 1915 Sancti
802 1880 957 1914 Vincentii
975 1879 1014 1913 de
1031 1879 1140 1925 Aqua·
1158 1879 1161 1912 i
1181 1878 1284 1920 Virili,
1306 1878 1442 1912 alodium
1463 1877 1502 1912 de
1520 1877 1635 1912 Olorda
1657 1889 1729 1911 cum
1751 1877 1817 1923 ipsa
1833 1886 1928 1921 turre,

387 1931 482 1973 Alba,
499 1931 664 1965 ecclesiam
691 1930 825 1964 Sanctae
851 1928 966 1962 Mariae
989 1936 1018 1961 et
1034 1927 1140 1962 Sancti
1159 1915 1162 1980 ξ
1181 1934 1211 1961 et
1232 1926 1383 1970 alodium,
1409 1926 1493 1973 qnod
1515 1934 1561 1961 est
1588 1926 1619 1960 in
1646 1926 1831 1960 duodecima
1863 1926 1930 1960 sive

387 1979 543 2026 Stephani
561 1979 600 2013 de
614 1978 745 2019 Palatio,
761 1977 925 2013 ecclesiam
944 1976 1051 2011 Sancti
1073 1975 1141 2010 Cu-
1160 1981 1162 1992 ³
1183 1976 1212 2009 in
1247 1975 1384 2009 Misano:
1421 1975 1559 2009 alodium
1575 2003 1583 2015 ,
1611 1976 1695 2021 quod
1723 1974 1816 2009 habet
1850 1974 1929 2009 infra

388 2028 533 2074 cuphatis
552 2028 591 2062 de
610 2027 734 2068 Rifano,
749 2027 914 2061 ecclesiam
936 2025 1044 2060 Sancti
1066 2024 1141 2059 Ste—
1159 2007 1162 2052 1
1183 2025 1350 2059 terminum
1378 2024 1417 2058 de
1438 2024 1591 2068 Terraria,
1624 2031 1654 2058 ct
1681 2024 1720 2058 de
1745 2023 1929 2065 Castellaro,

389 2076 537 2124 phanide
549 2076 721 2122 Rivipullo,
734 2076 898 2110 ecclesiam
914 2074 1019 2109 Sancti
1033 2074 1140 2108 Afiseli
1160 2055 1163 2129 ξ
1182 2081 1212 2107 et
1239 2074 1268 2107 in
1303 2074 1456 2113 Arraona,
1490 2082 1519 2107 et
1546 2074 1575 2107 in
1604 2072 1800 2113 Barbarano,
1827 2080 1858 2107 et
1890 2072 1930 2107 de

389 2125 429 2160 de
452 2125 522 2159 villa
543 2125 663 2165 Auziri,
686 2124 851 2159 ecclesiam
878 2123 985 2158 Sancti
1013 2123 1139 2157 Martini
1160 2130 1163 2166 1
1183 2121 1295 2168 palatio
1316 2122 1417 2161 Ausit,
1440 2130 1470 2156 et
1496 2122 1535 2156 de
1562 2122 1675 2168 palatio
1708 2121 1866 2165 Salatano,
1898 2129 1930 2156 et

390 2183 421 2209 et
442 2175 550 2209 Sancti
572 2174 708 2208 Romani
731 2174 770 2208 de
792 2173 899 2207 Monte
921 2172 1013 2213 Gato,
1036 2172 1142 2206 eccle-
1160 2168 1163 2221 ᾗ
1184 2172 1214 2205 in
1240 2171 1309 2205 villa
1331 2171 1370 2206 de
1403 2171 1547 2216 Mcgoda,
1579 2178 1609 2205 et
1635 2170 1674 2204 de
1695 2170 1822 2210 Moleto,
1845 2178 1875 2205 et
1897 2170 1930 2204 in

390 2223 469 2258 siam
490 2223 595 2258 Sancti
619 2222 732 2257 Felicis
758 2222 796 2256 de
819 2221 1014 2265 Castellario,
1040 2220 1143 2255 eccle·
1161 2224 1163 2263 j
1185 2219 1298 2266 palatio
1325 2220 1363 2254 de
1389 2220 1492 2263 Aries,
1514 2228 1545 2254 et
1566 2220 1597 2253 in
1616 2219 1744 2254 Lisiano
1766 2219 1931 2266 superiore

390 2272 468 2306 siam
496 2272 603 2307 Sancti
632 2271 809 2306 Sebastiani
836 2270 875 2305 de
897 2269 1142 2304 Monte-Maiore
1161 2265 1164 2278 '
1183 2276 1213 2303 et
1235 2269 1394 2312 inferiore,
1421 2277 1451 2303 et
1473 2269 1503 2303 in
1526 2268 1688 2316 parrochia
1715 2268 1754 2303 de
1782 2268 1930 2307 Parietes,

391 2332 464 2355 cum
487 2321 556 2368 ipso
584 2329 700 2361 monte,
727 2319 892 2354 ecclesiam
916 2319 1049 2353 Sanctae
1075 2318 1143 2352 Ma-
1161 2305 1165 2363 l
1183 2327 1214 2352 et
1240 2317 1279 2352 de
1314 2317 1484 2364 Gallegos‚
1510 2326 1541 2352 et
1565 2317 1800 2362 Palegarnanis,
1835 2324 1866 2351 et
1891 2316 1931 2351 de

391 2370 456 2404 riae
477 2370 515 2404 de
533 2369 697 2413 Toledolo,
719 2369 882 2403 ecclesiam
906 2367 1014 2402 Sancti
1027 2367 1144 2402 Felicis
1162 2367 1165 2397 1
1183 2366 1310 2401 Petiaco
1325 2393 1334 2410 ,
1360 2367 1444 2413 quod
1479 2366 1588 2401 dicunt
1614 2365 1904 2400 Bellum-Disinum
1921 2392 1930 2406 ,

393 2418 433 2452 de
459 2419 530 2453 villa
568 2418 606 2453 de
638 2417 770 2452 Milanes
787 2445 795 2459 ,
827 2417 976 2452 ecclesias
1008 2416 1144 2451 Sanctae
1163 2436 1165 2475 1
1184 2423 1214 2450 et
1236 2415 1275 2450 de
1300 2415 1466 2454 Petilona,
1493 2423 1524 2450 et
1554 2415 1593 2449 de
1624 2414 1803 2458 Palumhar,
1836 2423 1866 2448 et
1892 2414 1931 2448 de

393 2466 510 2502 Mariae
545 2475 574 2501 et
600 2467 708 2502 Sancti
745 2466 854 2507 Petri,
888 2465 973 2512 quod
1007 2473 1142 2499 castrum
1163 2479 1166 2539 ι
1185 2464 1283 2507 Orto,
1309 2472 1340 2498 et
1366 2464 1406 2499 (16
1438 2463 1607 2511 Rivopullo
1623 2490 1631 2503 ,
1665 2471 1696 2497 et
1716 2463 1754 2497 de
1788 2462 1866 2497 valle
1891 2463 1932 2497 de

393 2514 484 2550 Felix
505 2515 643 2559 dicitur,
669 2515 834 2550 ecclesiam
866 2514 1001 2549 Sanctae
1029 2513 1145 2548 Mariae
1184 2512 1316 2553 Ariolfo,
1339 2520 1370 2547 et
1391 2513 1430 2547 de
1451 2512 1666 2554 Grannlarios,
1689 2511 1775 2546 etde
1796 2511 1931 2553 Lerona,

396 2572 427 2598 et
453 2564 560 2599 Sancti
588 2564 749 2604 Iohannis,
776 2564 860 2610 quod
887 2562 1144 2598 Monasteriolum
1163 2543 1166 2588 1
1185 2569 1216 2596 et
1250 2562 1288 2596 de
1314 2561 1484 2602 Meserata,
1510 2569 1541 2596 et
1566 2561 1605 2596 de
1638 2560 1809 2604 samatus,
1840 2559 1931 2596 etde

395 2620 520 2660 vocant,
533 2613 698 2649 ecclesiam
712 2614 847 2648 Sanctae
862 2611 973 2648 Crucis
991 2619 1022 2647 et
1035 2611 1145 2647 Sancti
1162 2590 1170 2673 1
1221 2622 1260 2659 (t)
1276 2623 1343 2659 Lege
1362 2624 1505 2656 Aquatata.

1942 251 1992 278 An.
2013 249 2041 278 C.
2057 249 2126 278 ¹098
2178 251 2180 279 1
