2180 3205
166 265 215 293 An.
232 264 260 292 C.
283 262 351 292 ¹086

171 1074 192 1093 et
209 1078 263 1099 quae
281 1072 356 1093 defini·

434 234 502 270 110

373 313 456 341 nem,
483 312 578 348 quain
595 297 706 333 iustius
722 296 895 343 potuimus,
923 295 1020 338 hanc,
1042 306 1122 343 quae

371 354 593 393 subscribitur,
617 352 836 387 diffinitionem
861 350 1028 385 invenisse.
1060 349 1122 383 Ar-

373 407 595 454 chiepiscopus
629 404 787 452 siquidem
821 412 924 439 vester
948 403 1122 439 Ecclesiam

373 461 591 495 Turonensem
621 459 670 493 ius
693 471 785 493 suum
809 458 838 492 in
860 458 1023 493 Britannia
1047 470 1124 504 per—

373 514 490 549 didisse
511 524 731 560 conquerens,
755 511 969 560 Romanorum
992 510 1125 546 Pontifi-

373 580 445 603 cum
468 567 688 602 auctoritatem
711 566 742 600 in
767 565 905 600 medium
924 565 1024 603 duxit,
1046 576 1125 612 quae

375 621 544 668 praecipue
575 619 686 665 probat
716 619 912 654 Britanniam
947 618 1124 653 Turonensi

373 674 545 715 Ecclesiae,
565 672 833 721 quemadmodum
860 672 1014 719 spirituali
1037 671 1125 706 matri

375 737 405 763 et
427 728 593 775 metropoli
621 739 696 762 suae
723 727 951 761 subiectionem
980 733 1010 760 et
1038 737 1128 760 reve-

376 782 508 817 rentiam
531 781 655 816 debere.
681 780 831 815 Dolensis
860 791 932 813 vero
959 779 1129 826 episcopus

378 849 439 871 non
463 836 565 871 solum
600 835 819 870 auctoritatem
850 833 1029 868 audientiae
1066 845 1130 867 no-

380 898 462 924 strae
500 901 564 924 non
599 887 757 931 exhibuit,
794 899 900 921 verum
937 886 1030 921 etiam
1064 886 1130 933 ipsa

377 943 473 989 ,verba
496 955 552 977 sua
574 942 611 977 ad
640 941 857 976 defensionem
881 940 1018 987 prolata,
1047 940 1130 974 nulla

379 997 579 1035 certitudine,
607 996 657 1030 cui
694 995 770 1029 fides
797 994 899 1029 danda
922 1002 1022 1033 esset,
1057 993 1131 1027 fulta

380 1051 575 1086 videbantur.
609 1049 742 1089 Tamen,
774 1047 845 1095 qnia
875 1047 906 1081 in
943 1047 1036 1093 patria
1077 1057 1132 1080 sua

380 1104 537 1152 quandam
560 1102 778 1138 auctoritatem
801 1112 835 1135 se
860 1099 1025 1146 reliquisse
1047 1110 1134 1133 asse-

380 1159 477 1202 rebat,
499 1157 602 1192 visum
626 1155 716 1190 nobis
743 1154 815 1195 suit,
842 1162 875 1188 ut
897 1153 935 1188 ad
961 1160 1134 1187 retractan-

381 1212 456 1246 dum
481 1210 641 1257 negotium
680 1208 756 1243 illud
797 1207 943 1242 induciae
973 1207 1134 1248 darentur,

381 1274 411 1301 et
433 1278 487 1312 pro
509 1265 579 1308 hac,
606 1263 740 1311 aliisque
775 1262 879 1296 causis
909 1260 1021 1306 Legati
1045 1259 1133 1306 *xpo-

382 1319 510 1355 stolicae
543 1317 655 1357 Sedis,
694 1316 922 1362 dirigerentur,
953 1323 985 1349 ut
1019 1313 1134 1348 auditis

387 1374 550 1420 utriusque
569 1371 665 1419 partis
687 1369 871 1409 rationibus,
891 1369 915 1403 si
932 1367 1136 1414 cognoverint

387 1428 557 1462 Britannos
578 1425 794 1460 auctoritatem
815 1422 1026 1457 authenticam
1047 1421 1136 1467 Atio-

386 1481 515 1516 stolicae
541 1479 645 1517 Sedis,
678 1477 825 1512 videlicet
860 1488 968 1511 eorum
1001 1474 1136 1509 Pontifi-

384 1546 468 1577 cum,
490 1545 625 1580 quornm
652 1531 818 1575 ordinatio,
853 1538 884 1565 et
906 1530 965 1564 vita
990 1528 1084 1575 digna
1107 1537 1136 1563 et

384 1586 493 1633 legalis
515 1585 620 1625 suerit,
649 1584 781 1624 habere,
818 1595 874 1630 per
900 1595 992 1630 quam
1018 1583 1137 1629 possint

385 1652 419 1675 se
452 1652 469 1674 a
496 1639 692 1674 subiectione
730 1637 908 1685 praedictae
941 1636 1138 1670 Turonensis

384 1693 544 1728 Ecclesiae
559 1692 755 1736 subtrahere,
779 1691 877 1738 quieti
898 1690 1049 1736 deinceps
1069 1703 1134 1737 per-

387 1755 532 1782 maneant
555 1747 586 1780 in
608 1758 664 1781 sua
694 1745 848 1780 libertate.
883 1744 978 1786 Quod
1007 1745 1031 1778 si
1055 1756 1136 1778 con-

387 1800 502 1846 tigerit,
524 1811 580 1835 eos
598 1799 692 1833 huius
707 1798 912 1839 auctoritatis,
934 1810 1027 1845 quam
1045 1798 1138 1832 modo

387 1854 536 1899 diximus,
559 1865 621 1887 non
645 1864 737 1900 posse
760 1853 874 1887 habere
896 1852 1136 1893 defensionem,

389 1907 492 1954 sopita
505 1906 657 1953 deinceps
678 1915 708 1941 et
731 1907 759 1941 in
783 1914 946 1941 aeternum
968 1906 1052 1939 omni
1068 1917 1141 1939 con-

391 1960 553 2001 troversia,
569 1959 787 1995 Turonensem
812 1960 986 1995 Ecclesiam
1009 1967 1139 1993 matrem

392 2022 422 2049 et
459 2013 657 2060 metropolim
696 2026 784 2048 suam
825 2021 1069 2061 recognoscant:
1111 2021 1142 2046 et

391 2080 471 2108 eam,
495 2079 575 2115 quae
597 2067 686 2102 decet
709 2067 996 2114 metropolitanum,
1018 2066 1143 2101 archie-

392 2122 524 2169 piscopo
549 2129 652 2156 vestro
675 2121 905 2156 subiectionem
932 2129 962 2155 et
989 2120 1143 2155 obedien-

360 2187 366 2193 ·
393 2176 468 2211 tiam
485 2175 662 2216 exhibeant,
679 2184 835 2211 reservato
848 2175 976 2210 Dolensi
993 2175 1142 2222 episcopo

395 2229 479 2277 pallii
503 2241 578 2270 usu,
602 2230 641 2263 ita
679 2239 794 2270 tamen,
832 2237 864 2263 ut
887 2228 992 2263 nullus
1014 2241 1142 2263 succes·

393 2296 499 2319 sorum
517 2295 646 2318 suorum
669 2283 776 2331 aliquo
799 2283 828 2317 in
846 2291 987 2330 tempore
1009 2283 1046 2317 ad
1064 2282 1144 2317 hanc

395 2337 579 2384 dignitatem
607 2337 723 2383 aspiret
744 2337 842 2381 (sicut
864 2349 957 2384 supra
973 2337 1144 2377 diximus),

395 2399 456 2424 tam
494 2389 554 2436 ipsi
592 2390 737 2425 videlicet
775 2390 804 2424 in
841 2390 979 2425 Ecclesia
1015 2390 1143 2424 Dolensi

396 2443 618 2485 constituendi,
645 2455 737 2491 qnam
761 2444 854 2477 etiam
877 2443 991 2477 caeteri
1019 2442 1144 2477 Britan-

397 2499 466 2532 niae
488 2497 624 2544 episcopi
655 2498 832 2541 magisterio
865 2497 1061 2531 Turonensis
1092 2508 1144 2530 ar-

398 2551 590 2598 chiepiscopi
624 2551 654 2584 in
687 2558 875 2597 perpetuum
909 2550 1024 2585 subditi
1062 2561 1146 2596 pcr—

399 2611 558 2639 maneant.

979 238 1059 261 nrm.
1068 238 1165 260 imm!
1195 234 1356 259 ROHANL'M

1221 292 1291 328 Dat.
1315 291 1436 326 Romae
1458 302 1518 326 vni
1546 289 1617 325 idus
1639 289 1782 331 martias,
1809 288 1921 326 indict.

1166 343 1261 378 tei-tia
1286 345 1340 384 (t).

1229 399 1289 429 Dat.
1309 398 1355 428 die
1375 397 1392 427 8
1411 397 1509 427 martii
1528 405 1605 426 anno
1633 395 1749 426 Domini
1773 395 1861 433 1080,

1458 440 1561 480 pontif.
1583 448 1633 470 vu.

1514 553 1579 589 LII.

1173 629 1376 663 Cmnminatio
1406 638 1578 672 poenarum
1611 632 1718 660 contra
1756 626 1922 668 detinentes

1218 680 1297 712 bona
1323 677 1501 710 monasterii
1527 675 1770 713 Aureliacensis,
1799 676 1858 708 ni'si
1886 686 1922 707 ea

1218 729 1390 764 restituant,
1420 727 1505 759 cuius
1531 726 1636 769 favore
1658 725 1860 769 confirmatur
1881 735 1924 756 re-

1219 777 1332 820 futatio
1365 775 1543 809 monasterii
1581 775 1751 812 Viacensis,
1784 774 1823 806 ab
1858 773 1922 806 σίας

1219 826 1408 870 principibus
1440 826 1472 857 in
1493 835 1587 857 υιαηιι
1613 823 1733 856 abbatis
1752 818 1840 867 facta
1863 822 1924 865 (2).

1438 887 1652 919 smutstnltot

1174 946 1271 976 Series
1294 947 1372 976 facti.
1403 963 1443 968 —
1473 945 1683 974 Aureliacense
1712 943 1925 974 monasterium

1214 987 1288 1016 iuris
1318 986 1347 1016 S.
1380 985 1468 1015 Petri.
1489 1002 1528 1006 —
1551 984 1705 1023 Praecipit,
1728 988 1760 1013 ut
1781 984 1926 1013 beneficia

1214 1026 1249 1055 ab
1266 1026 1367 1055 eodem
1393 1024 1571 1054 monasterio
1604 1024 1697 1054 ablata
1724 1024 1927 1058 restituantur,

1214 1071 1242 1095 et
1265 1065 1439 1104 obsequium
1459 1068 1486 1093 et
1509 1064 1635 1093 fidelitas
1659 1063 1758 1093 abbati
1784 1063 1927 1093 exhibea-

1215 1110 1270 1134 tur.
1301 1121 1341 1127 —
1365 1104 1419 1140 Qui
1442 1103 1560 1133 nonnisi
1591 1112 1683 1132 unuin
1713 1112 1849 1132 mansum
1874 1102 1927 1132 ulli

1216 1145 1302 1173 militi
1316 1144 1351 1173 (le
1365 1144 1552 1182 possessione
1568 1142 1718 1172 Ecclesiae
1736 1143 1806 1172 dare
1826 1142 1928 1180 possit.

1214 1200 1253 1205 —
1285 1183 1385 1212 Eidem
1415 1183 1528 1212 restitui
1562 1182 1703 1220 praecipit
1731 1181 1930 1211 Maurzicense

1216 1224 1437 1259 monasterium,
1459 1231 1525 1251 eum
1546 1221 1681 1251 ecclesiis
1698 1230 1731 1250 ac
1742 1221 1928 1260 pertinentiis

1216 1263 1364 1292 omnihus.
1386 1279 1426 1284 —
1442 1261 1601 1291 Confirmat
1614 1261 1786 1290 monasterii
1806 1260 1930 1290 Viacen-

1217 1304 1258 1332 sis
1278 1303 1483 1332 refutationem
1504 1311 1519 1331 a
1539 1301 1671 1340 principe
1694 1302 1723 1330 in
1753 1310 1842 1330 manu
1873 1300 1930 1329 ab·

1216 1343 1292 1372 hatis
1315 1351 1464 1371 consensu
1487 1341 1619 1380 episcopi
1637 1345 1664 1370 et
1686 1340 1864 1370 clericorum
1880 1339 1927 1369 sa·-

1217 1387 1302 1412 ctam.

1178 1439 1303 1477 Gregorius
1321 1439 1439 1477 episeopus
1457 1446 1534 1467 servus
1556 1445 1672 1466 sertorum
1695 1436 1746 1474 Dei,
1774 1435 1881 1466 omnibns
1907 1436 1931 1465 in

1218 1483 1367 1520 Bituriccnsi,
1402 1491 1491 1511 necnon
1518 1481 1671 1514 Narbonensi,
1693 1489 1733 1509 scu
1761 1480 1932 1519 Burdegalensi

1218 1528 1340 1566 provinciis
1361 1527 1505 1563 constitutis,
1538 1525 1640 1563 exeeptis
1667 1523 1720 1561 his,
1743 1524 1781 1562 qni
1803 1524 1932 1562 apostolica

1219 1572 1458 1601 cxrtnnmnnicatione
1474 1573 1591 1607 tenentur,
1615 1568 1715 1598 satutem
1733 1572 1756 1597 ct
1779 1568 1932 1607 apostolicam

1219 1616 1417 1646 benedictionem.

1229 1673 1356 1708 Clamor
1374 1672 1495 1707 abbatis
1513 1670 1747 1706 Aurelianensis
1770 1669 1928 1712 coenobii,

1180 1723 1264 1770 quot]
1295 1722 1410 1770 proprii
1437 1722 1515 1756 iuris
1540 1721 1577 1755 Β.
1609 1720 1694 1755 Petri
1725 1719 1933 1754 concessione

1181 1772 1372 1816 fundatoris,
1399 1771 1518 1806 scilicet
1548 1770 1586 1804 Β.
1615 1769 1762 1813 Geraldi,
1789 1780 1858 1803 esse
1881 1768 1930 1803 di-

1180 1822 1338 1862 noscitur,
1370 1820 1499 1855 auribns
1525 1819 1639 1854 nostris
1673 1818 1847 1859 insonavit,
1885 1817 1934 1852 vi-

1182 1871 1294 1905 delieet
1331 1882 1426 1916 super
1456 1868 1646 1916 quibusdam
1675 1867 1840 1914 personis,
1878 1866 1934 1914 qui

1182 1920 1296 1954 iniuste
1319 1919 1458 1954 detinent
1483 1917 1633 1952 beneficia
1648 1916 1796 1964 praedicti
1818 1928 1933 1950 mona-

1182 1969 1265 2004 sterii
1292 1981 1308 2003 a
1333 1967 1626 2015 praedecessoribus
1652 1966 1718 2000 suis
1739 1965 1799 2000 snb
1827 1964 1933 2000 fideli-

1183 2026 1243 2053 tate
1266 2026 1295 2052 et
1316 2017 1456 2051 dominio
1479 2029 1534 2063 pro
1553 2015 1734 2050 defensione
1756 2014 1934 2061 Ecclesiae,

1183 2067 1242 2102 sibi
1263 2076 1293 2101 et
1315 2067 1380 2101 suis
1399 2065 1649 2100 antecessoribus
1671 2064 1746 2098 olim
1769 2075 1933 2098 concessa.

1185 2116 1356 2163 Praecipue
1389 2115 1592 2162 conqueritur
1620 2125 1715 2160 super
1740 2112 1934 2158 Berengario

1184 2165 1358 2200 Cat-latensi
1381 2165 1580 2204 vicecomite,
1613 2164 1665 2210 qui
1690 2162 1814 2209 propria
1842 2161 1935 2207 eupi-

1185 2215 1280 2249 ditate
1301 2214 1426 2253 ductus,
1449 2213 1591 2247 debitum
1614 2212 1774 2247 servitium
1802 2218 1833 2245 et
1847 2210 1935 2245 fide-

1185 2265 1300 2298 litatem
1323 2263 1425 2298 abbati
1447 2262 1596 2296 exhibere
1619 2271 1722 2307 negat,
1745 2260 1804 2294 nisi
1833 2259 1934 2294 bene-

1186 2314 1313 2357 ficium,
1348 2311 1434 2360 quod
1469 2311 1625 2346 immerito
1659 2311 1798 2353 detinet,
1829 2308 1936 2344 adhuc

1222 2378 1260 2413 (t)
1277 2378 1429 2405 Notandum
1450 2377 1491 2407 hic
1510 2385 1524 2403 a
1549 2375 1678 2410 Gregorio
1694 2375 1743 2401 PP.
1764 2382 1794 2401 ea
1814 2373 1938 2407 rescindi,

1188 2418 1338 2453 irritarique
1357 2418 1510 2453 privilegia,
1538 2424 1607 2451 quae
1625 2415 1657 2442 ad
1684 2413 1862 2441 conciliandos
1888 2413 1940 2440 sibi

1188 2466 1290 2491 regum,
1307 2459 1504 2492 episcoporum,
1525 2456 1740 2491 populorumque
1764 2454 1866 2480 animos
1885 2453 1940 2480 cal-

1188 2498 1239 2523 lida
1256 2497 1420 2528 liberalitate,
1439 2500 1519 2531 atque
1534 2496 1612 2522 etiam
1628 2498 1720 2521 contra
1732 2493 1812 2528 leges,
1824 2500 1872 2519 nec
1882 2492 1940 2519 sine

1188 2537 1299 2563 aliorum
1324 2536 1484 2571 praeiudicio
1514 2537 1698 2562 concesserant
1723 2532 1939 2568 pseudo-papae,

1188 2585 1301 2608 quornm
1318 2578 1449 2602 ordinatio
1466 2579 1489 2600 ct
1506 2577 1560 2600 vita
1579 2575 1658 2605 ‹liwm
1675 2577 1697 2598 ct
1716 2573 1804 2604 inutilis
1814 2579 1872 2599 esse
1887 2579 1940 2598 nou

1189 2619 1301 2651 poterat.
1340 2616 1379 2650 (2)
1399 2615 1438 2641 Ex
1454 2614 1518 2641 edit.
1540 2612 1614 2640 card.
1635 2611 1752 2640 Carasae.

1942 245 1993 274 An.
2011 244 2041 273 C.
2057 245 2124 274 1080
2154 243 2180 275 ›r-

1981 1685 2053 1707 Seriet
2073 1685 2130 1707 sacti.

1991 1738 2140 1768 Aureliocense

1954 1767 2105 1786 monasterium
2111 1770 2142 1786 iu·

1954 1792 1983 1813 ris
1999 1791 2022 1812 S,
2037 1791 2102 1818 Petri.
