2180 3205
37 242 85 269 An.
105 242 134 269 «2.
154 242 219 269 ΜΠ.)

57 698 178 722 Exordium.

66 1631 206 1653 Rornanorum

22 1657 146 1679 Pontificum
162 1664 206 1679 mos

23 1685 152 1710 suscipiendi
163 1692 207 1706 inu-

21 1711 115 1732 msteria
125 1711 146 1732 in
160 1718 206 1737 pr„-

21 1738 134 1758 tectionem
142 1738 206 1759 Sedis

22 1764 161 1790 apostoticae:

826 236 849 257 S.
879 235 1063 258 GttEGOtttrs
1091 236 1136 258 Vl!
1167 237 1215 260 ΙΨ.

1699 231 1743 263 :50

293 284 432 315 omnibus
466 286 501 316 ad
539 286 610 317 illud
640 287 872 326 pcrtinentibus.
906 288 1000 317 solius
1042 290 1148 324 stolica
1184 303 1245 324 non
1285 293 1398 326 nostris
1434 292 1564 332 meritis,
1600 294 1653 328 sed
1688 295 1792 331 (lirina

288 325 404 355 abbatis
424 327 561 364 regimini
586 327 754 357 subiicitur.
777 344 816 349 —
839 328 999 357 Anatliema

287 365 317 394 in
341 370 530 396 temeratores
559 367 705 405 privilegii
729 367 826 396 liuius.
855 384 895 389 —
921 366 997 396 Bona

288 405 485 435 servantibus.

246 456 371 494 Gregorius
397 459 519 497 episcopus
546 468 623 488 serius
644 467 758 488 servorum
785 458 843 494 Dei,
868 459 953 488 (lilerio
976 460 997 488 in

285 501 375 531 Christo
391 502 438 531 lilio
459 502 603 532 Theoderico
618 502 696 531 abbati
718 503 849 531 monasterii
867 502 943 532 Sancti
955 503 996 533 Pe-

284 547 312 576 tri
325 546 448 584 Sanctique
464 546 560 575 lluberti
578 547 749 583 And-aginensis
764 547 786 575 iu
802 546 925 575 Arduenna
938 556 995 576 ron-

269 582 366 627 'stituti,
389 591 482 628 suisque
505 588 673 619 successoribus
694 589 833 627 regulariter
851 589 935 619 ibidem
957 600 994 619 ca—

283 635 364 664 nonice
381 633 531 668 intrantibus,
551 634 573 663 in
597 637 742 672 perpetuum.

292 687 378 721 Nulli
408 687 546 721 {idolium
570 695 616 721 est
645 687 675 720 in
699 685 807 724 dubio,
836 687 912 733 quin
938 687 993 722 Se-

241 735 298 771 des
324 735 518 782 Apostolica,
541 747 578 770 eo
601 735 685 782 quod
715 735 900 770 universalis
923 749 990 771 ma—

241 793 299 824 ter,
323 794 353 820 ct
369 785 512 819 omnium
536 784 749 819 Ecclesiaruni
767 785 914 831 princeps
931 794 989 826 cst,

239 833 390 869 omnibus
418 834 465 868 uis
493 834 578 877 iure,
601 845 637 868 ac
659 833 762 868 debita
789 834 989 870 solicitudine

241 895 376 930 prteesse
406 882 541 926 debeat,
576 890 609 916 ut
645 894 706 917 nou
736 895 788 917 eas
815 883 988 919 catholicae

240 939 360 967 tantum
384 932 542 978 religionis
570 931 688 966 unitate
711 932 897 971 concludat,
931 933 986 967 sed

238 981 375 1028 generali
411 981 696 1027 circumspectione
728 981 820 1015 etiam
848 981 886 1015 ab
915 981 987 1026 his,

239 1042 320 1078 quae
345 1030 541 1065 extrinsecus
577 1038 812 1076 promoventur,
841 1042 896 1076 pro
930 1043 985 1065 sna

237 1080 421 1114 auctoritate
447 1079 557 1122 salvet,
583 1086 613 1113 et
635 1079 773 1118 muniat;
800 1079 881 1113 inter
908 1092 986 1126 quas

238 1136 343 1163 tamen
369 1140 440 1163 cum
461 1128 568 1174 plures
589 1127 796 1171 inveniantur,
818 1140 898 1174 quae
913 1141 986 1175 spe-

238 1177 309 1212 ciali
333 1184 363 1212 et
397 1177 522 1223 propria
547 1176 823 1211 commendatione
846 1177 876 1210 in
902 1186 985 1212 tute-

238 1225 299 1260 lam
325 1226 466 1260 eiusdem
488 1225 580 1260 Sedis
603 1225 802 1272 Apostolicae
823 1238 856 1260 se
879 1235 984 1261 contu-

238 1274 353 1314 lerunt,
375 1283 409 1309 ut
435 1274 564 1321 speciali
585 1275 711 1309 caritate
734 1283 764 1309 et
786 1275 892 1309 studio
909 1288 984 1311 suae

235 1323 344 1358 Matris
364 1324 526 1370 amplexae
549 1335 774 1370 usquequaque
795 1324 983 1367 securiores,

235 1380 267 1406 et
291 1371 453 1406 liberiores
477 1372 516 1406 ab
540 1373 625 1406 omni
659 1371 855 1407 infestatione
877 1374 983 1408 consi-

234 1428 364 1461 sterent,
391 1433 480 1468 quas,
504 1429 537 1455 nt
563 1421 693 1466 dignum
717 1429 799 1463 erat,
835 1421 874 1455 ita
909 1422 982 1456 Ro-

235 1481 326 1504 mana
347 1470 486 1515 suscepit
507 1469 660 1510 Ecclesia,
684 1478 830 1515 tantaque
849 1472 982 1517 protexit

232 1518 374 1565 undique
404 1518 579 1564 diligentia,
620 1526 653 1553 ut
688 1519 837 1553 omnibus
872 1520 981 1554 muni-

233 1575 338 1602 menta
363 1567 532 1614 praesidii,
560 1567 723 1602 nonnullis
757 1580 882 1614 qnoque
908 1581 981 1613 gra-

233 1615 306 1650 tiam
328 1616 485 1651 conl'erret
506 1617 650 1663 augendi.
679 1616 781 1651 Cuius
809 1617 851 1651 rei
882 1617 980 1663 pluri-

232 1677 282 1699 ma
304 1677 320 1700 a
343 1665 435 1700 nobis
460 1666 602 1712 exempla
630 1665 821 1700 sanctissimi
852 1666 906 1700 viri
930 1679 980 1702 re—

230 1712 414 1761 liquerunt,
440 1715 494 1761 qui
528 1724 600 1749 ante
637 1727 693 1749 nos
730 1715 760 1748 in
788 1714 858 1754 illa,
885 1728 978 1762 quam

232 1762 383 1804 diximus,
409 1763 589 1810 Apostolica
616 1763 699 1798 Sede
722 1763 892 1809 fulgentes,
924 1777 979 1811 pro

232 1811 351 1847 honore
379 1812 591 1847 Ecclesiarum
619 1813 701 1856 Dei,
734 1821 764 1847 et
791 1813 979 1848 exaltatione

230 1872 339 1896 earum
363 1862 482 1908 magis,
515 1874 608 1908 quam
639 1875 694 1908 pro
721 1862 782 1896 vita
804 1871 854 1896 aut
877 1862 978 1898 salute

231 1921 301 1954 sua,
322 1910 434 1945 soliciti
458 1911 602 1951 suerunt;
632 1911 842 1956 suscipientes
865 1923 978 1946 mona-

229 1959 323 1993 steria
345 1967 376 1993 et
397 1959 585 1994 venerabilia
613 1960 679 1994 loca
710 1959 739 1993 in
769 1960 976 2006 patrocinium

229 2008 420 2054 apostolicae
442 2008 655 2047 defensionis,
690 2016 721 2042 et
753 2008 977 2044 confirmantes

229 2068 264 2091 ea
288 2057 423 2104 propriis
445 2057 626 2103 privilegiis,
650 2065 807 2103 qnatenus
827 2070 869 2092 ex
895 2070 977 2104 quo-

230 2105 349 2140 tidiana
382 2106 606 2152 tranquillitate
634 2106 794 2140 ardentius
821 2107 851 2140 in
873 2107 978 2142 devo-

229 2154 315 2189 tione
336 2153 459 2189 divinae
477 2154 651 2193 servitutis,
678 2162 708 2188 et
732 2155 762 2188 in
785 2155 869 2190 omni
893 2155 977 2190 bono

229 2203 428 2250 proficerent.
451 2202 520 2244 Qua
551 2204 581 2237 in
617 2215 648 2237 re
672 2210 766 2250 qnam
787 2204 854 2250 pie,
883 2217 975 2251 qnam

228 2259 335 2286 sancte
348 2251 506 2292 fecerunt,
532 2261 562 2286 et
575 2251 699 2286 illorum
723 2252 814 2286 nobis
839 2254 975 2287 ostendit

229 2300 345 2345 gloria,
366 2309 397 2335 et
418 2300 516 2347 ipsius
538 2301 581 2335 rei
605 2309 666 2335 tam
686 2300 845 2336 fructuosa
867 2303 973 2347 gratia.

227 2349 306 2384 Nam
333 2361 404 2384 cum
432 2350 566 2384 oratoria
599 2349 629 2383 iu
664 2362 739 2395 pace
766 2358 796 2384 et
823 2351 976 2396 tranquil-

229 2398 313 2433 litate
330 2399 519 2437 consistunt,
541 2406 572 2433 et
588 2398 796 2433 ecclesiastica
825 2399 976 2434 beneficia

230 2459 388 2494 pauperes
409 2446 527 2482 Christi
545 2446 704 2487 nutriunt;
727 2459 798 2482 cum
821 2460 895 2482 vero
909 2449 976 2483 laus

227 2495 296 2531 Deo
317 2495 412 2542 digne
435 2497 601 2543 promitur,
623 2505 654 2530 ct
675 2496 813 2531 remedia
837 2505 976 2543 peceato-

229 2556 298 2579 rum
337 2553 398 2579 tam
433 2545 510 2579 viris
543 2557 637 2592 qnam
666 2544 824 2580 defunctis
852 2547 976 2591 impen-

230 2592 359 2629 duntur.
389 2593 480 2629 Unde
502 2606 560 2629 nos
586 2595 618 2629 in
641 2594 750 2629 eadem
777 2594 861 2629 Sede
887 2595 977 2642 Apo-

1043 337 1131 372 locati
1155 340 1265 385 gratia,
1287 343 1424 388 suscepti
1448 342 1539 377 oflicii
1560 343 1702 378 debitum
1719 356 1792 379 con-

1040 387 1231 432 sideranies,
1259 390 1430 435 praefatum
1454 393 1699 433 monasterium,
1736 394 1788 428 cui

1039 443 1083 479 tu,
1112 436 1224 472 dilecte
1246 438 1307 481 lili,
1335 447 1365 473 et
1401 442 1637 486 praenominate
1671 442 1789 487 abbas,

1039 497 1171 530 praeesse
1193 486 1398 532 dignosceris,
1431 497 1484 529 tuo
1512 498 1619 535 rogatu
1647 491 1678 525 in
1703 499 1790 526 tute-

1037 534 1097 568 lam
1122 535 1324 582 :Xpostolicae
1337 536 1440 575 Sedis,
1463 546 1493 572 et
1508 548 1646 574 nostram
1669 548 1699 574 et
1713 553 1789 575 suc-

1036 594 1196 618 cessorum
1229 593 1407 619 nostrorum
1432 586 1647 623 defensionem
1675 601 1787 624 susce-

1035 632 1151 678 pimus,
1179 634 1468 682 confirmantesque
1490 644 1519 670 et
1545 637 1786 674 corroborantes

1034 680 1089 714 tibi
1125 694 1180 729 per
1215 684 1388 729 praesentis
1425 685 1569 730 paginam
1605 687 1785 733 privilegii,

1032 730 1199 765 ecclesiam
1222 732 1357 767 Sanctae
1379 732 1496 767 Mariae
1517 746 1614 780 super
1639 736 1783 771 Axonam

1031 780 1142 819 sitam,
1182 788 1211 815 et
1247 781 1412 816 ecclesiam
1448 781 1482 816 S.
1522 782 1650 830 Sulpitii
1689 798 1785 832 super

1031 827 1167 869 Mosam,
1190 838 1390 877 caeterasque
1418 832 1633 878 possessiones
1661 841 1722 868 tam
1748 835 1780 869 in

1031 877 1122 922 villis,
1145 890 1239 925 quam
1267 879 1422 923 castellis,
1455 882 1651 928 caeterisque
1678 884 1783 918 eccle-

1028 926 1095 964 siis,
1123 936 1152 961 et
1181 928 1271 962 terris
1297 929 1390 963 cultis
1417 937 1470 963 aut
1498 930 1636 975 incultis,
1663 944 1718 966 seu
1749 933 1780 967 in

1028 976 1179 1011 omuibus
1201 977 1296 1012 rebus
1315 977 1486 1013 mobilibus
1504 987 1534 1013 et
1550 980 1779 1020 immobilibus,

1027 1037 1105 1070 quas
1127 1038 1213 1060 nunc
1235 1027 1300 1061 iure
1320 1027 1471 1074 possidet,
1493 1036 1547 1062 aut
1566 1029 1597 1063 in
1614 1039 1778 1076 posterum

1027 1073 1093 1108 Deo
1117 1075 1285 1110 miseraute
1307 1077 1458 1123 acquiret,
1486 1085 1644 1124 quatenus
1671 1080 1780 1115 omnia

1026 1123 1063 1157 ad
1093 1136 1295 1159 communem
1333 1125 1497 1161 utilitatem
1531 1127 1661 1162 fratrum
1698 1128 1779 1163 inibi

1025 1172 1092 1207 Deo
1114 1173 1331 1207 famulantium
1351 1174 1409 1208 sub
1424 1183 1476 1209 tuo
1491 1183 1683 1224 tuorumque
1698 1189 1775 1212 suc-

1025 1234 1186 1256 cessorum
1214 1223 1366 1270 regimine
1392 1233 1420 1258 et
1444 1236 1583 1270 congrua
1605 1225 1775 1273 dispensa-

1025 1271 1110 1305 tione
1131 1283 1256 1318 semper
1279 1273 1461 1308 inconvuisa
1485 1274 1667 1322 illibataque
1700 1288 1775 1322 per-

1024 1329 1181 1354 maneant.
1208 1320 1241 1355 Si
1269 1321 1340 1368 quis
1362 1333 1435 1355 vero
1462 1334 1590 1368 regum,
1626 1325 1775 1360 sacerdo-

1025 1376 1103 1411 tum,
1130 1369 1336 1408 clericorum,
1368 1370 1526 1416 indicum,
1557 1384 1593 1406 ae
1627 1374 1771 1408 saecula·

1023 1418 1104 1451 rium
1147 1430 1376 1464 personarum,
1416 1419 1498 1454 hanc
1534 1421 1769 1458 constitutionis

1022 1474 1147 1501 nostrae
1175 1468 1320 1514 paginam
1343 1480 1529 1515 agnoscens,
1565 1477 1673 1505 contra
1702 1483 1772 1506 eam

1024 1516 1127 1550 venire
1166 1517 1348 1556 tentaverit,
1385 1519 1547 1564 potestatis
1580 1519 1773 1567 honorisque

1021 1564 1068 1598 sui
1091 1565 1246 1610 dignitate
1279 1575 1398 1607 careat,
1433 1579 1586 1614 reumque
1608 1580 1642 1603 se
1664 1569 1770 1604 divino

1021 1613 1138 1648 iudicio
1167 1614 1301 1649 existere
1336 1616 1375 1650 de
1402 1624 1578 1662 perpetrata
1606 1617 1772 1664 iniquitate

1020 1672 1211 1708 cognoscat,
1245 1673 1274 1697 et
1306 1665 1363 1699 nisi
1399 1665 1445 1699 iel
1469 1677 1521 1709 ea,
1554 1678 1634 1712 quae
1656 1666 1694 1701 ab
1717 1668 1770 1702 illo

1020 1720 1092 1746 sunt
1114 1712 1195 1746 male
1229 1712 1342 1753 ablata,
1377 1714 1567 1758 restituerit,
1602 1715 1648 1750 vel
1677 1716 1771 1762 digna

1021 1761 1210 1807 poenitentia
1247 1762 1353 1797 illicite
1374 1771 1440 1797 acta
1463 1763 1644 1807 defleverit,
1675 1777 1690 1798 a
1718 1777 1770 1799 sa-

1019 1810 1195 1844 cratissmo
1221 1823 1351 1856 corpore
1385 1821 1415 1846 et
1444 1813 1598 1858 sangnine
1620 1812 1677 1847 Dei
1701 1813 1769 1848 Do-

1020 1859 1095 1892 mini
1118 1859 1342 1906 Rcslemptoris
1360 1862 1456 1895 nostri
1478 1861 1547 1896 lesu
1562 1861 1681 1896 Christi
1699 1863 1772 1897 alie-

1020 1920 1078 1942 nus
1101 1908 1164 1947 liat,
1199 1917 1293 1954 atque
1326 1910 1356 1943 in
1379 1919 1508 1945 aeterno
1542 1912 1686 1946 examine
1720 1912 1770 1945 ‹li-

1017 1958 1142 1991 strictae
1165 1957 1273 1991 ultioni
1301 1958 1473 1993 subiaceat.
1500 1958 1633 1994 Cunctis
1662 1968 1767 1995 autem

1019 2005 1102 2040 iuxta
1136 2007 1333 2041 servantibus
1359 2007 1461 2042 eidem
1490 2008 1571 2049 loco,
1606 2020 1669 2055 pax
1700 2009 1768 2043 Do-

1017 2055 1093 2088 mini
1117 2055 1213 2089 nostri
1242 2055 1311 2090 Iesu
1335 2056 1463 2096 Christi,
1493 2065 1524 2090 ut
1546 2057 1597 2091 liic
1628 2057 1763 2092 fructum

1019 2103 1118 2137 bonae
1140 2104 1272 2139 aetionis
1299 2105 1462 2152 recipiant,
1489 2115 1519 2140 et
1545 2105 1627 2152 apud
1661 2105 1770 2140 ‹listri-

1017 2160 1101 2186 ctum
1124 2152 1263 2187 Iudicem
1288 2154 1425 2199 praemia
1447 2162 1591 2189 aeternae
1615 2155 1701 2201 pacis
1720 2155 1769 2189 in-

1017 2201 1153 2235 veniant.
1182 2202 1298 2236 Amen.

1090 2268 1276 2312 Subscripsit
1297 2276 1399 2302 autem.
1431 2281 1525 2303 manu
1555 2271 1686 2315 propria

1251 2318 1392 2351 Domnus
1423 2319 1531 2362 Papa:

1134 2394 1374 2420 MtSEttATtONES
1400 2396 1483 2427 Tua,
1509 2396 1651 2425 Douma,

1159 2444 1262 2466 seran
1289 2444 1393 2467 ousta
1422 2445 1532 2468 oram
1557 2445 1622 2468 Tua

1278 2489 1364 2524 Bene
1393 2490 1503 2525 valete.

1064 2546 1180 2580 Datum
1223 2546 1366 2580 Laterani
1409 2547 1551 2582 kalendis
1592 2550 1664 2583 maii
1712 2562 1768 2594 pet·

1018 2607 1129 2629 manus
1150 2595 1233 2636 Petri
1258 2596 1291 2630 S.
1320 2595 1358 2630 R.
1388 2596 1425 2630 E.
1453 2597 1628 2645 presbyteri
1660 2605 1767 2633 cardi-

1815 252 1864 277 Au.
1887 253 1916 278 fi.
1933 253 1998 279 lttffss

1870 316 1905 331 tur
1918 320 1961 333 vitii»
1978 321 1997 332 t>-

1822 340 1903 365 xompto
1918 346 1989 361 mona·

1814 370 1900 386 stertunt
1930 369 1998 387 Arida·

1815 398 1899 416 ciii-*nse
1912 394 1950 412 sul·
1962 394 1998 413 do-

1815 418 1907 439 svtiswne
1991 432 1997 436 ·

1813 446 1860 465 den·
1877 446 1939 465 Sedis
1953 447 1997 467 soro

1813 472 1941 493 «testantur.

1819 753 1994 780 Cuntirniatisqne

1811 780 1871 800 bont>
1899 782 1994 802 mmmm

1810 807 1837 826 :nl
1858 808 1907 827 illud
1932 812 1994 833 pcrti-

1810 834 1921 858 uentibus,

1821 1192 1891 1212 sotius
1906 1193 1991 1213 abbatis

1807 1219 1902 1239 rotvowint
1928 1220 1993 1240 subii·

1807 1246 1868 1266 citur.

1841 1312 1954 1332 tnathama
1969 1312 1989 1342 in

1805 1341 1991 1365 temeratoremrr·

1806 1367 1876 1391 rilegtt
1891 1367 1966 1386 liuius:

1809 1941 1878 1969 *lt-uti
1896 1948 1983 1962 sein-n-
