2180 3205
15 216 63 243 Λιι.
85 216 114 244 C.
133 216 200 244 ¹076

55 278 191 300 contii-matio

15 305 116 326 bonorum
125 306 151 335 ab
159 306 199 326 ΙΙιι-

15 337 68 357 gone
99 338 124 358 op
128 339 194 352 11111111
193 338 199 351 ι

15 364 34 378 ιιι
37 364 62 378 on
58 366 88 379 ιΔι
91 359 145 379 teria
163 360 199 380 tim

16 387 76 405 torui·
65 392 90 406 ιι.ι

28 653 98 675 Abbius
108 660 146 681 per
156 661 198 675 m<-

14 681 93 710 naclins
100 682 147 707 otigr
157 690 162 696 «
169 686 199 703 ιι.-

14 709 85 728 turtur.

43 927 162 950 immunitas
172 930 200 951 ab

16 955 71 983 oinni
81 955 165 976 tanc-aiis
157 962 200 977 <er-

17 983 68 1001 ritin
91 984 112 1002 ut
127 988 201 1007 grava-

16 1013 77 1028 mine⁴

29 1431 143 1457 mentiatis
159 1432 201 1458 pri-

16 1463 84 1482 vatio.
99 1461 165 1485 atque
179 1465 201 1479 a·

15 1485 115 1506 nathan-n
129 1487 201 1506 contra

15 1512 120 1538 privilegii
140 1512 201 1533 huius

17 1539 137 1559 notatores.

804 219 829 241 S.
852 218 1037 242 aumonius
1060 219 1105 241 vit
1130 219 1177 241 [Ψ.

220 273 316 321 igitur
336 273 561 309 confirmamus
579 273 684 309 eidem
699 273 891 308 monasterio
905 272 972 308 illas

220 324 449 370 posscssioneS,
468 336 546 370 quas
564 323 744 378 praedictus
767 322 806 357 U
797 335 836 369 ro
842 323 972 377 'cpisco-

221 385 281 419 pus
302 372 443 407 eiusdem
460 373 640 407 monasterii
658 371 817 409 fundator
842 372 872 405 in
894 383 972 418 pago

218 421 413 457 Leomaniae
435 434 470 456 ex
495 422 561 457 iure
584 421 766 469 patrimonii
798 421 844 455 sui
880 432 971 467 prae-

219 471 280 506 fato
316 471 386 506 loco
423 471 575 507 contulit:
615 470 760 504 videlicet
805 469 969 504 ecclc-siam

218 520 326 555 Sancti
351 520 448 566 Petri,
469 530 500 555 et
527 520 631 555 locum
659 518 858 558 Comiomus,
884 518 969 566 quod

219 569 442 617 interpretatur
476 572 594 604 Domus
620 570 770 606 sublimis,
801 580 871 602 cum
901 580 971 601 oin-

218 618 314 654 nibus
331 619 398 654 suis
411 618 618 666 appendiciis.
642 618 719 652 Item
736 617 969 661 constituimus,

220 676 255 703 ut
269 669 405 704 obeunte
421 668 545 712 abbate,
567 678 629 701 non
649 667 729 701 alius
751 666 791 700 ibi
815 678 970 720 quacum-

218 730 280 765 que
319 718 513 765 obreptionis
545 717 658 751 astutia
694 716 874 756 ordinetur
909 728 968 750 nisi

217 779 313 815 quem
337 767 446 802 fratres
467 766 608 801 eiusdem
636 765 695 800 loci
718 765 879 799 communi
900 776 968 799 con

217 829 313 851 sensu
349 816 523 851 secundum
550 815 694 849 timorem
723 813 779 849 Dei
807 814 968 860 elegerint.

217 865 287 900 lloc
313 877 440 921 quoque
478 865 632 912 praesenti
667 864 806 918 capitulo
832 864 970 898 subiun-

217 915 336 962 ginius,
358 924 391 950 ut
406 916 509 963 ipsum
525 913 766 954 monastciium‚
789 920 820 947 et
841 912 970 947 abbates

217 965 299 1020 eins,
321 964 367 999 vel
389 964 536 999 monachi
559 964 597 998 ab
616 963 702 997 omni
722 958 894 997 saecularis
909 974 970 996 ser-

219 1014 282 1048 vitii
305 1014 366 1049 sint
389 1013 586 1048 infestatione
601 1012 715 1052 securi,
738 1012 924 1066 omnique„
907 1023 969 1045 srra

219 1063 343 1098 tamine
376 1062 555 1097 mundanae
584 1062 801 1109 oppressionis
835 1069 969 1103 remoto,

220 1113 249 1147 in
272 1120 398 1147 sanctae
422 1112 510 1153 reli«
493 1111 586 1145 ionis
613 1111 831 1144 observatione
853 1110 968 1148 seduli

220 1170 313 1208 atque
345 1161 462 1208 quieti,
495 1169 525 1195 ct
560 1159 637 1194 nulli
664 1159 768 1206 aliqua
796 1159 971 1193 liibeantui

221 1210 386 1245 occasione
411 1209 556 1244 subiecti.

270 1259 357 1294 Haec
385 1259 478 1305 igitur
504 1257 628 1298 omnia,
655 1269 734 1304 quac
762 1257 857 1291 liuius
886 1270 970 1304 prae-

222 1308 305 1354 cepti
333 1308 516 1354 decretique
548 1307 646 1342 nostri
675 1307 788 1354 pagina
811 1308 970 1351 continet,

222 1366 282 1391 tam
307 1356 361 1391 tibi
377 1369 474 1411 quam
491 1356 624 1395 cunctis
646 1368 698 1402 qui
723 1368 753 1389 ιιι
777 1368 884 1390 coium
905 1356 970 1390 loca

219 1406 444 1448 successerint,
467 1405 498 1439 in
522 1413 711 1460 perpetuum
739 1404 891 1439 servanda
914 1405 970 1439 de-

221 1454 390 1490 cernimus.
418 1454 452 1489 Si
481 1455 553 1501 quis
576 1466 648 1488 vero
671 1465 799 1499 regum,
822 1454 969 1488 sacerdo-

221 1511 298 1545 tum,
320 1503 520 1547 clericorum,
544 1502 696 1543 iudicum,
712 1515 748 1537 ac
762 1502 968 1537 saecularium

219 1565 443 1601 personarum,
478 1552 559 1587 hanc
580 1551 815 1587 constitutionis
845 1561 970 1587 nostrae

220 1602 365 1649 paginam
391 1614 586 1648 agnoscens,
619 1609 728 1636 contra
763 1613 832 1636 eam
864 1601 970 1636 venire

220 1651 397 1696 tentaverit,
420 1650 628 1698 possessionis
647 1650 840 1697 honorisque
862 1651 908 1685 sui
925 1650 972 1684 di·

219 1701 338 1747 gnitate
359 1709 474 1744 careat,
497 1712 650 1746 reumque
671 1712 704 1735 se
726 1700 832 1734 divino
852 1699 971 1734 iudicio

218 1750 354 1785 existere
375 1750 415 1785 de
443 1757 617 1797 perpetrata
652 1749 817 1796 iniquitate
851 1761 972 1795 cogno-

219 1808 297 1834 scat.
319 1799 360 1834 Et
381 1799 440 1834 nisi
463 1811 515 1844 ea,
550 1810 630 1846 quae
651 1798 691 1833 ab
718 1798 771 1832 illo
793 1806 868 1833 sunt
890 1799 971 1833 male

218 1853 338 1895 ablata,
365 1852 551 1901 restituerit,
580 1852 627 1887 vel
651 1852 743 1898 digna
777 1852 971 1899 poenitentia

219 1907 347 1943 illicitae
367 1914 435 1942 acta
451 1880 623 1946 deflevierit,
647 1918 662 1940 a
677 1906 889 1940 sacratissimo
905 1917 972 1939 cor-

220 1973 297 2009 pore
334 1973 370 1996 ac
402 1961 558 2007 sanguine
589 1960 717 1994 Domini
750 1959 972 2006 Redcniptoris

219 2015 318 2050 nostri
345 2014 415 2050 Iesu
442 2014 561 2049 Christi
598 2014 719 2049 alienus
747 2013 809 2048 liat.
838 2012 973 2048 Cunctis

220 2077 327 2104 autem
352 2068 455 2104 eidem
482 2068 551 2104 loco
586 2068 669 2102 iuxta
699 2067 910 2108 servantibus,
933 2067 973 2102 sit

221 2134 282 2170 pax
301 2122 429 2157 Domini
452 2122 551 2157 nostri
573 2121 645 2155 lesu
667 2120 798 2161 Christi,
818 2128 974 2167 quatenus

221 2176 332 2211 ethic
365 2175 503 2211 fructum
536 2174 611 2209 boni
645 2173 751 2221 operis
778 2173 973 2220 percipiant,

221 2238 253 2266 et
274 2229 359 2277 apud
386 2229 565 2264 districtum
586 2228 727 2263 Iudicem
757 2227 894 2274 praemia
920 2239 976 2262 ae-

222 2292 330 2320 ternae
358 2283 444 2331 pacis
473 2282 644 2317 inveniant.
679 2281 793 2316 Datum
828 2281 973 2316 Laterani

222 2350 282 2373 vin
306 2337 378 2373 idus
400 2337 516 2378 martii,
535 2348 589 2384 per
610 2348 723 2371 manus
744 2335 827 2370 Petri
850 2343 975 2370 sanctae

222 2391 386 2427 Romanae
409 2391 573 2426 Ecclesiae
595 2390 767 2438 presbyteri
795 2389 975 2434 cardinalis,

222 2457 258 2481 ac
279 2444 530 2482 bibliothecarii,
557 2456 641 2479 anno
666 2443 757 2478 tertio
775 2443 976 2491 pontificatus

223 2499 344 2538 domini
376 2497 522 2545 Gregorii
546 2498 662 2546 Papae,
685 2497 859 2533 indictione
884 2510 951 2532 xiv.

290 2554 352 2586 Dat.
370 2555 418 2586 die
437 2556 454 2585 8
478 2555 574 2585 martii
594 2564 670 2584 anno
693 2554 808 2585 Domini
835 2554 917 2593 tow,

392 2600 495 2640 pontif.
518 2599 653 2637 Gregorii
675 2608 750 2629 anno
769 2608 810 2628 tii.

1342 275 1445 310 XXV.

1016 345 1216 390 Confirmatio
1243 349 1404 381 sententiae
1437 348 1764 382 excommuiti'cati‘oni's

1062 396 1143 428 latae
1169 408 1188 428 ιι
1212 397 1320 429 Dimisi
1350 398 1487 442 episcopo
1517 399 1616 442 legato
1641 405 1766 442 aposto-

1062 445 1120 477 lico
1135 446 1164 477 ιή
1176 446 1346 479 Aiii'ct'ensi's
1359 447 1512 480 Ecclesiae
1526 448 1697 481 invasorem
1709 449 1762 490 (l).

1282 519 1497 551 §mitti-tumn

1012 584 1127 615 Diensis
1159 586 1317 625 episcopus
1340 585 1473 625 Gregorii
1496 587 1550 616 Pr.
1573 588 1703 618 vicarius
1735 588 1765 619 in

1051 625 1212 655 Galliarum
1232 625 1374 664 partibus.
1389 643 1428 648 —
1446 626 1576 657 invasori
1596 628 1764 658 ,tuiciensis

1051 664 1200 695 Ecclesiae
1230 675 1287 695 non
1316 665 1528 700 obediendum
1559 672 1587 696 et
1608 668 1685 697 alius
1714 668 1766 697 eli-

1052 705 1163 742 genuus
1196 705 1362 745 episcopus.
1392 722 1433 728 —
1466 706 1628 736 Anathema
1664 713 1764 737 contra

1052 745 1267 774 inobedientes.

1064 811 1208 847 Gregorius
1225 812 1366 848 episcopus
1385 819 1480 841 servus
1500 819 1640 842 servorum
1658 813 1714 846 Dei,

1217 857 1400 886 aniciensibus
1419 857 1567 886 canonicis.

1034 947 1037 949 .
1061 918 1176 954 Notum
1204 927 1251 954 est
1279 919 1384 964 vobis,
1415 919 1550 968 qualiter
1581 919 1764 968 Stephanus

1011 972 1191 1007 Aniciensis
1210 973 1345 1015 invasor,
1375 982 1406 1009 et
1427 975 1633 1019 simoniacus,
1655 974 1768 1022 despe-

1012 1033 1061 1060 cto
1094 1036 1303 1068 sacramento,
1330 1028 1416 1075 quod
1451 1028 1542 1064 nobis
1568 1041 1665 1077 super
1694 1041 1765 1065 cor-

1013 1092 1072 1125 pus
1103 1080 1137 1115 S.
1166 1081 1251 1116 Petri
1288 1082 1326 1116 de
1360 1082 1588 1118 deliberatione
1621 1083 1764 1118 eiusdem

1013 1133 1173 1169 Ecclesiae
1195 1136 1323 1177 fecerat,
1345 1148 1413 1171 eam
1446 1149 1623 1184 occupare,
1651 1147 1682 1172 et
1716 1147 1763 1185 1)·-

1014 1190 1140 1224 iannica
1163 1190 1368 1237 oppressione
1395 1190 1534 1237 affligere
1559 1204 1622 1226 non
1645 1201 1760 1227 cessat.

1012 1242 1104 1277 L'nde
1126 1245 1205 1278 scire
1228 1255 1283 1277 vos
1307 1244 1468 1288 volumus,
1491 1245 1563 1292 quia
1586 1245 1667 1280 sicut
1692 1258 1766 1281 con-

1012 1296 1105 1331 frater
1128 1305 1234 1331 noster
1258 1297 1329 1344 Ugo
1351 1297 1478 1332 Diensis
1499 1298 1681 1345 episcopus,
1713 1300 1762 1334 cui

1013 1350 1096 1384 vices
1115 1359 1238 1385 nostras
1260 1351 1291 1385 in
1313 1350 1488 1385 Galliarum
1512 1351 1654 1398 partibus
1671 1365 1762 1398 agen—

1011 1403 1068 1438 das
1089 1405 1328 1444 commisimus,
1355 1404 1442 1438 illum
1467 1405 1762 1446 excommunicavit

1011 1457 1055 1492 sic
1070 1466 1099 1492 et
1115 1458 1543 1502 nosexcommuuicavimus,
1565 1467 1596 1493 et
1613 1471 1629 1493 a
1644 1459 1764 1504 gremio

1011 1510 1144 1546 Sanctae
1166 1512 1327 1547 Ecclesiae
1354 1513 1579 1559 separavimus.
1610 1513 1764 1559 Quapro-

1012 1573 1080 1612 pter
1117 1566 1287 1612 apostolica
1324 1566 1510 1600 auctoritate
1550 1567 1762 1613 praecipimus

1012 1619 1111 1663 vobis,
1139 1627 1171 1653 ut
1194 1619 1273 1654 colla
1296 1627 1395 1654 vestra
1419 1619 1457 1654 de
1472 1619 1610 1666 subiugo
1632 1621 1701 1655 eius
1713 1633 1762 1655 ex-

1012 1673 1186 1717 cutientes,
1220 1685 1259 1707 ne
1292 1672 1335 1706 illi
1360 1673 1579 1714 adhaerentes,
1614 1673 1762 1713 diabolo,

1012 1727 1102 1762 cuius
1124 1727 1192 1774 ipse
1209 1727 1387 1762 membrum
1411 1727 1510 1762 factus
1528 1735 1586 1769 est,
1608 1728 1761 1763 serviatis.

1012 1781 1075 1816 Sed
1111 1781 1150 1816 ab
1177 1781 1242 1826 illo,
1281 1782 1361 1817 sicut
1393 1781 1433 1816 ab
1468 1782 1761 1822 excommunicato,

1013 1844 1135 1882 oportet
1174 1835 1326 1876 caveatis;
1366 1844 1395 1870 et
1430 1835 1470 1870 de
1502 1836 1762 1870 excommunica·

1014 1890 1114 1934 tione,
1145 1902 1241 1937 quam
1274 1889 1452 1924 incurristis
1473 1901 1580 1924 coram
1603 1889 1764 1936 praedicto

1013 1943 1121 1978 Diensi
1137 1945 1286 1991 episcopo
1307 1943 1550 1983 satisfacientes,
1575 1943 1676 1990 ipsius
1692 1956 1766 1978 con-

1013 1996 1083 2035 silio
1101 2006 1257 2043 pastorem
1277 1997 1365 2032 vobis
1391 1996 1568 2032 secundum
1590 1997 1763 2032 Dominum

1013 2050 1146 2098 eligatis.
1182 2050 1275 2092 Quod
1303 2051 1327 2085 si
1355 2050 1505 2095 feceritis,
1539 2050 1578 2085 ab
1600 2051 1685 2085 omni
1713 2062 1765 2084 sa-

1015 2113 1175 2139 cramento
1203 2112 1234 2140 et
1267 2104 1477 2151 obligatione,
1505 2116 1600 2152 quam
1623 2103 1762 2151 praefato

1015 2158 1188 2193 simoniaco
1214 2167 1321 2194 contra
1354 2158 1526 2194 Dominum
1562 2158 1696 2199 fecistis,
1724 2170 1763 2192 ex

1016 2220 1103 2259 parte
1133 2212 1167 2246 S.
1189 2212 1274 2247 Petri
1307 2225 1362 2248 vos
1388 2212 1597 2248 absolvimus:
1634 2212 1660 2246 si
1689 2223 1765 2247 vero

1016 2266 1109 2301 etiam
1136 2278 1221 2301 nunc
1242 2275 1367 2302 nostrae
1393 2267 1522 2302 salutari
1549 2265 1681 2301 iussioni
1715 2278 1767 2301 re-

1016 2320 1177 2356 calcitrare
1199 2321 1489 2368 praesumpseritis,
1516 2320 1583 2367 pari
1606 2332 1661 2355 vos
1682 2332 1766 2355 ana-

1016 2374 1153 2410 themate
1180 2374 1407 2409 condemnatos
1429 2374 1546 2409 sciatis.
1574 2374 1645 2409 Dat.
1668 2374 1767 2409 Bibia·

1017 2429 1099 2464 nello
1130 2442 1148 2463 x
1165 2428 1225 2463 kal.
1239 2441 1318 2476 apr.,
1333 2428 1506 2464 indictione
1520 2427 1766 2475 decimaquarta.

1070 2489 1133 2521 Dat.
1153 2491 1200 2521 die
1218 2490 1257 2520 ⁵23
1278 2490 1376 2521 martii
1398 2499 1475 2521 anno
1492 2489 1608 2521 Domini
1631 2489 1717 2528 1076,

1262 2535 1366 2575 pontif.
1387 2545 1463 2566 anno
1481 2545 1519 2567 tv.

1053 2602 1092 2638 (t)
1109 2602 1149 2629 Ex
1164 2602 1228 2630 edit.
1245 2601 1324 2630 Card.
1341 2602 1460 2632 casaiae.

1790 208 1840 234 Αιι.
1861 207 1888 234 C.
1907 207 1974 236 1076

1819 1295 1901 1316 Dian-n
1932 1304 1975 1323 ep.-

1791 1327 1812 1340 SC
1815 1328 1867 1348 ι’ςιιι
1883 1324 1921 1344 liet·
1911 1330 1941 1350 εις
1942 1325 1977 1354 iiii

1793 1349 1807 1367 l
1810 1349 1831 1368 P
1848 1356 1905 1370 trra
1908 1357 1939 1370 iu
1958 1358 1977 1372 tn

1812 1376 1859 1395 (ιιιΙιι
1853 1383 1907 1397 tuin
1928 1383 1977 1403 par-

1793 1386 1855 1422 *ii-u:

1819 1532 1912 1552 iuva<ori
1930 1534 1977 1553 Αιιι-

1792 1559 1868 1577 excusis
1906 1559 1977 1579 Eia-le-

1792 1590 1836 1604 titie
1864 1591 1904 1605 nnn
1929 1587 1977 1606 ohe-

1792 1611 1904 1633 =lienduni;
1920 1616 1939 1632 et
1956 1618 1977 1632 a·

1792 1639 1830 1657 liu-i
1868 1639 1977 1659 eliaendii,

1792 1671 1910 1690 episcopus.

1805 2073 1919 2092 amittatis
1930 2079 1977 2092 vm„

1791 2102 1822 2119 lm
1853 2099 1976 2119 inobedien-

1793 2128 1830 2145 irs.
