2180 3205
22 304 72 332 An.
91 304 118 331 C.
137 305 204 333 1063

52 676 204 699 Consummatur

19 703 129 728 primii-uia
161 711 203 725 nin-

19 735 54 749 nta
70 729 139 751 eidem
154 738 203 751 coiv-

19 761 87 777 cessa.

44 2437 166 2459 Exordium.

852 307 1050 331 AthxANnt-:n
1078 307 1105 329 11
1132 307 1183 329 ΡΡ.

223 365 496 413 congregatione,
526 365 654 401 abbates
681 364 745 399 sive
768 363 904 398 decanos
925 362 982 397 sibi

226 429 280 462 per
302 416 531 450 successiones
558 415 692 460 eligendi
730 414 862 448 habeant
897 419 985 459 pote-

223 474 360 506 statem3
390 473 437 505 et,
466 477 504 499 ne
528 464 761 511 impediantur,
798 461 984 496 authoritate

223 514 398 560 apostolica
427 514 643 560 probibemus.
658 513 820 546 Praeterea
834 510 982 557 quicquid

223 563 266 597 illi
288 563 358 597 loco
381 564 600 603 contuleruut,
628 561 672 596 vel
695 560 842 595 collatum
860 567 917 599 est,
938 559 982 593 rel

222 612 431 653 couniretur,
465 612 568 646 divina
597 619 627 645 et
658 619 761 644 nostra
796 609 982 644 authoritate

222 662 421 696 roboramus.
465 661 596 696 Necnon
634 659 793 706 privilegia
821 666 922 692 vestra
944 657 981 691 ad

222 710 378 745 bonorem
407 710 464 744 Dei
493 709 691 757 pertinentia,
714 720 793 754 quite
822 707 862 741 ibi
891 707 983 741 insti-

223 768 309 795 tuere
337 759 489 799 volueris,
515 758 647 805 gratanti
671 758 782 791 all'ectu
801 756 980 794 annuimus,

225 809 463 849 confirmamus,
478 815 508 843 ct
524 806 739 842 confirmando
750 806 981 852 imperpetuum

225 867 307 892 stare
343 857 553 892 decrevimus.
585 856 625 890 Et
654 856 837 890 infractores
871 866 980 889 eorum

225 915 357 941 aeterna·
399 906 621 940 maledictione
662 905 861 939 damnamus.
903 904 981 938 Acta

225 968 308 990 auno
327 955 505 990 dominicae
520 954 745 990 incarnationis
757 953 980 997 millesimoss)

225 1005 471 1051 quadragesimo
497 1005 598 1039 tertio.

401 1061 464 1092 Dat.
483 1071 557 1091 anno
580 1061 694 1090 Domini
719 1060 805 1096 1063,

384 1106 486 1146 pontif.
518 1104 673 1135 Alexandri
696 1113 772 1134 anno
796 1113 825 1133 ιι.

226 1313 403 1347 Declaratio
425 1314 614 1347 decretorum
641 1312 793 1345 editorum
819 1312 852 1344 ιή
879 1312 980 1344 conci-

275 1364 316 1395 Ιιύ
342 1364 481 1396 Romano
505 1374 516 1395 1
543 1363 597 1395 sub
621 1362 806 1395 Alexandro
830 1362 897 1393 PP.
934 1361 979 1404 ΙΙ,

274 1419 381 1445 contra
403 1412 589 1445 simoniacos
611 1412 713 1444 habito
755 1411 803 1453 2).

493 1479 707 1510 SUMMARIUM

227 1540 396 1571 Exordium.
428 1558 468 1563 —
498 1540 651 1570 Damnatio
674 1540 853 1570 simoniacae
882 1540 979 1579 pravi·

266 1581 340 1611 tatis.
358 1598 398 1603 —
414 1580 469 1610 Pro
486 1590 564 1610 nunc
588 1580 755 1610 tolerandas
775 1581 976 1609 ordinationes

263 1621 352 1658 gratis
385 1629 436 1660 per
455 1620 633 1650 simoniacos
656 1620 755 1650 factas.
784 1636 813 1641 —
838 1620 904 1649 Sola
929 1630 978 1649 ur-

262 1664 347 1698 gente
369 1660 546 1690 necessitate
575 1670 590 1689 a
618 1660 711 1689 sacris
738 1659 903 1689 canonibus
927 1669 976 1689 re-

261 1700 437 1730 cedendum.
454 1717 494 1721 —
512 1699 550 1729 De
569 1704 684 1729 caetero
703 1709 760 1728 non
780 1699 977 1729 admittendas

262 1740 432 1769 huiusmodi
456 1739 667 1769 ordinationes.
689 1756 729 1761 —
755 1739 844 1769 Missa
867 1740 977 1769 notorii

262 1779 464 1809 concubinarii
483 1788 541 1808 non
564 1779 720 1809 audienda.
739 1796 777 1801 —-
799 1778 976 1808 Huiusmodi

262 1819 466 1849 concubinarii
497 1829 510 1848 a
545 1818 651 1848 divinis
684 1819 834 1858 suspensi.
866 1836 906 1840 —
937 1818 976 1848 De

218 1874 221 1876 v
265 1858 382 1888 clericis
398 1858 561 1888 castitatem
580 1858 777 1888 servantibus.
790 1875 830 1880 —
843 1858 976 1888 Decimas

221 1902 223 1908 ’
265 1898 424 1928 retinentes
444 1898 913 1927 excommunicari.—Ecclesiae
927 1908 978 1937 per

264 1938 357 1967 laicos
375 1947 434 1967 non
457 1938 644 1967 obtinendae.
665 1955 705 1960 —
725 1937 804 1967 Duae
828 1937 977 1967 Ecclesiae

263 1986 322 2007 non
344 1977 526 2007 retinendae.
543 1994 582 1999 —
604 1977 659 2007 Per
677 1978 833 2007 simoniam
857 1987 913 2006 non
931 1987 978 2007 or-

263 2017 434 2046 dinandum.
469 2033 509 2039 —
547 2016 770 2054 consanguinea
809 2027 902 2056 usque
942 2018 976 2047 ad

263 2057 420 2095 septimum
437 2057 559 2095 gradum
576 2057 605 2086 in
621 2066 739 2086 uxorem
759 2066 816 2085 non
830 2057 976 2086 ducenda.

263 2112 304 2117 —
319 2096 422 2126 Contra
445 2096 588 2126 ambitum
612 2096 641 2125 in
665 2096 856 2129 suscipiendo
875 2096 976 2125 habitu

266 2136 421 2165 monacaii.
442 2152 482 2158 —
503 2135 582 2164 Laici
613 2145 670 2164 non
703 2136 800 2165 statim
832 2136 860 2164 in
884 2136 976 2165 sacris

266 2174 412 2204 initiandi.
434 2191 473 2197 —
493 2174 665 2204 Obedientia
689 2175 782 2204 sacris
815 2175 896 2204 hisce
924 2185 976 2204 ca-

266 2213 396 2243 nonibus
414 2214 524 2244 debita.

227 2279 377 2308 Alexander
396 2279 536 2315 episcopus
556 2286 650 2308 servus
675 2286 813 2308 servorum
836 2279 892 2312 Dei,
924 2286 977 2308 om-

273 2324 351 2352 nibus
367 2324 501 2359 episcopis
520 2324 671 2357 catholicis,
692 2325 837 2359 cunctoque
856 2324 927 2352 clero
951 2326 979 2353 et

269 2369 375 2405 populo,
389 2368 506 2397 satutem
518 2370 546 2397 et
564 2369 740 2404 apostolicam
758 2369 978 2398 benedictionem.

275 2431 443 2478 Vigilantia
457 2431 641 2466 universalis
651 2431 809 2466 Ecclesiae
819 2432 979 2478 regiminis

227 2480 386 2516 assiduam
402 2480 636 2515 solicitudinem
650 2481 802 2516 debentes
817 2481 977 2526 omnibus,

227 2542 307 2577 quae
329 2530 361 2565 in
383 2530 643 2565 Constantiniana
667 2530 789 2577 synodo
812 2542 911 2576 nuper
926 2543 979 2566 ce-

227 2579 344 2615 lebrata
369 2591 474 2615 coram
502 2588 628 2614 centum
652 2579 788 2626 amplius
810 2580 978 2627 episcopis,

261 2651 385 2716 Ι(ί)1ἱ,79ξ,θ
399 2653 566 2685 sexagesimo.
606 2650 645 2685 (2)
666 2650 704 2676 Ex
720 2649 820 2677 Concil.
843 2653 906 2677 torn.
929 2659 978 2684 xii,

228 2697 278 2717 co.
314 2699 329 2716 a
350 2710 357 2716 .

1685 293 1732 326 ⁶27»

1027 362 1098 396 licet
1123 361 1212 395 nobis
1231 360 1395 395 immeritis
1418 358 1682 406 praesidentibus.
1705 366 1780 393 sunt

1026 410 1177 445 canonice
1205 411 1359 449 instituta,
1385 409 1473 444 vobis
1500 409 1661 444 notificare
1688 421 1780 442 cura-

1027 472 1113 500 mus;
1137 459 1209 507 quia
1232 459 1270 493 ad
1289 459 1423 494 salutem
1447 467 1579 493 vestram
1594 465 1779 493 executores

1025 522 1133 543 eorum
1160 521 1214 543 vos
1240 520 1309 543 esse
1337 517 1482 555 optamus
1500 535 1508 551 ,
1543 516 1572 542 et
1606 507 1778 554 apostoliea

1024 558 1211 593 auctoritate
1238 557 1378 592 iubendo
1405 558 1604 592 mandamus.

1286 649 1513 685 CAPITULA.

1388 744 1412 778 Ι.

1071 813 1179 848 Primo
1202 826 1339 861 namque
1362 815 1541 861 inspectore
1564 814 1641 855 Deo,
1665 815 1743 849 sicut
1760 828 1774 850 a

1022 871 1130 897 sancto
1150 875 1226 908 papa
1242 863 1360 904 Leone,
1382 872 1412 898 et
1427 877 1442 898 a
1458 872 1584 899 sanctae
1605 865 1775 899 memoriae

1023 911 1106 959 Papa
1128 912 1259 947 Nicolao
1280 913 1418 959 primum
1439 921 1592 947 statutum
1616 921 1679 954 est3
1702 925 1774 958 erga

1022 961 1212 996 simoniacos
1241 962 1358 996 nullam
1387 962 1633 997 misericordiam
1664 963 1692 996 in
1726 963 1776 996 di-

1021 1011 1137 1056 gnitate
1163 1011 1316 1046 servanda
1341 1011 1516 1046 habendam
1540 1024 1608 1047 esse
1628 1012 1776 1046 decerni-

1023 1072 1091 1094 mns
1113 1063 1173 1104 (1);
1196 1060 1250 1094 sed
1274 1061 1358 1096 iuxta
1380 1073 1538 1096 canonum
1553 1061 1732 1096 sanctiones
1745 1069 1775 1095 et

1021 1108 1145 1144 decreta
1179 1117 1360 1145 sanctorum
1395 1111 1522 1145 Patrum
1556 1123 1611 1145 eos
1643 1111 1774 1145 omniuo

1021 1158 1219 1199 damnamus,
1247 1172 1283 1194 ac
1306 1159 1336 1194 in
1364 1159 1506 1195 Ecclesia
1531 1172 1590 1195 non
1616 1172 1773 1206 praeesse,

1021 1208 1193 1254 apostolica
1215 1209 1398 1244 auctoritate
1420 1210 1580 1245 sancimus
1601 1211 1656 1254 (2).

1378 1302 1418 1337 Π.

1067 1393 1115 1429 De
1137 1394 1186 1429 his
1208 1402 1324 1437 autem,
1352 1396 1405 1442 qui
1428 1408 1492 1431 non
1515 1409 1571 1443 per
1592 1397 1771 1444 pecuniam,

1019 1442 1075 1477 sed
1110 1445 1207 1489 gratis
1241 1453 1315 1479 sunt
1349 1457 1366 1480 a
1403 1446 1584 1480 simoniacis
1620 1447 1771 1489 ordinati;

1019 1492 1091 1538 quia
1113 1493 1255 1538 quaesita
1282 1493 1341 1528 iam
1366 1494 1460 1541 longo
1480 1503 1632 1541 tempore,
1651 1496 1771 1531 diutius

1020 1541 1166 1576 ventilata
1202 1551 1249 1577 est
1282 1544 1447 1589 quaestio,
1483 1556 1609 1579 omnem
1651 1545 1770 1581 nodum

1019 1589 1188 1626 dubietatis
1214 1591 1429 1633 absolvimus,
1465 1593 1504 1628 ita
1532 1602 1566 1627 ut
1593 1607 1688 1641 super
1710 1595 1770 1630 hoc

1018 1640 1155 1686 capitulo
1177 1642 1335 1676 neminem
1358 1642 1507 1690 deinceps
1525 1643 1683 1689 ambigere
1704 1656 1771 1691 per-

1018 1690 1191 1725 mittamus.
1223 1690 1306 1732 Quia
1338 1691 1433 1737 igitur
1462 1705 1560 1739 usque
1585 1693 1664 1727 adeo
1693 1693 1770 1728 haec

1019 1748 1170 1774 venenata
1193 1741 1348 1786 pernicies
1375 1741 1528 1775 hactenus
1555 1741 1708 1783 inolevit,
1737 1752 1770 1778 ut

1018 1788 1068 1822 vix
1089 1789 1246 1835 quaelibet
1263 1789 1403 1825 Ecclesia
1421 1791 1518 1825 valeat
1533 1791 1674 1838 reperiri,
1689 1804 1769 1838 quae

1019 1837 1078 1872 hoc
1091 1838 1200 1873 morbo
1214 1851 1276 1873 non
1291 1840 1330 1874 sit
1342 1840 1444 1887 aliqua
1459 1852 1495 1874 ex
1513 1849 1598 1886 parte
1609 1850 1768 1888 corrupta,

1018 1898 1083 1925 eos,
1106 1888 1158 1934 qui
1182 1900 1281 1934 usque
1301 1889 1394 1923 modo
1416 1890 1511 1935 gratis
1533 1898 1606 1924 sunt
1633 1903 1647 1924 a
1671 1891 1769 1925 simo-

1018 1936 1117 1970 niacis
1139 1937 1284 1978 ordinati,
1307 1950 1370 1972 non
1393 1946 1454 1973 tam
1474 1939 1602 1973 obtentu
1622 1939 1767 1980 iustitiae,

1018 1997 1112 2032 qnam
1145 1986 1259 2021 intuitu
1283 1987 1518 2023 misericordiae
1535 2016 1542 2028 ,
1576 1988 1606 2022 in
1629 1990 1769 2036 acceptis

992 2059 994 2061 .
1018 2034 1183 2070 ordinibus
1204 2048 1332 2071 manere
1355 2037 1580 2083 permittimus3
1603 2038 1661 2072 nisi
1690 2038 1768 2073 sorte

1018 2084 1075 2118 alia
1088 2084 1179 2131 culpa
1195 2097 1232 2119 ex
1247 2086 1307 2120 vita
1322 2097 1430 2134 eorum
1444 2087 1617 2121 secundum
1631 2099 1768 2122 canones

1018 2133 1063 2167 eis
1076 2133 1216 2168 obsistat.
1234 2134 1332 2169 Tanta
1345 2136 1461 2182 quippe
1475 2136 1581 2171 talium
1598 2137 1768 2172 multitudo

1018 2190 1076 2227 est,
1092 2190 1124 2217 ut
1146 2183 1220 2218 dum
1237 2184 1371 2230 rigorem
1385 2185 1527 2220 canonici
1544 2186 1660 2232 vigoris
1673 2198 1769 2233 super

1019 2243 1072 2266 eos
1094 2244 1217 2267 servare
1239 2245 1300 2268 non
1326 2246 1506 2281 possumus,
1523 2247 1651 2269 necesse
1666 2235 1717 2275 sit,
1734 2244 1768 2269 ut

1019 2280 1251 2327 dispensatione
1272 2283 1310 2317 ad
1335 2283 1385 2330 pie
1406 2283 1684 2318 condescensionis
1705 2293 1769 2319 stu-

1019 2329 1106 2363 dium
1129 2339 1252 2365 nostros
1273 2332 1395 2366 animos
1416 2333 1618 2379 adpraesens
1642 2333 1768 2369 incline-

1019 2391 1099 2412 mus.
1122 2379 1166 2414 lta
1187 2386 1304 2419 tamen,
1327 2389 1361 2415 ut
1382 2382 1566 2416 auctoritate
1586 2390 1767 2418 sanctorum

1019 2428 1232 2474 apostolorum
1260 2429 1343 2464 Petri
1382 2438 1413 2464 et
1450 2431 1539 2465 Pauli
1575 2431 1768 2467 omnimodis

1020 2477 1256 2522 interdicamus,
1279 2490 1318 2513 ne
1339 2478 1453 2526 aliquis
1468 2492 1684 2515 successorum
1703 2494 1768 2516 no—

1019 2534 1155 2561 strorum
1168 2539 1205 2561 ex
1221 2528 1277 2562 liae
1288 2537 1392 2562 nostra
1405 2529 1611 2575 permissione
1627 2530 1766 2577 regulam

1019 2576 1090 2621 sibi,
1114 2577 1159 2610 rel
1181 2576 1276 2612 alicui
1297 2586 1410 2619 sumat,
1435 2578 1480 2613 vel
1505 2579 1673 2625 praefigam
1697 2581 1767 2627 quia

1054 2651 1094 2686 (l)
1115 2652 1178 2686 Cap.
1197 2653 1267 2684 Erqa
1286 2655 1439 2680 simoniacos
1456 2662 1474 2686 Ι,
1492 2662 1518 2689 q.
1546 2661 1565 2681 Ι.
1603 2655 1642 2690 (⁹2)
1659 2655 1767 2682 Decreta

1021 2692 1120 2719 Nicolai
1138 2693 1186 2718 Pr.
1207 2693 1238 2718 li.

1801 303 1849 330 An.
1869 303 1896 331 C.
1915 300 1982 328 1063

1826 837 1936 867 Damnatin
1957 837 1984 857 si-

1799 870 1907 884 moniacae
1937 870 1983 889 [im-

1801 893 1876 911 utatis,

1824 1423 1865 1443 Pro
1885 1428 1939 1443 nunc
1955 1424 1984 1442 tn-

1798 1450 1896 1470 lerandas
1930 1450 1985 1469 Ofill-

1798 1477 1895 1497 nationes
1920 1476 1984 1499 gratis

1798 1509 1836 1528 per
1857 1503 1983 1523 sii-noniacos

1799 1531 1873 1551 tactas.

1824 2154 1874 2174 Sota
1896 2157 1982 2180 urgento

1797 2182 1941 2201 iit-ressitaten
1952 2188 1983 2201 <4-

1797 2209 1837 2228 t't'js
1867 2208 1983 2227 ‹junonibus-

1797 2235 1946 2254 recetlvnlutii.
