2180 3205
211 243 260 268 An.
279 241 306 269 C.
329 242 394 269 11Ὶέ

236 1434 352 1456 ῢιυςυῐεε,

226 2277 312 2305 ungenti
327 2276 366 2298 PP.

207 2388 229 2406 et.
243 2384 262 2404 S.
283 2383 306 2403 tt.
328 2383 353 2404 Ec
357 2384 384 2404 e.t

229 2415 364 2436 cardinalium

206 2446 382 2472 nubseriptioues.

459 231 527 263 57ss
992 238 1176 262 crimmum
1199 239 1360 262 nomam!
1953 235 2002 262 An.
2020 234 2047 262 C.
2069 236 2134 262 1152

407 293 644 328 Ratisbonensis
671 291 838 341 episeopus
851 293 1012 328 Ecclesiae
1035 303 1151 327 vestrae

408 344 519 377 intuitu
548 343 720 377 devotionis
754 344 833 377 'tuae
867 344 1037 383 concessit,
1066 343 1152 377 vobis

406 401 435 427 et
473 405 527 438 per
568 404 622 426 vos
662 393 718 438 ipsi
748 392 906 427 Ecclesiae
946 393 1151 426 nihilominus

321 449 391 468 =¹=⁰=¹i-
406 442 639 476 confirmamus.
674 442 870 481 Statuimus,
906 442 1082 488 praeterea,
1119 450 1149 475 ut

299 486 392 530 ¹.,'.'..,'⁰{‡
405 491 481 525 ordo
503 492 686 530 canonicus,
708 491 760 539 qni
782 491 957 526 secundum
979 491 1016 525 B.
1040 492 1150 537 Augu-

404 541 475 574 stini
499 540 638 586 regulam
657 541 685 574 in
709 541 819 575 eodem
834 541 902 575 loco
918 541 1057 575 noscitur
1073 552 1150 574 con-

403 591 542 634 stitutus,
553 590 712 637 perpetuis
723 590 838 625 ibidem
851 590 1044 637 temporibus
1056 590 1148 624 invio-

403 639 535 674 labiliter
553 649 763 674 conservetur.
779 639 813 674 In
832 639 1061 687 parochialibus
1077 652 1148 673 vero

402 689 555 732 ecclesiis,
577 701 655 736 quas
677 690 800 729 tenetis
829 689 1026 737 1)resli)tet·os
1048 689 1149 735 eliga-

401 739 451 778 ιί5
467 747 497 773 et
511 740 661 786 episcopo
676 739 893 794 praesentetis
908 739 1023 786 quibus
1037 738 1061 773 si
1079 738 1148 772 ido-

401 789 449 822 nei
486 788 610 829 suerint,
632 789 803 837 episcopus
836 789 1011 823 animarum
1040 800 1146 823 cutam

400 838 594 882 committat,
629 846 662 872 ut
700 838 739 873 de
773 838 873 886 plebis
907 838 1034 885 quidem
1072 850 1146 872 cura

399 887 549 934 episcopo
578 887 727 922 rationem
764 887 912 928 reddant,
951 887 1037 922 vobis
1075 899 1146 922 vero

399 949 456 983 pro
496 936 719 984 temporalibus
754 937 890 972 debitam
917 936 1145 971 subiectionem

399 987 574 1022 exhibeant.
590 986 795 1021 Decernimns
814 999 899 1033 ergo,
923 996 954 1021 ut
977 986 1055 1020 nulli
1077 998 1146 1020 om-

399 1036 475 1070 nino
489 1036 651 1071 hominnm
666 1036 767 1077 liceat,
788 1036 955 1084 praefatam
973 1035 1144 1070 Ecclesiam

399 1094 516 1120 temere
542 1086 739 1133 perturbare,
767 1095 819 1121 aut
841 1098 908 1121 eius
931 1085 1145 1132 possessiones

398 1134 531 1179 auferre,
550 1135 597 1170 vel
614 1135 731 1170 ablatas
752 1138 898 1180 retinere,
919 1135 1073 1175 minuere,
1092 1143 1146 1169 aut

397 1184 554 1231 aliquibus
569 1185 785 1220 vexationibus
806 1185 949 1231 fatigare;
971 1185 1025 1219 sed
1040 1184 1144 1219 omnia

397 1234 516 1280 integra
536 1244 771 1276 conserventur,
797 1247 917 1275 eorum,
934 1246 988 1281 pro
1010 1246 1143 1281 quorum

396 1283 623 1329 gubernatione
654 1293 684 1318 et
711 1284 960 1319 substentatione
993 1295 1144 1318 concessa

397 1341 480 1378 sunt,
508 1333 617 1368 usibus
640 1333 830 1368 omnimodis
857 1333 1033 1380 profutura;
1061 1334 1141 1367 salva

397 1382 572 1417 dioecesani
599 1383 738 1431 episcopi
765 1383 914 1418 canonica
957 1382 1082 1417 iustitia.
1109 1382 1141 1418 Si

397 1444 456 1479 qua
480 1432 572 1478 igitur
594 1433 624 1467 in
648 1432 785 1468 futurum
809 1432 1016 1467 ecclesiastiea
1040 1444 1144 1467 saecu-

398 1481 507 1516 larisve
522 1495 664 1529 persona,
680 1482 759 1517 hanc
774 1491 896 1517 nostrae
913 1482 1144 1516 constitutionis

397 1532 540 1578 paginam
554 1532 666 1573 sciens,
689 1541 795 1567 contra
814 1544 882 1567 eam
896 1540 1012 1566 temere
1035 1532 1143 1566 venire

397 1581 582 1620 tentaverit,
617 1581 756 1616 secundo
783 1582 912 1616 tertiove
940 1581 1142 1625 commonita,

397 1631 422 1665 si
446 1643 506 1664 uon
529 1630 737 1666 satisfactione
763 1643 900 1678 congrua
916 1630 1139 1670 emendaverit

399 1681 561 1727 potestatis
576 1680 768 1728 honorisque
789 1683 837 1715 sui
852 1681 1002 1727 dignitate
1023 1688 1144 1724 careat,

398 1741 545 1776 reamque
567 1742 600 1764 se
615 1730 723 1765 divino
740 1730 856 1765 iudicio
867 1731 999 1765 existere
1018 1729 1057 1763 de
1072 1742 1144 1776 per-

398 1786 515 1826 petrata
546 1779 708 1827 iniquitate
735 1788 919 1827 cognoscat,
945 1788 974 1814 et
995 1791 1011 1813 a
1033 1791 1144 1813 sacra-

397 1828 520 1863 tissimo
532 1827 672 1876 Corpore
685 1837 715 1863 et
729 1829 889 1875 Sanguine
902 1829 959 1863 Dei
975 1837 1004 1864 et
1017 1828 1143 1863 Domini

397 1877 619 1925 Redemptoris
650 1879 745 1913 nostri
784 1878 853 1914 lesu
888 1878 1004 1913 Christi
1045 1877 1143 1913 aliena

399 1927 462 1967 flat,
483 1935 576 1975 atque
598 1929 628 1962 in
651 1936 790 1963 extremo
816 1928 959 1963 examine
986 1928 1144 1962 districtae

399 1977 508 2012 ultioni
543 1977 718 2018 subiaceat;
753 1979 876 2013 cunctis
905 1987 1009 2012 autem
1042 1977 1143 2011 eidem

400 2026 468 2061 loco
504 2027 580 2061 iusta
615 2027 809 2062 servantibus
846 2028 885 2062 sit
926 2040 984 2074 pax
1017 2026 1145 2061 Domini

400 2076 495 2111 nostri
518 2076 587 2111 lesu
615 2076 752 2116 Christi
777 2086 933 2133 quate-'nus
952 2086 983 2112 et
1001 2076 1052 2111 hic
1072 2076 1146 2110 fru-

399 2134 484 2160 ctum
507 2125 608 2161 bonae
629 2127 758 2162 actionis
792 2127 977 2182 percipiant,
1004 2133 1034 2161 et
1061 2125 1146 2173 apud

399 2175 574 2210 districtum
590 2175 729 2211 Iudicem
747 2176 882 2224 praemia
901 2184 1045 2212 aeternae
1060 2176 1147 2223 pacis

401 2225 569 2259 inteniant.
593 2225 708 2260 Amen.

449 2274 520 2309 Eoo
541 2274 708 2310 Eooemos
721 2274 891 2311 catholicae
907 2275 1069 2310 Ecclesiae
1084 2274 1149 2322 epi-

401 2336 516 2370 scopus
537 2337 578 2359 ss.

449 2373 619 2420 Gregorius
641 2374 744 2422 presb
774 2373 940 2410 cardinalis
962 2374 1006 2409 tit.
1033 2374 1067 2410 S.
1093 2372 1148 2408 Ca-

402 2422 466 2457 lixti
489 2423 593 2458 subsc.

451 2472 517 2518 Ego
545 2472 649 2508 lulius
686 2472 788 2521 presb.
817 2472 901 2508 card.
930 2473 1012 2508 tituli
1040 2472 1148 2508 Sancti

402 2521 539 2556 Marcelli
567 2534 608 2556 ss.

452 2570 642 2605 Octavianus
661 2572 762 2618 presb.
779 2572 944 2607 cardinalis
959 2572 1003 2607 tit.
1025 2571 1058 2607 S.
1074 2571 1151 2607 Cae-

403 2619 492 2655 ciliae
517 2620 621 2656 subsc.

1241 293 1354 327 Datum
1377 292 1495 327 Romae
1523 290 1604 339 apud
1631 290 1779 326 Sanctum
1808 291 1936 326 Petrum

1193 354 1247 386 per
1280 354 1404 376 manum
1443 341 1578 376 Bosonis
1612 349 1736 376 sanctae
1775 341 1937 376 Romanae

1192 391 1351 426 Ecclesiae
1373 391 1545 438 scriptotis,
1569 391 1608 424 id.
1637 390 1727 431 febr.
1750 390 1857 425 indict.
1878 402 1936 430 xV,

1192 441 1310 475 incarn.
1347 441 1465 474 domin.
1497 452 1580 474 anuo
1608 452 1710 482 Menti,
1738 440 1936 486 pontificatus

1193 502 1264 524 iero
1290 490 1397 525 domni
1424 489 1560 535 Eugenii
1583 489 1624 523 Ill
1648 489 1749 534 Papae
1770 501 1852 523 anno
1880 501 1934 523 tu.

1223 547 1284 577 Dat.
1303 547 1350 577 die
1372 547 1405 577 13
1424 525 1570 576 rebium-is
1591 556 1667 576 anno
1689 545 1803 576 Domini
1820 546 1905 583 1152,

1433 590 1535 630 pontis.
1554 600 1630 619 anno
1652 599 1700 620 vu.

1505 713 1616 748 XLVI.

1189 781 1388 826 Confirmatio
1411 783 1563 826 primatus
1589 782 1616 814 T
1614 782 1751 815 oletanae
1786 782 1935 815 Erclesiae

1187 842 1277 875 super
1298 839 1430 866 caeteras
1459 832 1609 865 Ecclesias
1634 832 1860 876 Hispaniarum
1876 833 1932 874 (1).

1455 904 1667 935 SUMMARIUM

1188 955 1318 987 Potestas
1343 957 1453 996 ligandi
1477 963 1563 997 atque
1582 958 1713 988 solvendi
1742 957 1826 988 beato
1848 958 1933 989 Petro

1227 1005 1255 1030 et
1282 1002 1505 1032 suecessoribus
1529 1001 1730 1041 principaliter
1757 1003 1868 1032 tradita.
1895 1020 1935 1026 —-

1227 1044 1492 1075 Praedecessorum
1516 1055 1595 1075 more
1611 1046 1831 1086 archiepiscopo
1849 1047 1935 1077 Tole-

1228 1094 1294 1119 tano
1313 1099 1402 1129 super
1420 1091 1516 1120 onmia
1535 1090 1742 1129 Hispaniarum
1761 1100 1849 1130 regna
1869 1092 1932 1131 pri-

1227 1138 1355 1170 matum,
1384 1144 1438 1164 nec
1468 1144 1524 1164 non
1551 1135 1631 1174 pallii
1662 1145 1749 1165 usum
1780 1137 1934 1167 confirmat

1225 1178 1366 1208 Pontifex.
1387 1196 1426 1202 —-
1443 1179 1543 1208 Eidem
1566 1179 1651 1216 bona,
1674 1180 1736 1209 iura
1759 1185 1787 1210 et
1810 1181 1932 1211 iurisdi-

1227 1223 1338 1253 ctiones
1361 1224 1523 1253 confirmat.
1550 1240 1590 1245 —
1616 1223 1655 1254 De
1678 1225 1888 1265 metropolibus
1914 1235 1929 1256 a

1225 1268 1378 1298 Saracenis
1400 1268 1558 1307 occupatis.
1575 1285 1614 1290 —
1631 1268 1794 1299 Clausulae.

1184 1336 1302 1374 Eugenius
1327 1336 1445 1374 episcopus
1472 1344 1548 1364 servus
1582 1344 1696 1365 servorum
1728 1335 1779 1374 Dei,
1804 1337 1930 1368 venerabili

1224 1380 1286 1409 [ratri
1307 1379 1386 1409 loanni
1417 1379 1530 1408 Toletano
1551 1379 1732 1419 archiepiscopo,
1761 1381 1856 1420 eiusque
1879 1391 1929 1411 suc-

1224 1423 1350 1454 cessoribus
1367 1426 1476 1454 canonice
1498 1424 1669 1462 substituendis,
1692 1425 1715 1454 in
1743 1430 1887 1465 perpetuum.

1233 1491 1424 1526 Potestatem
1459 1491 1574 1537 ligandi
1602 1499 1694 1538 atque
1720 1492 1861 1527 solvendi
1896 1494 1927 1528 in
1956 1510 2125 1538 fflestasrgan.

1184 1541 1271 1575 caelo
1298 1548 1328 1575 et
1362 1541 1391 1574 in
1425 1548 1505 1575 terra
1539 1540 1629 1575 beato
1669 1540 1773 1582 Petro,
1799 1543 1928 1590 eiusque
1941 1543 2126 1595 ξὲῃέ“ξζῇᾒῖἐ“

1185 1590 1430 1631 successoribus,
1452 1598 1577 1625 anctore
1602 1590 1750 1632 Domino,
1779 1592 1982 1640 principa-uo
1999 1580 2126 1625 ἐιῖιιὲεες-

1186 1639 1255 1674 liter
1277 1640 1433 1684 traditam,
1461 1639 1521 1674 illis
1546 1639 1687 1674 Ecclesia
1715 1640 1817 1676 verbis
1830 1654 1930 1687 agno·
1942 1636 2025 1695 ζζῖξῖζξ
2042 1637 2126 1687 ,Ἓὲἧζ

1185 1689 1254 1728 scit‚
1281 1689 1396 1736 quibus
1431 1689 1560 1724 Petrum
1595 1696 1642 1724 est
1669 1689 1750 1725 iden]
1772 1690 1930 1726 Dominus

1185 1739 1352 1774 allocutus:
1393 1738 1619 1793 Quaecumque
1658 1738 1801 1785 ligaveris
1836 1753 1931 1788 super

1185 1796 1312 1832 terram,
1333 1796 1425 1823 erunt
1445 1787 1536 1834 ligata
1558 1795 1589 1823 et
1609 1788 1640 1822 in
1663 1788 1772 1831 caelis;
1787 1798 1818 1825 et
1833 1802 1932 1837 quae-

1185 1850 1322 1885 cumque
1343 1816 1487 1873 solverisD
1499 1850 1594 1885 super
1616 1846 1741 1878 terram
1767 1848 1859 1874 erunt
1884 1853 1933 1876 so-

1186 1886 1249 1921 luta
1264 1888 1334 1922 etin
1347 1887 1485 1930 caelis&
1488 1887 1718 1934 ).Ipsiquoque
1738 1898 1769 1923 et
1790 1890 1932 1936 propriae

1188 1937 1355 1980 firmitatis,
1378 1945 1407 1971 et
1433 1937 1551 1972 alienae
1578 1937 1648 1972 fidei
1671 1937 1866 1973 confirmatio
1891 1939 1931 1974 ab

1187 1985 1297 2020 eodem
1320 1986 1387 2021 Deo
1409 1994 1544 2033 paratur,
1562 1998 1633 2021 cum
1648 1986 1686 2021 ad
1707 1999 1779 2022 eum
1799 1987 1929 2022 dicitur:

1188 2035 1305 2082 Rogavi
1325 2048 1381 2083 pro
1397 2044 1437 2080 te,
1452 2036 1554 2077 Petre,
1578 2044 1610 2070 ut
1632 2048 1693 2071 non
1708 2036 1831 2071 deficiat
1854 2037 1932 2072 fides

1189 2093 1256 2125 tua;
1284 2094 1314 2119 et
1336 2094 1367 2119 tu
1395 2085 1562 2133 aliquando
1588 2097 1757 2120 conversus
1782 2086 1931 2122 confirma

1188 2134 1297 2169 fratres
1324 2143 1392 2169 tuos
1416 2138 1468 2180 (5).
1497 2134 1630 2182 Oportet
1643 2147 1718 2182 ergo
1733 2147 1802 2180 nOS,
1820 2136 1872 2183 qui
1888 2135 1932 2170 li-

1187 2192 1236 2218 cet
1271 2183 1411 2230 indigni,
1451 2184 1531 2220 beati
1566 2184 1651 2219 Petri
1688 2184 1864 2220 residemus
1902 2186 1931 2220 in

1188 2233 1268 2273 loco,
1292 2241 1384 2281 prout
1405 2233 1509 2269 diviua
1538 2234 1628 2269 nobis
1662 2234 1826 2269 clementia
1852 2235 1932 2270 scire

1188 2291 1219 2317 et
1240 2295 1331 2330 posse
1357 2283 1530 2328 donaverit,
1553 2296 1644 2327 prava
1662 2283 1828 2330 corrigere,
1851 2293 1933 2319 recta

1190 2332 1323 2374 firmare,
1345 2341 1376 2367 et
1391 2333 1421 2367 in
1437 2333 1523 2368 omni
1537 2333 1679 2368 Ecclesia
1700 2333 1746 2368 sic
1759 2333 1797 2368 ad
1813 2334 1932 2368 aeterni

1189 2381 1352 2417 arbitrium
1380 2382 1498 2418 Iudicis
1524 2381 1720 2430 disponenda
1754 2383 1933 2429 disponere,

1190 2440 1224 2466 ut
1245 2431 1284 2466 de
1310 2431 1396 2467 vultu
1423 2433 1492 2467 eius
1518 2432 1668 2467 iudicium
1696 2440 1836 2466 nostrum
1861 2444 1934 2479 pro-

1190 2481 1271 2525 deat,
1293 2489 1323 2516 et
1344 2481 1427 2516 oculi
1451 2482 1548 2517 nostri
1578 2481 1702 2516 videant
1734 2481 1932 2528 aequitatem.

1190 2530 1267 2565 Tuis
1285 2531 1400 2578 itaque,
1415 2531 1526 2566 dilecte
1542 2531 1573 2566 in
1595 2529 1721 2566 Christo
1742 2529 1778 2564 l'r.
1802 2530 1934 2565 loannes

1228 2596 1267 2631 (l)
1284 2596 1322 2622 Ex
1339 2596 1450 2629 Coneil„
1468 2600 1530 2623 torn.
1549 2604 1599 2629 xit,
1611 2596 1750 2623 col.1619.
1790 2595 1829 2630 (⁰2)
1841 2596 1933 2624 Mattu.

1191 2643 1249 2669 xvi,
1274 2636 1312 2663 19.
1332 2635 1368 2673 (n.
1382 2637 1422 2672 T.)
1459 2637 1499 2673 (5)
1515 2638 1577 2664 Luc.
1593 2636 1716 2669 xxn,52.
1734 2638 1769 2673 (a.
1791 2638 1831 2673 T.)
