<?xml version="1.0" encoding="UTF-8"?>
<!DOCTYPE html PUBLIC "-//W3C//DTD XHTML 1.0 Transitional//EN"
    "http://www.w3.org/TR/xhtml1/DTD/xhtml1-transitional.dtd">
<html xmlns="http://www.w3.org/1999/xhtml" xml:lang="en" lang="en">
 <head>
  <title>
</title>
<meta http-equiv="Content-Type" content="text/html;charset=utf-8" />
  <meta name='ocr-system' content='tesseract 3.04.00' />
  <meta name='ocr-capabilities' content='ocr_page ocr_carea ocr_par ocr_line ocrx_word'/>
</head>
<body>
  <div class='ocr_page' id='page_1' title='image "./bullarumdiplomat02cath_0506.png"; bbox 0 0 2180 3205; ppageno 0'>
   <div class='ocr_carea' id='block_1_1' title="bbox 202 244 252 272">
    <p class='ocr_par' dir='ltr' id='par_1_1' title="bbox 202 244 252 272">
     <span class='ocr_line' id='line_1_1' title="bbox 202 244 252 272; baseline -0.02 0"><span class='ocrx_word' id='word_1_1' title='bbox 202 244 252 272; x_wconf 68' lang='lat' dir='ltr'>Art.</span> 
     </span>
    </p>
   </div>
   <div class='ocr_carea' id='block_1_2' title="bbox 201 306 385 385">
    <p class='ocr_par' dir='ltr' id='par_1_2' title="bbox 201 306 385 385">
     <span class='ocr_line' id='line_1_2' title="bbox 201 306 385 327; baseline 0.011 -2"><span class='ocrx_word' id='word_1_2' title='bbox 201 310 220 326; x_wconf 73' lang='lat' dir='ltr'>et</span> <span class='ocrx_word' id='word_1_3' title='bbox 237 306 255 325; x_wconf 62' lang='lat' dir='ltr'>S.</span> <span class='ocrx_word' id='word_1_4' title='bbox 274 306 295 326; x_wconf 81' lang='lat' dir='ltr'>R.</span> <span class='ocrx_word' id='word_1_5' title='bbox 312 306 385 327; x_wconf 57' lang='lat' dir='ltr'>Enete-</span> 
     </span>
     <span class='ocr_line' id='line_1_3' title="bbox 214 338 371 356; baseline 0.006 -1"><span class='ocrx_word' id='word_1_6' title='bbox 214 338 256 356; x_wconf 46' lang='grc' dir='ltr'>,κῇ-ι·</span> <span class='ocrx_word' id='word_1_7' title='bbox 271 338 371 356; x_wconf 72' lang='lat' dir='ltr'>cardin-i-</span> 
     </span>
     <span class='ocr_line' id='line_1_4' title="bbox 214 366 261 385; baseline -0.021 0"><span class='ocrx_word' id='word_1_8' title='bbox 214 366 261 385; x_wconf 79' lang='lat' dir='ltr'>lium</span> 
     </span>
    </p>
   </div>
   <div class='ocr_carea' id='block_1_3' title="bbox 272 245 382 272">
    <p class='ocr_par' dir='ltr' id='par_1_3' title="bbox 272 245 382 272">
     <span class='ocr_line' id='line_1_5' title="bbox 272 245 382 272; baseline 0 0"><span class='ocrx_word' id='word_1_9' title='bbox 272 245 298 272; x_wconf 67' lang='lat' dir='ltr'>C.</span> <span class='ocrx_word' id='word_1_10' title='bbox 318 247 382 272; x_wconf 74' lang='grc' dir='ltr'>111ιί</span> 
     </span>
    </p>
   </div>
   <div class='ocr_carea' id='block_1_4' title="bbox 247 366 371 422">
    <p class='ocr_par' dir='ltr' id='par_1_4' title="bbox 247 366 371 422">
     <span class='ocr_line' id='line_1_6' title="bbox 277 366 371 386; baseline 0.011 -1"><span class='ocrx_word' id='word_1_11' title='bbox 277 366 371 386; x_wconf 61' lang='lat' dir='ltr'>subscri-</span> 
     </span>
     <span class='ocr_line' id='line_1_7' title="bbox 247 396 339 422; baseline 0.011 -8"><span class='ocrx_word' id='word_1_12' title='bbox 247 396 339 422; x_wconf 62' lang='lat' dir='ltr'>ptiones.</span> 
     </span>
    </p>
   </div>
   <div class='ocr_carea' id='block_1_5' title="bbox 231 2423 341 2445">
    <p class='ocr_par' dir='ltr' id='par_1_5' title="bbox 231 2423 341 2445">
     <span class='ocr_line' id='line_1_8' title="bbox 231 2423 341 2445; baseline 0.009 -1"><span class='ocrx_word' id='word_1_13' title='bbox 231 2423 341 2445; x_wconf 77' lang='lat' dir='ltr'>Exordium</span> 
     </span>
    </p>
   </div>
   <div class='ocr_carea' id='block_1_6' title="bbox 448 237 518 269">
    <p class='ocr_par' dir='ltr' id='par_1_6' title="bbox 448 237 518 269">
     <span class='ocr_line' id='line_1_9' title="bbox 448 237 518 269; baseline -0.014 0"><span class='ocrx_word' id='word_1_14' title='bbox 448 237 518 269; x_wconf 68' lang='lat'>488</span> 
     </span>
    </p>
   </div>
   <div class='ocr_carea' id='block_1_7' title="bbox 397 299 1149 1236">
    <p class='ocr_par' dir='ltr' id='par_1_7' title="bbox 448 299 1110 348">
     <span class='ocr_line' id='line_1_10' title="bbox 448 299 1110 348; baseline 0.005 -15"><span class='ocrx_word' id='word_1_15' title='bbox 448 300 515 345; x_wconf 78' lang='lat' dir='ltr'>Ego</span> <span class='ocrx_word' id='word_1_16' title='bbox 534 299 700 334; x_wconf 87' lang='lat' dir='ltr'>Conradus</span> <span class='ocrx_word' id='word_1_17' title='bbox 721 300 908 335; x_wconf 88' lang='lat' dir='ltr'>Sabiuensis</span> <span class='ocrx_word' id='word_1_18' title='bbox 930 301 1110 348; x_wconf 85' lang='lat' dir='ltr'>episcopus.</span> 
     </span>
    </p>

    <p class='ocr_par' dir='ltr' id='par_1_8' title="bbox 449 327 1149 398">
     <span class='ocr_line' id='line_1_11' title="bbox 449 327 1149 398; baseline 0.004 -16"><span class='ocrx_word' id='word_1_19' title='bbox 449 327 495 382; x_wconf 44' lang='grc' dir='ltr'>Εἴ</span> <span class='ocrx_word' id='word_1_20' title='bbox 477 361 517 395; x_wconf 75' lang='lat' dir='ltr'>go</span> <span class='ocrx_word' id='word_1_21' title='bbox 532 348 765 383; x_wconf 84' lang='lat' dir='ltr'>Theodewinns</span> <span class='ocrx_word' id='word_1_22' title='bbox 779 349 812 384; x_wconf 87' lang='lat' dir='ltr'>S.</span> <span class='ocrx_word' id='word_1_23' title='bbox 822 348 958 385; x_wconf 80' lang='lat' dir='ltr'>Rufinae</span> <span class='ocrx_word' id='word_1_24' title='bbox 971 351 1149 398; x_wconf 89' lang='lat' dir='ltr'>episcopus.</span> 
     </span>
    </p>

    <p class='ocr_par' dir='ltr' id='par_1_9' title="bbox 448 397 1148 447">
     <span class='ocr_line' id='line_1_12' title="bbox 448 397 1148 447; baseline 0.006 -16"><span class='ocrx_word' id='word_1_25' title='bbox 448 397 515 443; x_wconf 83' lang='lat' dir='ltr'>Ego</span> <span class='ocrx_word' id='word_1_26' title='bbox 531 397 712 445; x_wconf 80' lang='lat' dir='ltr'>Stephanus</span> <span class='ocrx_word' id='word_1_27' title='bbox 728 398 952 434; x_wconf 82' lang='lat' dir='ltr'>Praenestinus</span> <span class='ocrx_word' id='word_1_28' title='bbox 968 412 1148 447; x_wconf 83' lang='lat' dir='ltr'>episeopus.</span> 
     </span>
    </p>

    <p class='ocr_par' dir='ltr' id='par_1_10' title="bbox 447 446 1066 496">
     <span class='ocr_line' id='line_1_13' title="bbox 447 446 1066 496; baseline 0.007 -16"><span class='ocrx_word' id='word_1_29' title='bbox 447 446 516 493; x_wconf 83' lang='lat' dir='ltr'>Ego</span> <span class='ocrx_word' id='word_1_30' title='bbox 538 446 651 482; x_wconf 86' lang='lat' dir='ltr'>Petrus</span> <span class='ocrx_word' id='word_1_31' title='bbox 673 447 864 483; x_wconf 71' lang='lat' dir='ltr'>Albanensis</span> <span class='ocrx_word' id='word_1_32' title='bbox 886 449 1066 496; x_wconf 84' lang='lat' dir='ltr'>episcopus.</span> 
     </span>
    </p>

    <p class='ocr_par' dir='ltr' id='par_1_11' title="bbox 447 495 1123 544">
     <span class='ocr_line' id='line_1_14' title="bbox 447 495 1123 544; baseline 0.005 -15"><span class='ocrx_word' id='word_1_33' title='bbox 447 495 514 541; x_wconf 81' lang='lat' dir='ltr'>Ego</span> <span class='ocrx_word' id='word_1_34' title='bbox 536 495 605 531; x_wconf 91' lang='lat' dir='ltr'>GG.</span> <span class='ocrx_word' id='word_1_35' title='bbox 630 497 736 544; x_wconf 83' lang='lat' dir='ltr'>ptesb.</span> <span class='ocrx_word' id='word_1_36' title='bbox 761 498 846 533; x_wconf 84' lang='lat' dir='ltr'>card.</span> <span class='ocrx_word' id='word_1_37' title='bbox 870 498 916 532; x_wconf 91' lang='lat' dir='ltr'>tit.</span> <span class='ocrx_word' id='word_1_38' title='bbox 941 498 974 533; x_wconf 90' lang='lat' dir='ltr'>S.</span> <span class='ocrx_word' id='word_1_39' title='bbox 997 498 1123 533; x_wconf 80' lang='lat' dir='ltr'>Calixti.</span> 
     </span>
    </p>

    <p class='ocr_par' dir='ltr' id='par_1_12' title="bbox 447 544 1147 593">
     <span class='ocr_line' id='line_1_15' title="bbox 447 544 1147 593; baseline 0.003 -14"><span class='ocrx_word' id='word_1_40' title='bbox 447 544 516 591; x_wconf 76' lang='lat' dir='ltr'>Ego</span> <span class='ocrx_word' id='word_1_41' title='bbox 534 544 604 580; x_wconf 91' lang='lat' dir='ltr'>Goi.</span> <span class='ocrx_word' id='word_1_42' title='bbox 629 546 733 593; x_wconf 83' lang='lat' dir='ltr'>presb.</span> <span class='ocrx_word' id='word_1_43' title='bbox 761 547 846 582; x_wconf 88' lang='lat' dir='ltr'>card.</span> <span class='ocrx_word' id='word_1_44' title='bbox 861 548 905 582; x_wconf 92' lang='lat' dir='ltr'>tit.</span> <span class='ocrx_word' id='word_1_45' title='bbox 926 547 960 582; x_wconf 88' lang='lat' dir='ltr'>S.</span> <span class='ocrx_word' id='word_1_46' title='bbox 981 547 1147 583; x_wconf 75' lang='lat' dir='ltr'>Caeciliae.</span> 
     </span>
    </p>

    <p class='ocr_par' dir='ltr' id='par_1_13' title="bbox 445 593 1147 642">
     <span class='ocr_line' id='line_1_16' title="bbox 445 593 1147 642; baseline 0.003 -14"><span class='ocrx_word' id='word_1_47' title='bbox 445 593 515 641; x_wconf 80' lang='lat' dir='ltr'>Ego</span> <span class='ocrx_word' id='word_1_48' title='bbox 537 594 676 631; x_wconf 81' lang='lat' dir='ltr'>Thomas</span> <span class='ocrx_word' id='word_1_49' title='bbox 700 596 802 642; x_wconf 84' lang='lat' dir='ltr'>presb.</span> <span class='ocrx_word' id='word_1_50' title='bbox 828 597 913 632; x_wconf 84' lang='lat' dir='ltr'>card.</span> <span class='ocrx_word' id='word_1_51' title='bbox 935 596 969 631; x_wconf 91' lang='lat' dir='ltr'>S.</span> <span class='ocrx_word' id='word_1_52' title='bbox 988 597 1147 632; x_wconf 77' lang='lat' dir='ltr'>Vestinae.</span> 
     </span>
    </p>

    <p class='ocr_par' dir='ltr' id='par_1_14' title="bbox 447 642 1146 692">
     <span class='ocr_line' id='line_1_17' title="bbox 447 642 1146 692; baseline 0.004 -15"><span class='ocrx_word' id='word_1_53' title='bbox 447 642 514 689; x_wconf 83' lang='lat' dir='ltr'>Ego</span> <span class='ocrx_word' id='word_1_54' title='bbox 536 643 649 680; x_wconf 78' lang='lat' dir='ltr'>Ubald.</span> <span class='ocrx_word' id='word_1_55' title='bbox 677 645 782 692; x_wconf 84' lang='lat' dir='ltr'>ptesb.</span> <span class='ocrx_word' id='word_1_56' title='bbox 811 646 894 681; x_wconf 85' lang='lat' dir='ltr'>card.</span> <span class='ocrx_word' id='word_1_57' title='bbox 923 645 957 681; x_wconf 91' lang='lat' dir='ltr'>S.</span> <span class='ocrx_word' id='word_1_58' title='bbox 986 646 1146 681; x_wconf 77' lang='lat' dir='ltr'>praxedis.</span> 
     </span>
    </p>

    <p class='ocr_par' dir='ltr' id='par_1_15' title="bbox 447 691 1147 742">
     <span class='ocr_line' id='line_1_18' title="bbox 447 691 1147 742; baseline 0.006 -16"><span class='ocrx_word' id='word_1_59' title='bbox 447 691 515 740; x_wconf 83' lang='lat' dir='ltr'>Ego</span> <span class='ocrx_word' id='word_1_60' title='bbox 530 693 713 730; x_wconf 81' lang='lat' dir='ltr'>Manfredus</span> <span class='ocrx_word' id='word_1_61' title='bbox 728 695 831 742; x_wconf 91' lang='lat' dir='ltr'>presb.</span> <span class='ocrx_word' id='word_1_62' title='bbox 847 696 931 731; x_wconf 90' lang='lat' dir='ltr'>card.</span> <span class='ocrx_word' id='word_1_63' title='bbox 946 695 980 731; x_wconf 93' lang='lat' dir='ltr'>S.</span> <span class='ocrx_word' id='word_1_64' title='bbox 999 695 1147 730; x_wconf 79' lang='lat' dir='ltr'>Sabinae.</span> 
     </span>
    </p>

    <p class='ocr_par' dir='ltr' id='par_1_16' title="bbox 398 741 1147 828">
     <span class='ocr_line' id='line_1_19' title="bbox 447 741 1147 792; baseline 0.003 -15"><span class='ocrx_word' id='word_1_65' title='bbox 447 741 516 788; x_wconf 82' lang='lat' dir='ltr'>Ego</span> <span class='ocrx_word' id='word_1_66' title='bbox 548 742 623 778; x_wconf 89' lang='lat' dir='ltr'>Otto</span> <span class='ocrx_word' id='word_1_67' title='bbox 657 744 736 779; x_wconf 88' lang='lat' dir='ltr'>diac.</span> <span class='ocrx_word' id='word_1_68' title='bbox 770 744 938 781; x_wconf 80' lang='lat' dir='ltr'>cardinalis</span> <span class='ocrx_word' id='word_1_69' title='bbox 963 745 997 780; x_wconf 90' lang='lat' dir='ltr'>S.</span> <span class='ocrx_word' id='word_1_70' title='bbox 1020 744 1147 792; x_wconf 82' lang='lat' dir='ltr'>Georgii</span> 
     </span>
     <span class='ocr_line' id='line_1_20' title="bbox 398 754 752 828; baseline 0.009 -3"><span class='ocrx_word' id='word_1_71' title='bbox 398 790 436 826; x_wconf 90' lang='lat' dir='ltr'>ad</span> <span class='ocrx_word' id='word_1_72' title='bbox 458 754 571 827; x_wconf 34' lang='lat' dir='ltr'>{gelum</span> <span class='ocrx_word' id='word_1_73' title='bbox 598 793 752 828; x_wconf 80' lang='lat' dir='ltr'>Aureum.</span> 
     </span>
    </p>

    <p class='ocr_par' dir='ltr' id='par_1_17' title="bbox 397 840 1147 926">
     <span class='ocr_line' id='line_1_21' title="bbox 446 840 1147 887; baseline 0.006 -13"><span class='ocrx_word' id='word_1_74' title='bbox 446 840 514 887; x_wconf 83' lang='lat' dir='ltr'>Ego</span> <span class='ocrx_word' id='word_1_75' title='bbox 540 841 648 878; x_wconf 90' lang='lat' dir='ltr'>Guido</span> <span class='ocrx_word' id='word_1_76' title='bbox 670 842 748 878; x_wconf 87' lang='lat' dir='ltr'>diac.</span> <span class='ocrx_word' id='word_1_77' title='bbox 772 843 856 879; x_wconf 86' lang='lat' dir='ltr'>card.</span> <span class='ocrx_word' id='word_1_78' title='bbox 884 843 934 879; x_wconf 90' lang='lat' dir='ltr'>Ss.</span> <span class='ocrx_word' id='word_1_79' title='bbox 963 843 1099 879; x_wconf 86' lang='lat' dir='ltr'>Cosmae</span> <span class='ocrx_word' id='word_1_80' title='bbox 1119 852 1147 878; x_wconf 82' lang='lat' dir='ltr'>et</span> 
     </span>
     <span class='ocr_line' id='line_1_22' title="bbox 397 888 554 926; baseline 0.006 -2"><span class='ocrx_word' id='word_1_81' title='bbox 397 888 554 926; x_wconf 89' lang='lat' dir='ltr'>Damiani.</span> 
     </span>
    </p>

    <p class='ocr_par' dir='ltr' id='par_1_18' title="bbox 397 939 925 1024">
     <span class='ocr_line' id='line_1_23' title="bbox 446 939 925 986; baseline 0.004 -12"><span class='ocrx_word' id='word_1_82' title='bbox 446 939 515 986; x_wconf 86' lang='lat' dir='ltr'>Ego</span> <span class='ocrx_word' id='word_1_83' title='bbox 546 940 680 977; x_wconf 88' lang='lat' dir='ltr'>Ioannes</span> <span class='ocrx_word' id='word_1_84' title='bbox 719 941 799 977; x_wconf 87' lang='lat' dir='ltr'>diac.</span> <span class='ocrx_word' id='word_1_85' title='bbox 841 941 925 977; x_wconf 88' lang='lat' dir='ltr'>card.</span> 
     </span>
     <span class='ocr_line' id='line_1_24' title="bbox 397 988 513 1024; baseline 0.017 -2"><span class='ocrx_word' id='word_1_86' title='bbox 397 988 513 1024; x_wconf 83' lang='lat' dir='ltr'>Novae.</span> 
     </span>
    </p>

    <p class='ocr_par' dir='ltr' id='par_1_19' title="bbox 397 1038 1149 1236">
     <span class='ocr_line' id='line_1_25' title="bbox 445 1038 1149 1096; baseline 0.007 -24"><span class='ocrx_word' id='word_1_87' title='bbox 445 1038 562 1073; x_wconf 87' lang='lat' dir='ltr'>Datum</span> <span class='ocrx_word' id='word_1_88' title='bbox 599 1039 744 1075; x_wconf 81' lang='lat' dir='ltr'>Laterani</span> <span class='ocrx_word' id='word_1_89' title='bbox 780 1052 834 1096; x_wconf 87' lang='lat' dir='ltr'>per</span> <span class='ocrx_word' id='word_1_90' title='bbox 869 1053 982 1076; x_wconf 86' lang='lat' dir='ltr'>manus</span> <span class='ocrx_word' id='word_1_91' title='bbox 1015 1041 1149 1077; x_wconf 70' lang='lat' dir='ltr'>Batonis</span> 
     </span>
     <span class='ocr_line' id='line_1_26' title="bbox 397 1087 1147 1138; baseline 0.007 -17"><span class='ocrx_word' id='word_1_92' title='bbox 397 1087 549 1134; x_wconf 86' lang='lat' dir='ltr'>capellani</span> <span class='ocrx_word' id='word_1_93' title='bbox 583 1097 613 1124; x_wconf 90' lang='lat' dir='ltr'>et</span> <span class='ocrx_word' id='word_1_94' title='bbox 648 1089 830 1137; x_wconf 83' lang='lat' dir='ltr'>scriptoris,</span> <span class='ocrx_word' id='word_1_95' title='bbox 865 1103 916 1125; x_wconf 70' lang='lat' dir='ltr'>xi]</span> <span class='ocrx_word' id='word_1_96' title='bbox 943 1090 1003 1125; x_wconf 83' lang='lat' dir='ltr'>kal.</span> <span class='ocrx_word' id='word_1_97' title='bbox 1029 1091 1147 1138; x_wconf 80' lang='lat' dir='ltr'>aprilis</span> 
     </span>
     <span class='ocr_line' id='line_1_27' title="bbox 397 1136 1148 1187; baseline 0.005 -16"><span class='ocrx_word' id='word_1_98' title='bbox 397 1136 507 1172; x_wconf 85' lang='lat' dir='ltr'>indict.</span> <span class='ocrx_word' id='word_1_99' title='bbox 533 1150 588 1178; x_wconf 85' lang='lat' dir='ltr'>vu,</span> <span class='ocrx_word' id='word_1_100' title='bbox 615 1139 736 1173; x_wconf 85' lang='lat' dir='ltr'>incarn.</span> <span class='ocrx_word' id='word_1_101' title='bbox 765 1139 850 1174; x_wconf 92' lang='lat' dir='ltr'>dom</span> <span class='ocrx_word' id='word_1_102' title='bbox 877 1152 1014 1185; x_wconf 72' lang='lat' dir='ltr'>nexuv,</span> <span class='ocrx_word' id='word_1_103' title='bbox 1042 1142 1148 1187; x_wconf 90' lang='lat' dir='ltr'>ponti-</span> 
     </span>
     <span class='ocr_line' id='line_1_28' title="bbox 397 1168 1121 1236; baseline 0.007 -16"><span class='ocrx_word' id='word_1_104' title='bbox 397 1185 507 1221; x_wconf 88' lang='lat' dir='ltr'>ficatus</span> <span class='ocrx_word' id='word_1_105' title='bbox 530 1199 602 1222; x_wconf 81' lang='lat' dir='ltr'>vero</span> <span class='ocrx_word' id='word_1_106' title='bbox 623 1187 662 1222; x_wconf 92' lang='lat' dir='ltr'>D.</span> <span class='ocrx_word' id='word_1_107' title='bbox 691 1188 780 1224; x_wconf 87' lang='lat' dir='ltr'>Lucii</span> <span class='ocrx_word' id='word_1_108' title='bbox 807 1189 836 1223; x_wconf 93' lang='grc' dir='ltr'>ΙΙ</span> <span class='ocrx_word' id='word_1_109' title='bbox 862 1189 966 1236; x_wconf 87' lang='lat' dir='ltr'>Papae</span> <span class='ocrx_word' id='word_1_110' title='bbox 988 1168 1071 1225; x_wconf 81' lang='lat' dir='ltr'>aimo</span> <span class='ocrx_word' id='word_1_111' title='bbox 1099 1203 1121 1224; x_wconf 90' lang='lat'>1.</span> 
     </span>
    </p>
   </div>
   <div class='ocr_carea' id='block_1_8' title="bbox 443 1242 1106 1331">
    <p class='ocr_par' dir='ltr' id='par_1_20' title="bbox 443 1242 1106 1331">
     <span class='ocr_line' id='line_1_29' title="bbox 443 1242 1106 1284; baseline 0.006 -11"><span class='ocrx_word' id='word_1_112' title='bbox 443 1242 506 1274; x_wconf 77' lang='lat' dir='ltr'>Dat.</span> <span class='ocrx_word' id='word_1_113' title='bbox 531 1244 578 1275; x_wconf 91' lang='lat' dir='ltr'>die</span> <span class='ocrx_word' id='word_1_114' title='bbox 602 1246 637 1275; x_wconf 80' lang='lat'>17</span> <span class='ocrx_word' id='word_1_115' title='bbox 662 1246 759 1276; x_wconf 86' lang='lat' dir='ltr'>martii</span> <span class='ocrx_word' id='word_1_116' title='bbox 781 1256 858 1277; x_wconf 88' lang='lat' dir='ltr'>anno</span> <span class='ocrx_word' id='word_1_117' title='bbox 881 1246 995 1277; x_wconf 76' lang='lat' dir='ltr'>DotnIni</span> <span class='ocrx_word' id='word_1_118' title='bbox 1015 1248 1106 1284; x_wconf 79' lang='lat'><strong>1144,</strong></span> 
     </span>
     <span class='ocr_line' id='line_1_30' title="bbox 654 1291 893 1331; baseline 0 -10"><span class='ocrx_word' id='word_1_119' title='bbox 654 1291 757 1331; x_wconf 87' lang='lat' dir='ltr'>pontis.</span> <span class='ocrx_word' id='word_1_120' title='bbox 780 1301 856 1322; x_wconf 89' lang='lat' dir='ltr'>anno</span> <span class='ocrx_word' id='word_1_121' title='bbox 875 1301 893 1321; x_wconf 85' lang='lat'>1.</span> 
     </span>
    </p>
   </div>
   <div class='ocr_carea' id='block_1_9' title="bbox 962 941 1148 977">
    <p class='ocr_par' dir='ltr' id='par_1_21' title="bbox 962 941 1148 977">
     <span class='ocr_line' id='line_1_31' title="bbox 962 941 1148 977; baseline 0.005 -1"><span class='ocrx_word' id='word_1_122' title='bbox 962 941 994 977; x_wconf 89' lang='lat' dir='ltr'>S.</span> <span class='ocrx_word' id='word_1_123' title='bbox 1033 941 1148 977; x_wconf 82' lang='lat' dir='ltr'>Mariae</span> 
     </span>
    </p>
   </div>
   <div class='ocr_carea' id='block_1_10' title="bbox 695 1368 861 1376">
    <p class='ocr_par' dir='ltr' id='par_1_22' title="bbox 695 1368 861 1376">
     <span class='ocr_line' id='line_1_32' title="bbox 695 1368 861 1376; baseline 0 1829"><span class='ocrx_word' id='word_1_124' title='bbox 695 1368 861 1376; x_wconf 95' lang='lat' dir='ltr'> </span> 
     </span>
    </p>
   </div>
   <div class='ocr_carea' id='block_1_11' title="bbox 748 1446 801 1482">
    <p class='ocr_par' dir='ltr' id='par_1_23' title="bbox 748 1446 801 1482">
     <span class='ocr_line' id='line_1_33' title="bbox 748 1446 801 1482; baseline 0.019 -1"><span class='ocrx_word' id='word_1_125' title='bbox 748 1446 801 1482; x_wconf 75' lang='lat' dir='ltr'>Vt.</span> 
     </span>
    </p>
   </div>
   <div class='ocr_carea' id='block_1_12' title="bbox 399 1522 1144 1618">
    <p class='ocr_par' dir='ltr' id='par_1_24' title="bbox 399 1522 1144 1618">
     <span class='ocr_line' id='line_1_34' title="bbox 399 1522 1144 1568; baseline 0.005 -13"><span class='ocrx_word' id='word_1_126' title='bbox 399 1522 598 1568; x_wconf 78' lang='lat' dir='ltr'>Confirmatio</span> <span class='ocrx_word' id='word_1_127' title='bbox 610 1523 726 1557; x_wconf 62' lang='lat' dir='ltr'>{mium</span> <span class='ocrx_word' id='word_1_128' title='bbox 739 1525 888 1565; x_wconf 75' lang='lat' dir='ltr'>oninium,</span> <span class='ocrx_word' id='word_1_129' title='bbox 903 1526 1144 1564; x_wconf 78' lang='lat' dir='ltr'>immmn‘talum,</span> 
     </span>
     <span class='ocr_line' id='line_1_35' title="bbox 417 1573 1124 1618; baseline 0.006 -13"><span class='ocrx_word' id='word_1_130' title='bbox 417 1579 443 1605; x_wconf 81' lang='lat' dir='ltr'>et</span> <span class='ocrx_word' id='word_1_131' title='bbox 469 1573 617 1606; x_wconf 79' lang='lat' dir='ltr'>bonorum</span> <span class='ocrx_word' id='word_1_132' title='bbox 638 1573 673 1606; x_wconf 87' lang='lat' dir='ltr'>S.</span> <span class='ocrx_word' id='word_1_133' title='bbox 700 1573 881 1608; x_wconf 78' lang='lat' dir='ltr'>Olivolcnsis</span> <span class='ocrx_word' id='word_1_134' title='bbox 905 1575 1056 1609; x_wconf 72' lang='lat' dir='ltr'>Ecclesiae</span> <span class='ocrx_word' id='word_1_135' title='bbox 1072 1579 1124 1618; x_wconf 64' lang='lat' dir='ltr'>(tt.</span> 
     </span>
    </p>
   </div>
   <div class='ocr_carea' id='block_1_13' title="bbox 397 1646 1147 1799">
    <p class='ocr_par' dir='ltr' id='par_1_25' title="bbox 397 1646 1146 1799">
     <span class='ocr_line' id='line_1_36' title="bbox 664 1646 878 1678; baseline 0.009 -2"><span class='ocrx_word' id='word_1_136' title='bbox 664 1646 878 1678; x_wconf 74' lang='lat' dir='ltr'><strong>SUMMARIUM</strong></span> 
     </span>
     <span class='ocr_line' id='line_1_37' title="bbox 397 1708 1146 1754; baseline 0.009 -15"><span class='ocrx_word' id='word_1_137' title='bbox 397 1708 564 1741; x_wconf 76' lang='lat' dir='ltr'>Exordium.</span> <span class='ocrx_word' id='word_1_138' title='bbox 580 1728 620 1734; x_wconf 90' lang='lat'>—</span> <span class='ocrx_word' id='word_1_139' title='bbox 637 1712 739 1742; x_wconf 87' lang='lat' dir='ltr'>Aliena</span> <span class='ocrx_word' id='word_1_140' title='bbox 763 1713 826 1743; x_wconf 86' lang='lat' dir='ltr'>iura</span> <span class='ocrx_word' id='word_1_141' title='bbox 845 1723 898 1753; x_wconf 91' lang='lat' dir='ltr'>per</span> <span class='ocrx_word' id='word_1_142' title='bbox 916 1715 1070 1754; x_wconf 88' lang='lat' dir='ltr'>episcopos</span> <span class='ocrx_word' id='word_1_143' title='bbox 1090 1726 1146 1746; x_wconf 86' lang='lat' dir='ltr'>non</span> 
     </span>
     <span class='ocr_line' id='line_1_38' title="bbox 437 1755 1147 1799; baseline 0.009 -15"><span class='ocrx_word' id='word_1_144' title='bbox 437 1755 611 1786; x_wconf 86' lang='lat' dir='ltr'>invadenda.</span> <span class='ocrx_word' id='word_1_145' title='bbox 628 1773 668 1779; x_wconf 90' lang='lat'><strong>—</strong></span> <span class='ocrx_word' id='word_1_146' title='bbox 685 1756 779 1787; x_wconf 85' lang='lat' dir='ltr'>Huius</span> <span class='ocrx_word' id='word_1_147' title='bbox 783 1759 861 1788; x_wconf 89' lang='lat' dir='ltr'>modi</span> <span class='ocrx_word' id='word_1_148' title='bbox 884 1760 1000 1789; x_wconf 88' lang='lat' dir='ltr'>decreta</span> <span class='ocrx_word' id='word_1_149' title='bbox 1024 1770 1074 1799; x_wconf 79' lang='lat' dir='ltr'>pro</span> <span class='ocrx_word' id='word_1_150' title='bbox 1094 1761 1147 1791; x_wconf 87' lang='lat' dir='ltr'>Ec-</span> 
     </span>
    </p>
   </div>
   <div class='ocr_carea' id='block_1_14' title="bbox 436 1798 1148 2196">
    <p class='ocr_par' dir='ltr' id='par_1_26' title="bbox 436 1798 1148 2196">
     <span class='ocr_line' id='line_1_39' title="bbox 437 1798 1146 1841; baseline 0.009 -13"><span class='ocrx_word' id='word_1_151' title='bbox 437 1798 526 1829; x_wconf 88' lang='lat' dir='ltr'>clesia</span> <span class='ocrx_word' id='word_1_152' title='bbox 559 1799 720 1831; x_wconf 71' lang='grc' dir='ltr'>ΟΙιιοΙριι5ι</span> <span class='ocrx_word' id='word_1_153' title='bbox 753 1803 951 1841; x_wconf 76' lang='lat' dir='ltr'>confirmans,</span> <span class='ocrx_word' id='word_1_154' title='bbox 982 1805 1059 1835; x_wconf 90' lang='lat' dir='ltr'>inter</span> <span class='ocrx_word' id='word_1_155' title='bbox 1083 1806 1146 1836; x_wconf 78' lang='lat' dir='ltr'>eins</span> 
     </span>
     <span class='ocr_line' id='line_1_40' title="bbox 438 1844 1146 1890; baseline 0.011 -18"><span class='ocrx_word' id='word_1_156' title='bbox 438 1844 577 1873; x_wconf 89' lang='lat' dir='ltr'>terminos</span> <span class='ocrx_word' id='word_1_157' title='bbox 595 1854 629 1875; x_wconf 88' lang='lat' dir='ltr'>ne</span> <span class='ocrx_word' id='word_1_158' title='bbox 645 1847 711 1884; x_wconf 90' lang='lat' dir='ltr'>quis</span> <span class='ocrx_word' id='word_1_159' title='bbox 730 1848 894 1885; x_wconf 83' lang='lat' dir='ltr'>patriarcha</span> <span class='ocrx_word' id='word_1_160' title='bbox 919 1849 962 1879; x_wconf 83' lang='lat' dir='ltr'>vel</span> <span class='ocrx_word' id='word_1_161' title='bbox 988 1851 1146 1890; x_wconf 88' lang='lat' dir='ltr'>episeopus</span> 
     </span>
     <span class='ocr_line' id='line_1_41' title="bbox 437 1888 1147 1932; baseline 0.013 -16"><span class='ocrx_word' id='word_1_162' title='bbox 437 1888 621 1926; x_wconf 83' lang='lat' dir='ltr'>spiritualem</span> <span class='ocrx_word' id='word_1_163' title='bbox 641 1891 876 1922; x_wconf 87' lang='lat' dir='ltr'>iurisdictionem</span> <span class='ocrx_word' id='word_1_164' title='bbox 897 1893 985 1923; x_wconf 86' lang='lat' dir='ltr'>ullam</span> <span class='ocrx_word' id='word_1_165' title='bbox 1006 1901 1147 1932; x_wconf 78' lang='lat' dir='ltr'>exerceat,</span> 
     </span>
     <span class='ocr_line' id='line_1_42' title="bbox 437 1933 1146 1969; baseline 0.01 -7"><span class='ocrx_word' id='word_1_166' title='bbox 437 1933 595 1963; x_wconf 79' lang='lat' dir='ltr'>interdicit.</span> <span class='ocrx_word' id='word_1_167' title='bbox 622 1951 662 1956; x_wconf 97' lang='lat'><strong>—</strong></span> <span class='ocrx_word' id='word_1_168' title='bbox 678 1934 746 1965; x_wconf 82' lang='lat' dir='ltr'>Data</span> <span class='ocrx_word' id='word_1_169' title='bbox 772 1940 882 1966; x_wconf 85' lang='lat' dir='ltr'>tantum</span> <span class='ocrx_word' id='word_1_170' title='bbox 910 1936 1048 1968; x_wconf 74' lang='lat' dir='ltr'>facultate</span> <span class='ocrx_word' id='word_1_171' title='bbox 1071 1938 1146 1969; x_wconf 89' lang='lat' dir='ltr'>Gra-</span> 
     </span>
     <span class='ocr_line' id='line_1_43' title="bbox 437 1977 1145 2019; baseline 0.011 -13"><span class='ocrx_word' id='word_1_172' title='bbox 437 1977 523 2007; x_wconf 84' lang='lat' dir='ltr'>densi</span> <span class='ocrx_word' id='word_1_173' title='bbox 557 1979 739 2017; x_wconf 78' lang='lat' dir='ltr'>patriarchae</span> <span class='ocrx_word' id='word_1_174' title='bbox 779 1981 956 2019; x_wconf 77' lang='lat' dir='ltr'>provinciale</span> <span class='ocrx_word' id='word_1_175' title='bbox 987 1984 1145 2014; x_wconf 86' lang='lat' dir='ltr'>concilium</span> 
     </span>
     <span class='ocr_line' id='line_1_44' title="bbox 436 2021 1148 2064; baseline 0.011 -13"><span class='ocrx_word' id='word_1_176' title='bbox 436 2021 510 2052; x_wconf 87' lang='lat' dir='ltr'>inibi</span> <span class='ocrx_word' id='word_1_177' title='bbox 540 2022 720 2061; x_wconf 79' lang='lat' dir='ltr'>celebrandi3</span> <span class='ocrx_word' id='word_1_178' title='bbox 741 2041 780 2047; x_wconf 90' lang='lat'>—</span> <span class='ocrx_word' id='word_1_179' title='bbox 801 2024 866 2055; x_wconf 82' lang='lat' dir='ltr'>lura</span> <span class='ocrx_word' id='word_1_180' title='bbox 891 2026 1035 2064; x_wconf 87' lang='lat' dir='ltr'>eiusdem,</span> <span class='ocrx_word' id='word_1_181' title='bbox 1059 2028 1148 2059; x_wconf 87' lang='lat' dir='ltr'>bona-</span> 
     </span>
     <span class='ocr_line' id='line_1_45' title="bbox 437 2067 1146 2105; baseline 0.013 -10"><span class='ocrx_word' id='word_1_182' title='bbox 437 2074 494 2105; x_wconf 89' lang='lat' dir='ltr'>que</span> <span class='ocrx_word' id='word_1_183' title='bbox 512 2067 609 2096; x_wconf 89' lang='lat' dir='ltr'>omnia</span> <span class='ocrx_word' id='word_1_184' title='bbox 633 2068 794 2098; x_wconf 85' lang='lat' dir='ltr'>confirmat.</span> <span class='ocrx_word' id='word_1_185' title='bbox 816 2086 856 2092; x_wconf 86' lang='lat'><em>-</em></span> <span class='ocrx_word' id='word_1_186' title='bbox 884 2069 994 2101; x_wconf 86' lang='lat' dir='ltr'>Solitae</span> <span class='ocrx_word' id='word_1_187' title='bbox 1023 2073 1146 2104; x_wconf 83' lang='lat' dir='ltr'>conctu-</span> 
     </span>
     <span class='ocr_line' id='line_1_46' title="bbox 437 2110 1146 2148; baseline 0.013 -9"><span class='ocrx_word' id='word_1_188' title='bbox 437 2110 548 2140; x_wconf 89' lang='lat' dir='ltr'>siones.</span> <span class='ocrx_word' id='word_1_189' title='bbox 570 2127 609 2134; x_wconf 91' lang='lat'>——</span> <span class='ocrx_word' id='word_1_190' title='bbox 626 2111 709 2142; x_wconf 86' lang='lat' dir='ltr'>Lucii</span> <span class='ocrx_word' id='word_1_191' title='bbox 728 2112 781 2142; x_wconf 86' lang='lat' dir='ltr'>PP.</span> <span class='ocrx_word' id='word_1_192' title='bbox 800 2119 828 2144; x_wconf 88' lang='lat' dir='ltr'>et</span> <span class='ocrx_word' id='word_1_193' title='bbox 846 2113 875 2145; x_wconf 88' lang='lat' dir='ltr'>S.</span> <span class='ocrx_word' id='word_1_194' title='bbox 894 2114 926 2144; x_wconf 83' lang='lat' dir='ltr'>R.</span> <span class='ocrx_word' id='word_1_195' title='bbox 949 2115 1028 2146; x_wconf 85' lang='lat' dir='ltr'>Eeel.</span> <span class='ocrx_word' id='word_1_196' title='bbox 1047 2119 1146 2148; x_wconf 82' lang='lat' dir='ltr'>cardi-</span> 
     </span>
     <span class='ocr_line' id='line_1_47' title="bbox 436 2154 816 2196; baseline 0.014 -13"><span class='ocrx_word' id='word_1_197' title='bbox 436 2154 549 2185; x_wconf 86' lang='lat' dir='ltr'>nalium</span> <span class='ocrx_word' id='word_1_198' title='bbox 572 2156 816 2196; x_wconf 83' lang='lat' dir='ltr'>subscriptiones.</span> 
     </span>
    </p>
   </div>
   <div class='ocr_carea' id='block_1_15' title="bbox 396 2215 1147 2406">
    <p class='ocr_par' dir='ltr' id='par_1_27' title="bbox 396 2215 1146 2406">
     <span class='ocr_line' id='line_1_48' title="bbox 396 2215 1146 2256; baseline 0.013 -13"><span class='ocrx_word' id='word_1_199' title='bbox 396 2215 489 2244; x_wconf 73' lang='lat' dir='ltr'>Lucius</span> <span class='ocrx_word' id='word_1_200' title='bbox 513 2217 652 2254; x_wconf 77' lang='lat' dir='ltr'>episcopus</span> <span class='ocrx_word' id='word_1_201' title='bbox 677 2225 771 2248; x_wconf 82' lang='lat' dir='ltr'>servus</span> <span class='ocrx_word' id='word_1_202' title='bbox 789 2227 929 2249; x_wconf 86' lang='lat' dir='ltr'>servorum</span> <span class='ocrx_word' id='word_1_203' title='bbox 955 2221 1010 2256; x_wconf 87' lang='lat' dir='ltr'>Dei,</span> <span class='ocrx_word' id='word_1_204' title='bbox 1036 2230 1146 2253; x_wconf 84' lang='lat' dir='ltr'>venera·</span> 
     </span>
     <span class='ocr_line' id='line_1_49' title="bbox 441 2265 1146 2303; baseline 0.014 -11"><span class='ocrx_word' id='word_1_205' title='bbox 441 2265 490 2293; x_wconf 84' lang='lat' dir='ltr'>bili</span> <span class='ocrx_word' id='word_1_206' title='bbox 507 2265 593 2295; x_wconf 74' lang='lat' dir='ltr'>fratri</span> <span class='ocrx_word' id='word_1_207' title='bbox 621 2267 658 2296; x_wconf 84' lang='lat'>10.</span> <span class='ocrx_word' id='word_1_208' title='bbox 685 2268 825 2303; x_wconf 78' lang='lat' dir='ltr'>olivensis.</span> <span class='ocrx_word' id='word_1_209' title='bbox 845 2277 893 2299; x_wconf 81' lang='lat' dir='ltr'>seu</span> <span class='ocrx_word' id='word_1_210' title='bbox 915 2271 1084 2302; x_wconf 79' lang='lat' dir='ltr'>castellanae</span> <span class='ocrx_word' id='word_1_211' title='bbox 1102 2274 1146 2302; x_wconf 81' lang='lat' dir='ltr'>Ec·</span> 
     </span>
     <span class='ocr_line' id='line_1_50' title="bbox 441 2314 1147 2357; baseline 0.016 -15"><span class='ocrx_word' id='word_1_212' title='bbox 441 2314 540 2343; x_wconf 78' lang='lat' dir='ltr'>etesiae</span> <span class='ocrx_word' id='word_1_213' title='bbox 563 2317 696 2353; x_wconf 78' lang='lat' dir='ltr'>episcopo.</span> <span class='ocrx_word' id='word_1_214' title='bbox 717 2318 827 2355; x_wconf 78' lang='lat' dir='ltr'>eiusque</span> <span class='ocrx_word' id='word_1_215' title='bbox 854 2322 1147 2357; x_wconf 71' lang='lat' dir='ltr'>successoribuscano·</span> 
     </span>
     <span class='ocr_line' id='line_1_51' title="bbox 441 2364 966 2406; baseline 0.017 -15"><span class='ocrx_word' id='word_1_216' title='bbox 441 2364 500 2392; x_wconf 83' lang='lat' dir='ltr'>nice</span> <span class='ocrx_word' id='word_1_217' title='bbox 519 2365 727 2400; x_wconf 83' lang='lat' dir='ltr'>substituendis,</span> <span class='ocrx_word' id='word_1_218' title='bbox 744 2368 773 2396; x_wconf 92' lang='lat' dir='ltr'>in</span> <span class='ocrx_word' id='word_1_219' title='bbox 796 2371 966 2406; x_wconf 78' lang='lat' dir='ltr'>perpetuum.</span> 
     </span>
    </p>
   </div>
   <div class='ocr_carea' id='block_1_16' title="bbox 397 2422 1147 2572">
    <p class='ocr_par' dir='ltr' id='par_1_28' title="bbox 397 2422 1147 2569">
     <span class='ocr_line' id='line_1_52' title="bbox 445 2422 1145 2471; baseline 0.016 -15"><span class='ocrx_word' id='word_1_220' title='bbox 445 2422 588 2470; x_wconf 87' lang='lat' dir='ltr'>AEquum</span> <span class='ocrx_word' id='word_1_221' title='bbox 610 2433 640 2459; x_wconf 90' lang='lat' dir='ltr'>et</span> <span class='ocrx_word' id='word_1_222' title='bbox 667 2426 851 2462; x_wconf 81' lang='lat' dir='ltr'>rationabile</span> <span class='ocrx_word' id='word_1_223' title='bbox 883 2437 941 2471; x_wconf 86' lang='lat' dir='ltr'>est,</span> <span class='ocrx_word' id='word_1_224' title='bbox 976 2439 1007 2465; x_wconf 87' lang='lat' dir='ltr'>ut</span> <span class='ocrx_word' id='word_1_225' title='bbox 1039 2440 1145 2467; x_wconf 79' lang='lat' dir='ltr'>sancta</span> 
     </span>
     <span class='ocr_line' id='line_1_53' title="bbox 397 2470 1147 2523; baseline 0.015 -18"><span class='ocrx_word' id='word_1_226' title='bbox 397 2470 540 2507; x_wconf 85' lang='lat' dir='ltr'>Romana</span> <span class='ocrx_word' id='word_1_227' title='bbox 561 2473 716 2519; x_wconf 80' lang='lat' dir='ltr'>Ecclesia,</span> <span class='ocrx_word' id='word_1_228' title='bbox 734 2488 815 2523; x_wconf 87' lang='lat' dir='ltr'>quae</span> <span class='ocrx_word' id='word_1_229' title='bbox 837 2477 1049 2515; x_wconf 87' lang='lat' dir='ltr'>Ecclesiarum</span> <span class='ocrx_word' id='word_1_230' title='bbox 1077 2493 1147 2515; x_wconf 89' lang='lat' dir='ltr'>om-</span> 
     </span>
     <span class='ocr_line' id='line_1_54' title="bbox 397 2520 1146 2572; baseline 0.015 -18"><span class='ocrx_word' id='word_1_231' title='bbox 397 2520 485 2555; x_wconf 88' lang='lat' dir='ltr'>nium</span> <span class='ocrx_word' id='word_1_232' title='bbox 518 2531 612 2569; x_wconf 81' lang='lat' dir='ltr'>caput</span> <span class='ocrx_word' id='word_1_233' title='bbox 638 2533 684 2558; x_wconf 84' lang='lat' dir='ltr'>est</span> <span class='ocrx_word' id='word_1_234' title='bbox 718 2534 747 2559; x_wconf 93' lang='lat' dir='ltr'>et</span> <span class='ocrx_word' id='word_1_235' title='bbox 783 2527 930 2572; x_wconf 78' lang='lat' dir='ltr'>magistra</span> <span class='ocrx_word' id='word_1_236' title='bbox 964 2541 980 2563; x_wconf 93' lang='lat' dir='ltr'>a</span> <span class='ocrx_word' id='word_1_237' title='bbox 1007 2528 1146 2566; x_wconf 91' lang='lat' dir='ltr'>Domino</span> 
     </span>
    </p>
   </div>
   <div class='ocr_carea' id='block_1_17' title="bbox 399 2586 1147 2666">
    <p class='ocr_par' dir='ltr' id='par_1_29' title="bbox 399 2586 1147 2666">
     <span class='ocr_line' id='line_1_55' title="bbox 433 2586 1147 2623; baseline 0.017 -12"><span class='ocrx_word' id='word_1_238' title='bbox 433 2586 472 2621; x_wconf 80' lang='lat' dir='ltr'>(l)</span> <span class='ocrx_word' id='word_1_239' title='bbox 489 2586 526 2612; x_wconf 75' lang='lat' dir='ltr'>Ex·</span> <span class='ocrx_word' id='word_1_240' title='bbox 544 2587 726 2623; x_wconf 77' lang='lat' dir='ltr'>authograpbo</span> <span class='ocrx_word' id='word_1_241' title='bbox 747 2590 913 2618; x_wconf 78' lang='lat' dir='ltr'>Patriarcliali</span> <span class='ocrx_word' id='word_1_242' title='bbox 938 2593 1078 2622; x_wconf 88' lang='lat' dir='ltr'>Tabulario</span> <span class='ocrx_word' id='word_1_243' title='bbox 1095 2595 1147 2623; x_wconf 72' lang='lat' dir='ltr'>Ve-</span> 
     </span>
     <span class='ocr_line' id='line_1_56' title="bbox 399 2627 1037 2666; baseline 0.016 -15"><span class='ocrx_word' id='word_1_244' title='bbox 399 2627 528 2653; x_wconf 82' lang='lat' dir='ltr'>uenarum</span> <span class='ocrx_word' id='word_1_245' title='bbox 545 2627 625 2654; x_wconf 83' lang='lat' dir='ltr'>edidit</span> <span class='ocrx_word' id='word_1_246' title='bbox 643 2629 754 2663; x_wconf 54' lang='lat' dir='ltr'>Ughell„</span> <span class='ocrx_word' id='word_1_247' title='bbox 773 2631 829 2657; x_wconf 83' lang='lat' dir='ltr'>itai.</span> <span class='ocrx_word' id='word_1_248' title='bbox 851 2632 998 2666; x_wconf 80' lang='lat' dir='ltr'>Sac.‚tom.</span> <span class='ocrx_word' id='word_1_249' title='bbox 1012 2642 1037 2661; x_wconf 75' lang='lat' dir='ltr'>v.</span> 
     </span>
    </p>
   </div>
   <div class='ocr_carea' id='block_1_18' title="bbox 973 247 1347 271">
    <p class='ocr_par' dir='ltr' id='par_1_30' title="bbox 973 247 1347 271">
     <span class='ocr_line' id='line_1_57' title="bbox 973 247 1347 271; baseline 0.003 -1"><span class='ocrx_word' id='word_1_250' title='bbox 973 247 1160 271; x_wconf 61' lang='lat' dir='ltr'>nL‘LtAntmt</span> <span class='ocrx_word' id='word_1_251' title='bbox 1185 248 1347 271; x_wconf 65' lang='lat' dir='ltr'>nontxmt</span> 
     </span>
    </p>
   </div>
   <div class='ocr_carea' id='block_1_19' title="bbox 1192 303 1942 547">
    <p class='ocr_par' dir='ltr' id='par_1_31' title="bbox 1192 303 1942 547">
     <span class='ocr_line' id='line_1_58' title="bbox 1193 303 1941 350; baseline 0.005 -15"><span class='ocrx_word' id='word_1_252' title='bbox 1193 303 1370 341; x_wconf 55' lang='lat' dir='ltr'>constitntzn</span> <span class='ocrx_word' id='word_1_253' title='bbox 1392 312 1550 349; x_wconf 81' lang='lat' dir='ltr'>tamqnam</span> <span class='ocrx_word' id='word_1_254' title='bbox 1575 303 1620 350; x_wconf 85' lang='lat' dir='ltr'>pia</span> <span class='ocrx_word' id='word_1_255' title='bbox 1644 311 1754 348; x_wconf 82' lang='lat' dir='ltr'>mater,</span> <span class='ocrx_word' id='word_1_256' title='bbox 1776 316 1883 339; x_wconf 87' lang='lat' dir='ltr'>curam</span> <span class='ocrx_word' id='word_1_257' title='bbox 1911 314 1941 339; x_wconf 93' lang='lat' dir='ltr'>et</span> 
     </span>
     <span class='ocr_line' id='line_1_59' title="bbox 1192 351 1940 409; baseline 0.004 -24.004"><span class='ocrx_word' id='word_1_258' title='bbox 1192 351 1421 386; x_wconf 69' lang='lat' dir='ltr'>solititudinem</span> <span class='ocrx_word' id='word_1_259' title='bbox 1447 352 1568 391; x_wconf 76' lang='lat' dir='ltr'>li:.1l›eat</span> <span class='ocrx_word' id='word_1_260' title='bbox 1604 360 1634 386; x_wconf 90' lang='lat' dir='ltr'>et</span> <span class='ocrx_word' id='word_1_261' title='bbox 1655 365 1708 387; x_wconf 86' lang='lat' dir='ltr'>eas</span> <span class='ocrx_word' id='word_1_262' title='bbox 1730 366 1744 387; x_wconf 92' lang='lat' dir='ltr'>a</span> <span class='ocrx_word' id='word_1_263' title='bbox 1759 366 1940 409; x_wconf 62' lang='lat' dir='ltr'>pratorum</span> 
     </span>
     <span class='ocr_line' id='line_1_60' title="bbox 1192 401 1942 447; baseline 0.004 -13"><span class='ocrx_word' id='word_1_264' title='bbox 1192 401 1356 435; x_wconf 87' lang='lat' dir='ltr'>hominum</span> <span class='ocrx_word' id='word_1_265' title='bbox 1394 402 1545 436; x_wconf 72' lang='grc' dir='ltr'>ιιιῡΙι51ιί5</span> <span class='ocrx_word' id='word_1_266' title='bbox 1579 402 1704 447; x_wconf 69' lang='lat' dir='ltr'>proxida</span> <span class='ocrx_word' id='word_1_267' title='bbox 1739 402 1942 437; x_wconf 31' lang='grc' dir='ltr'>οἱιᾙοιιιιιεοιί-</span> 
     </span>
     <span class='ocr_line' id='line_1_61' title="bbox 1193 450 1941 498; baseline 0.004 -15"><span class='ocrx_word' id='word_1_268' title='bbox 1193 450 1300 496; x_wconf 88' lang='lat' dir='ltr'>ptione</span> <span class='ocrx_word' id='word_1_269' title='bbox 1322 450 1488 485; x_wconf 86' lang='lat' dir='ltr'>custodiat.</span> <span class='ocrx_word' id='word_1_270' title='bbox 1516 450 1551 484; x_wconf 83' lang='grc' dir='ltr'>Ρ·</span> <span class='ocrx_word' id='word_1_271' title='bbox 1554 451 1653 485; x_wconf 79' lang='lat' dir='ltr'>oinde</span> <span class='ocrx_word' id='word_1_272' title='bbox 1685 463 1751 491; x_wconf 87' lang='lat' dir='ltr'>nos,</span> <span class='ocrx_word' id='word_1_273' title='bbox 1779 452 1846 498; x_wconf 76' lang='lat' dir='ltr'>qui,</span> <span class='ocrx_word' id='word_1_274' title='bbox 1871 452 1941 487; x_wconf 89' lang='lat' dir='ltr'>licet</span> 
     </span>
     <span class='ocr_line' id='line_1_62' title="bbox 1192 499 1940 547; baseline 0.004 -15"><span class='ocrx_word' id='word_1_275' title='bbox 1192 499 1324 545; x_wconf 77' lang='lat' dir='ltr'>indigni,</span> <span class='ocrx_word' id='word_1_276' title='bbox 1364 500 1394 533; x_wconf 90' lang='lat' dir='ltr'>in</span> <span class='ocrx_word' id='word_1_277' title='bbox 1436 499 1504 534; x_wconf 85' lang='lat' dir='ltr'>loco</span> <span class='ocrx_word' id='word_1_278' title='bbox 1536 499 1572 533; x_wconf 87' lang='lat' dir='ltr'>B.</span> <span class='ocrx_word' id='word_1_279' title='bbox 1608 499 1690 534; x_wconf 89' lang='lat' dir='ltr'>Petri</span> <span class='ocrx_word' id='word_1_280' title='bbox 1727 502 1940 547; x_wconf 88' lang='lat' dir='ltr'>apostolorum</span> 
     </span>
    </p>
   </div>
   <div class='ocr_carea' id='block_1_20' title="bbox 1192 548 1951 596">
    <p class='ocr_par' dir='ltr' id='par_1_32' title="bbox 1192 548 1951 596">
     <span class='ocr_line' id='line_1_63' title="bbox 1192 548 1951 596; baseline 0.005 -14"><span class='ocrx_word' id='word_1_281' title='bbox 1192 549 1354 596; x_wconf 83' lang='lat' dir='ltr'>principis,</span> <span class='ocrx_word' id='word_1_282' title='bbox 1370 548 1557 595; x_wconf 79' lang='lat' dir='ltr'>disponente</span> <span class='ocrx_word' id='word_1_283' title='bbox 1580 549 1728 589; x_wconf 79' lang='lat' dir='ltr'>Domino,</span> <span class='ocrx_word' id='word_1_284' title='bbox 1753 550 1951 590; x_wconf 72' lang='lat' dir='ltr'>residemus..</span> 
     </span>
    </p>
   </div>
   <div class='ocr_carea' id='block_1_21' title="bbox 1186 598 1941 2661">
    <p class='ocr_par' dir='ltr' id='par_1_33' title="bbox 1186 598 1941 2661">
     <span class='ocr_line' id='line_1_64' title="bbox 1192 598 1941 645; baseline 0.003 -14"><span class='ocrx_word' id='word_1_285' title='bbox 1192 598 1300 633; x_wconf 78' lang='lat' dir='ltr'>fratres</span> <span class='ocrx_word' id='word_1_286' title='bbox 1328 606 1453 633; x_wconf 89' lang='lat' dir='ltr'>nostros</span> <span class='ocrx_word' id='word_1_287' title='bbox 1479 598 1645 645; x_wconf 81' lang='lat' dir='ltr'>episcopos</span> <span class='ocrx_word' id='word_1_288' title='bbox 1667 598 1770 634; x_wconf 85' lang='lat' dir='ltr'>debita</span> <span class='ocrx_word' id='word_1_289' title='bbox 1794 599 1941 645; x_wconf 79' lang='lat' dir='ltr'>benigni-</span> 
     </span>
     <span class='ocr_line' id='line_1_65' title="bbox 1190 647 1940 694; baseline 0.003 -14"><span class='ocrx_word' id='word_1_290' title='bbox 1190 655 1252 682; x_wconf 83' lang='lat' dir='ltr'>tate</span> <span class='ocrx_word' id='word_1_291' title='bbox 1274 647 1417 694; x_wconf 79' lang='lat' dir='ltr'>diligere,</span> <span class='ocrx_word' id='word_1_292' title='bbox 1445 655 1473 681; x_wconf 89' lang='lat' dir='ltr'>et</span> <span class='ocrx_word' id='word_1_293' title='bbox 1500 647 1652 682; x_wconf 81' lang='lat' dir='ltr'>Ecclesiis</span> <span class='ocrx_word' id='word_1_294' title='bbox 1679 649 1737 682; x_wconf 88' lang='lat' dir='ltr'>sibi</span> <span class='ocrx_word' id='word_1_295' title='bbox 1763 649 1940 683; x_wconf 79' lang='lat' dir='ltr'>commissis</span> 
     </span>
     <span class='ocr_line' id='line_1_66' title="bbox 1190 696 1940 732; baseline 0.001 -1"><span class='ocrx_word' id='word_1_296' title='bbox 1190 709 1244 731; x_wconf 89' lang='lat' dir='ltr'>sua</span> <span class='ocrx_word' id='word_1_297' title='bbox 1273 696 1426 732; x_wconf 87' lang='lat' dir='ltr'>debemus</span> <span class='ocrx_word' id='word_1_298' title='bbox 1459 710 1496 730; x_wconf 81' lang='lat' dir='ltr'>ex</span> <span class='ocrx_word' id='word_1_299' title='bbox 1532 698 1672 732; x_wconf 86' lang='lat' dir='ltr'>iniuncto</span> <span class='ocrx_word' id='word_1_300' title='bbox 1707 697 1798 731; x_wconf 88' lang='lat' dir='ltr'>nobis</span> <span class='ocrx_word' id='word_1_301' title='bbox 1825 710 1840 732; x_wconf 92' lang='lat' dir='ltr'>a</span> <span class='ocrx_word' id='word_1_302' title='bbox 1875 698 1940 732; x_wconf 89' lang='lat' dir='ltr'>Deo</span> 
     </span>
     <span class='ocr_line' id='line_1_67' title="bbox 1190 746 1940 792; baseline 0.003 -13"><span class='ocrx_word' id='word_1_303' title='bbox 1190 746 1382 792; x_wconf 87' lang='lat' dir='ltr'>apostolatus</span> <span class='ocrx_word' id='word_1_304' title='bbox 1404 747 1505 781; x_wconf 83' lang='lat' dir='ltr'>officio</span> <span class='ocrx_word' id='word_1_305' title='bbox 1535 747 1601 780; x_wconf 84' lang='lat' dir='ltr'>iura</span> <span class='ocrx_word' id='word_1_306' title='bbox 1629 759 1762 781; x_wconf 78' lang='lat' dir='ltr'>servare.</span> <span class='ocrx_word' id='word_1_307' title='bbox 1800 746 1867 781; x_wconf 89' lang='lat' dir='ltr'>Hoc</span> <span class='ocrx_word' id='word_1_308' title='bbox 1891 748 1940 781; x_wconf 92' lang='lat' dir='ltr'>ni-</span> 
     </span>
     <span class='ocr_line' id='line_1_68' title="bbox 1191 795 1941 838; baseline 0.001 -8"><span class='ocrx_word' id='word_1_309' title='bbox 1191 796 1304 830; x_wconf 88' lang='lat' dir='ltr'>mirum</span> <span class='ocrx_word' id='word_1_310' title='bbox 1325 795 1484 830; x_wconf 85' lang='lat' dir='ltr'>charitatis</span> <span class='ocrx_word' id='word_1_311' title='bbox 1499 796 1624 838; x_wconf 86' lang='lat' dir='ltr'>intuitu,</span> <span class='ocrx_word' id='word_1_312' title='bbox 1648 795 1834 830; x_wconf 80' lang='lat' dir='ltr'>venerabilis</span> <span class='ocrx_word' id='word_1_313' title='bbox 1848 796 1941 831; x_wconf 81' lang='lat' dir='ltr'>l&#39;rater</span> 
     </span>
     <span class='ocr_line' id='line_1_69' title="bbox 1189 844 1940 892; baseline 0.001 -13"><span class='ocrx_word' id='word_1_314' title='bbox 1189 844 1232 879; x_wconf 93' lang='lat' dir='ltr'>Io.</span> <span class='ocrx_word' id='word_1_315' title='bbox 1257 845 1415 892; x_wconf 83' lang='lat' dir='ltr'>episcope,</span> <span class='ocrx_word' id='word_1_316' title='bbox 1446 845 1509 880; x_wconf 87' lang='lat' dir='ltr'>tuis</span> <span class='ocrx_word' id='word_1_317' title='bbox 1539 845 1778 880; x_wconf 87' lang='lat' dir='ltr'>rationabilibus</span> <span class='ocrx_word' id='word_1_318' title='bbox 1802 846 1940 892; x_wconf 85' lang='lat' dir='ltr'>postula-</span> 
     </span>
     <span class='ocr_line' id='line_1_70' title="bbox 1191 894 1940 934; baseline 0.003 -6"><span class='ocrx_word' id='word_1_319' title='bbox 1191 894 1328 929; x_wconf 87' lang='lat' dir='ltr'>tionibus</span> <span class='ocrx_word' id='word_1_320' title='bbox 1353 894 1526 930; x_wconf 85' lang='lat' dir='ltr'>clementer</span> <span class='ocrx_word' id='word_1_321' title='bbox 1559 895 1740 934; x_wconf 81' lang='lat' dir='ltr'>annuimus,</span> <span class='ocrx_word' id='word_1_322' title='bbox 1767 903 1797 929; x_wconf 88' lang='lat' dir='ltr'>et</span> <span class='ocrx_word' id='word_1_323' title='bbox 1829 894 1940 930; x_wconf 82' lang='grc' dir='ltr'>0Ιίιό-</span> 
     </span>
     <span class='ocr_line' id='line_1_71' title="bbox 1191 943 1939 990; baseline 0.003 -13"><span class='ocrx_word' id='word_1_324' title='bbox 1191 944 1308 978; x_wconf 89' lang='lat' dir='ltr'>lensem</span> <span class='ocrx_word' id='word_1_325' title='bbox 1331 943 1519 986; x_wconf 76' lang='lat' dir='ltr'>Ecclesiam,</span> <span class='ocrx_word' id='word_1_326' title='bbox 1542 944 1592 978; x_wconf 91' lang='lat' dir='ltr'>cui</span> <span class='ocrx_word' id='word_1_327' title='bbox 1615 943 1682 979; x_wconf 90' lang='lat' dir='ltr'>Deo</span> <span class='ocrx_word' id='word_1_328' title='bbox 1699 952 1826 979; x_wconf 87' lang='lat' dir='ltr'>auctore</span> <span class='ocrx_word' id='word_1_329' title='bbox 1849 956 1939 990; x_wconf 85' lang='lat' dir='ltr'>prae-</span> 
     </span>
     <span class='ocr_line' id='line_1_72' title="bbox 1189 992 1938 1041; baseline 0.003 -15"><span class='ocrx_word' id='word_1_330' title='bbox 1189 993 1283 1034; x_wconf 78' lang='lat' dir='ltr'>sides,</span> <span class='ocrx_word' id='word_1_331' title='bbox 1311 993 1513 1039; x_wconf 71' lang='lat' dir='ltr'>Apostolicae</span> <span class='ocrx_word' id='word_1_332' title='bbox 1539 992 1632 1028; x_wconf 88' lang='lat' dir='ltr'>Sedis</span> <span class='ocrx_word' id='word_1_333' title='bbox 1654 993 1819 1041; x_wconf 78' lang='lat' dir='ltr'>privilegio</span> <span class='ocrx_word' id='word_1_334' title='bbox 1846 994 1938 1028; x_wconf 74' lang='lat' dir='ltr'>duxi-</span> 
     </span>
     <span class='ocr_line' id='line_1_73' title="bbox 1189 1041 1939 1090; baseline 0.003 -14"><span class='ocrx_word' id='word_1_335' title='bbox 1189 1054 1260 1077; x_wconf 91' lang='lat' dir='ltr'>mus</span> <span class='ocrx_word' id='word_1_336' title='bbox 1275 1043 1489 1077; x_wconf 86' lang='lat' dir='ltr'>muniendam.</span> <span class='ocrx_word' id='word_1_337' title='bbox 1513 1041 1700 1077; x_wconf 88' lang='lat' dir='ltr'>Sanctorum</span> <span class='ocrx_word' id='word_1_338' title='bbox 1715 1044 1832 1090; x_wconf 86' lang='lat' dir='ltr'>qnippe</span> <span class='ocrx_word' id='word_1_339' title='bbox 1850 1043 1939 1078; x_wconf 90' lang='lat' dir='ltr'>Pon-</span> 
     </span>
     <span class='ocr_line' id='line_1_74' title="bbox 1190 1091 1940 1134; baseline 0.004 -9"><span class='ocrx_word' id='word_1_340' title='bbox 1190 1092 1306 1126; x_wconf 79' lang='lat' dir='ltr'>tificum</span> <span class='ocrx_word' id='word_1_341' title='bbox 1330 1091 1465 1127; x_wconf 84' lang='lat' dir='ltr'>decretis</span> <span class='ocrx_word' id='word_1_342' title='bbox 1486 1100 1607 1126; x_wconf 86' lang='lat' dir='ltr'>constat</span> <span class='ocrx_word' id='word_1_343' title='bbox 1628 1104 1696 1127; x_wconf 87' lang='lat' dir='ltr'>esse</span> <span class='ocrx_word' id='word_1_344' title='bbox 1718 1101 1882 1134; x_wconf 80' lang='lat' dir='ltr'>statutum,</span> <span class='ocrx_word' id='word_1_345' title='bbox 1906 1101 1940 1128; x_wconf 89' lang='lat' dir='ltr'>ut</span> 
     </span>
     <span class='ocr_line' id='line_1_75' title="bbox 1190 1141 1940 1188; baseline 0.003 -13"><span class='ocrx_word' id='word_1_346' title='bbox 1190 1153 1282 1175; x_wconf 84' lang='lat' dir='ltr'>nemo</span> <span class='ocrx_word' id='word_1_347' title='bbox 1304 1141 1431 1176; x_wconf 86' lang='lat' dir='ltr'>alterins</span> <span class='ocrx_word' id='word_1_348' title='bbox 1454 1142 1604 1175; x_wconf 82' lang='lat' dir='ltr'>terminos</span> <span class='ocrx_word' id='word_1_349' title='bbox 1632 1150 1780 1188; x_wconf 80' lang='lat' dir='ltr'>usurpet,</span> <span class='ocrx_word' id='word_1_350' title='bbox 1808 1154 1866 1177; x_wconf 82' lang='lat' dir='ltr'>nec</span> <span class='ocrx_word' id='word_1_351' title='bbox 1893 1142 1940 1177; x_wconf 86' lang='lat' dir='ltr'>al-</span> 
     </span>
     <span class='ocr_line' id='line_1_76' title="bbox 1190 1190 1940 1238; baseline 0.003 -14"><span class='ocrx_word' id='word_1_352' title='bbox 1190 1191 1287 1225; x_wconf 87' lang='lat' dir='ltr'>terius</span> <span class='ocrx_word' id='word_1_353' title='bbox 1319 1191 1528 1238; x_wconf 86' lang='lat' dir='ltr'>parochianos</span> <span class='ocrx_word' id='word_1_354' title='bbox 1562 1190 1700 1226; x_wconf 78' lang='lat' dir='ltr'>iudicare</span> <span class='ocrx_word' id='word_1_355' title='bbox 1726 1199 1777 1226; x_wconf 90' lang='lat' dir='ltr'>aut</span> <span class='ocrx_word' id='word_1_356' title='bbox 1811 1203 1940 1238; x_wconf 76' lang='lat' dir='ltr'>excom-</span> 
     </span>
     <span class='ocr_line' id='line_1_77' title="bbox 1190 1239 1939 1288; baseline 0.003 -14"><span class='ocrx_word' id='word_1_357' title='bbox 1190 1240 1350 1275; x_wconf 87' lang='lat' dir='ltr'>municare</span> <span class='ocrx_word' id='word_1_358' title='bbox 1374 1248 1569 1287; x_wconf 85' lang='lat' dir='ltr'>praesumat:</span> <span class='ocrx_word' id='word_1_359' title='bbox 1606 1247 1640 1274; x_wconf 92' lang='lat' dir='ltr'>ut</span> <span class='ocrx_word' id='word_1_360' title='bbox 1669 1239 1774 1275; x_wconf 90' lang='lat' dir='ltr'>nullus</span> <span class='ocrx_word' id='word_1_361' title='bbox 1809 1242 1939 1288; x_wconf 85' lang='lat' dir='ltr'>primas,</span> 
     </span>
     <span class='ocr_line' id='line_1_78' title="bbox 1190 1289 1938 1338; baseline 0.003 -15"><span class='ocrx_word' id='word_1_362' title='bbox 1190 1289 1295 1324; x_wconf 91' lang='lat' dir='ltr'>nullus</span> <span class='ocrx_word' id='word_1_363' title='bbox 1331 1289 1614 1337; x_wconf 88' lang='lat' dir='ltr'>metropolitanus,</span> <span class='ocrx_word' id='word_1_364' title='bbox 1653 1289 1758 1324; x_wconf 85' lang='lat' dir='ltr'>nullus</span> <span class='ocrx_word' id='word_1_365' title='bbox 1800 1303 1938 1338; x_wconf 88' lang='lat' dir='ltr'>unquam</span> 
     </span>
     <span class='ocr_line' id='line_1_79' title="bbox 1190 1339 1940 1387; baseline 0.001 -14"><span class='ocrx_word' id='word_1_366' title='bbox 1190 1339 1380 1386; x_wconf 82' lang='lat' dir='ltr'>reliquorum</span> <span class='ocrx_word' id='word_1_367' title='bbox 1429 1340 1652 1387; x_wconf 88' lang='lat' dir='ltr'>episcoporum</span> <span class='ocrx_word' id='word_1_368' title='bbox 1692 1339 1823 1374; x_wconf 85' lang='lat' dir='ltr'>alterius</span> <span class='ocrx_word' id='word_1_369' title='bbox 1849 1339 1940 1375; x_wconf 87' lang='lat' dir='ltr'>adeat</span> 
     </span>
     <span class='ocr_line' id='line_1_80' title="bbox 1189 1389 1939 1436; baseline 0.003 -14"><span class='ocrx_word' id='word_1_370' title='bbox 1189 1389 1357 1433; x_wconf 78' lang='lat' dir='ltr'>civitatem,</span> <span class='ocrx_word' id='word_1_371' title='bbox 1383 1397 1435 1424; x_wconf 85' lang='lat' dir='ltr'>aut</span> <span class='ocrx_word' id='word_1_372' title='bbox 1464 1389 1501 1424; x_wconf 89' lang='lat' dir='ltr'>ad</span> <span class='ocrx_word' id='word_1_373' title='bbox 1524 1389 1776 1436; x_wconf 83' lang='lat' dir='ltr'>possessionem;</span> <span class='ocrx_word' id='word_1_374' title='bbox 1799 1389 1939 1431; x_wconf 83' lang='lat' dir='ltr'>accedat,</span> 
     </span>
     <span class='ocr_line' id='line_1_81' title="bbox 1189 1438 1939 1485; baseline 0.001 -12"><span class='ocrx_word' id='word_1_375' title='bbox 1189 1450 1268 1484; x_wconf 79' lang='lat' dir='ltr'>qnae</span> <span class='ocrx_word' id='word_1_376' title='bbox 1295 1438 1333 1473; x_wconf 89' lang='lat' dir='ltr'>ad</span> <span class='ocrx_word' id='word_1_377' title='bbox 1361 1450 1432 1473; x_wconf 89' lang='lat' dir='ltr'>eum</span> <span class='ocrx_word' id='word_1_378' title='bbox 1469 1450 1530 1473; x_wconf 90' lang='lat' dir='ltr'>non</span> <span class='ocrx_word' id='word_1_379' title='bbox 1567 1438 1718 1485; x_wconf 79' lang='lat' dir='ltr'>pertinet,</span> <span class='ocrx_word' id='word_1_380' title='bbox 1743 1446 1774 1473; x_wconf 88' lang='lat' dir='ltr'>et</span> <span class='ocrx_word' id='word_1_381' title='bbox 1809 1438 1939 1474; x_wconf 87' lang='lat' dir='ltr'>alterius</span> 
     </span>
     <span class='ocr_line' id='line_1_82' title="bbox 1188 1487 1938 1543; baseline 0.001 -21"><span class='ocrx_word' id='word_1_382' title='bbox 1188 1488 1327 1534; x_wconf 78' lang='lat' dir='ltr'>episcopi</span> <span class='ocrx_word' id='word_1_383' title='bbox 1355 1495 1401 1523; x_wconf 92' lang='lat' dir='ltr'>est</span> <span class='ocrx_word' id='word_1_384' title='bbox 1424 1487 1603 1543; x_wconf 80' lang='lat' dir='ltr'>parochiae</span> <span class='ocrx_word' id='word_1_385' title='bbox 1631 1499 1727 1535; x_wconf 87' lang='lat' dir='ltr'>super</span> <span class='ocrx_word' id='word_1_386' title='bbox 1752 1488 1938 1543; x_wconf 83' lang='lat' dir='ltr'>cuiusquam</span> 
     </span>
     <span class='ocr_line' id='line_1_83' title="bbox 1189 1537 1940 1584; baseline 0.004 -16"><span class='ocrx_word' id='word_1_387' title='bbox 1189 1537 1407 1584; x_wconf 72' lang='lat' dir='ltr'>dispositione</span> <span class='ocrx_word' id='word_1_388' title='bbox 1431 1538 1487 1572; x_wconf 82' lang='lat' dir='ltr'>nisi</span> <span class='ocrx_word' id='word_1_389' title='bbox 1504 1545 1632 1572; x_wconf 81' lang='lat' dir='ltr'>vocetur</span> <span class='ocrx_word' id='word_1_390' title='bbox 1645 1537 1683 1572; x_wconf 82' lang='lat' dir='ltr'>ab</span> <span class='ocrx_word' id='word_1_391' title='bbox 1697 1549 1746 1579; x_wconf 91' lang='lat' dir='ltr'>eo,</span> <span class='ocrx_word' id='word_1_392' title='bbox 1761 1538 1851 1571; x_wconf 86' lang='lat' dir='ltr'>euius</span> <span class='ocrx_word' id='word_1_393' title='bbox 1865 1538 1940 1572; x_wconf 89' lang='lat' dir='ltr'>iuris</span> 
     </span>
     <span class='ocr_line' id='line_1_84' title="bbox 1187 1586 1939 1634; baseline 0.001 -13"><span class='ocrx_word' id='word_1_394' title='bbox 1187 1598 1256 1621; x_wconf 81' lang='lat' dir='ltr'>esse</span> <span class='ocrx_word' id='word_1_395' title='bbox 1285 1587 1434 1631; x_wconf 86' lang='lat' dir='ltr'>noscitur,</span> <span class='ocrx_word' id='word_1_396' title='bbox 1452 1587 1692 1634; x_wconf 80' lang='lat' dir='ltr'>necquicquam</span> <span class='ocrx_word' id='word_1_397' title='bbox 1716 1586 1757 1621; x_wconf 93' lang='lat' dir='ltr'>ibi</span> <span class='ocrx_word' id='word_1_398' title='bbox 1781 1587 1939 1634; x_wconf 87' lang='lat' dir='ltr'>disponat,</span> 
     </span>
     <span class='ocr_line' id='line_1_85' title="bbox 1190 1635 1939 1683; baseline 0.003 -14"><span class='ocrx_word' id='word_1_399' title='bbox 1190 1636 1235 1670; x_wconf 76' lang='lat' dir='ltr'>vel</span> <span class='ocrx_word' id='word_1_400' title='bbox 1257 1636 1394 1681; x_wconf 88' lang='lat' dir='ltr'>ordinet,</span> <span class='ocrx_word' id='word_1_401' title='bbox 1420 1644 1473 1671; x_wconf 85' lang='lat' dir='ltr'>ant</span> <span class='ocrx_word' id='word_1_402' title='bbox 1494 1635 1656 1671; x_wconf 86' lang='lat' dir='ltr'>diiudicet.</span> <span class='ocrx_word' id='word_1_403' title='bbox 1676 1635 1722 1670; x_wconf 88' lang='lat' dir='ltr'>Ea</span> <span class='ocrx_word' id='word_1_404' title='bbox 1743 1644 1870 1683; x_wconf 82' lang='lat' dir='ltr'>propter</span> <span class='ocrx_word' id='word_1_405' title='bbox 1885 1649 1939 1683; x_wconf 89' lang='lat' dir='ltr'>per</span> 
     </span>
     <span class='ocr_line' id='line_1_86' title="bbox 1189 1685 1936 1741; baseline 0.001 -22"><span class='ocrx_word' id='word_1_406' title='bbox 1189 1686 1362 1732; x_wconf 85' lang='lat' dir='ltr'>praesentis</span> <span class='ocrx_word' id='word_1_407' title='bbox 1398 1686 1504 1732; x_wconf 85' lang='lat' dir='ltr'>scripti</span> <span class='ocrx_word' id='word_1_408' title='bbox 1534 1685 1680 1741; x_wconf 82' lang='lat' dir='ltr'>paginam</span> <span class='ocrx_word' id='word_1_409' title='bbox 1717 1685 1936 1731; x_wconf 78' lang='lat' dir='ltr'>probibemus,</span> 
     </span>
     <span class='ocr_line' id='line_1_87' title="bbox 1188 1734 1936 1782; baseline 0 -13"><span class='ocrx_word' id='word_1_410' title='bbox 1188 1744 1216 1769; x_wconf 83' lang='lat' dir='ltr'>et</span> <span class='ocrx_word' id='word_1_411' title='bbox 1233 1735 1436 1782; x_wconf 85' lang='lat' dir='ltr'>prohibentes</span> <span class='ocrx_word' id='word_1_412' title='bbox 1451 1736 1630 1774; x_wconf 83' lang='lat' dir='ltr'>statuimus,</span> <span class='ocrx_word' id='word_1_413' title='bbox 1652 1735 1730 1769; x_wconf 89' lang='lat' dir='ltr'>utin</span> <span class='ocrx_word' id='word_1_414' title='bbox 1750 1734 1936 1778; x_wconf 80' lang='lat' dir='ltr'>Olivolensi,</span> 
     </span>
     <span class='ocr_line' id='line_1_88' title="bbox 1188 1783 1934 1831; baseline 0 -13"><span class='ocrx_word' id='word_1_415' title='bbox 1188 1797 1267 1831; x_wconf 80' lang='lat' dir='ltr'>qnae</span> <span class='ocrx_word' id='word_1_416' title='bbox 1294 1792 1324 1819; x_wconf 92' lang='lat' dir='ltr'>et</span> <span class='ocrx_word' id='word_1_417' title='bbox 1350 1784 1525 1819; x_wconf 87' lang='lat' dir='ltr'>Castellana</span> <span class='ocrx_word' id='word_1_418' title='bbox 1554 1784 1684 1828; x_wconf 75' lang='lat' dir='ltr'>dicitur,</span> <span class='ocrx_word' id='word_1_419' title='bbox 1706 1783 1860 1824; x_wconf 84' lang='lat' dir='ltr'>Ecclesia</span> <span class='ocrx_word' id='word_1_420' title='bbox 1889 1785 1934 1819; x_wconf 78' lang='lat' dir='ltr'>vel</span> 
     </span>
     <span class='ocr_line' id='line_1_89' title="bbox 1188 1812 1936 1880; baseline 0.001 -12"><span class='ocrx_word' id='word_1_421' title='bbox 1188 1833 1218 1868; x_wconf 86' lang='lat' dir='ltr'>in</span> <span class='ocrx_word' id='word_1_422' title='bbox 1242 1835 1311 1869; x_wconf 88' lang='lat' dir='ltr'>eius</span> <span class='ocrx_word' id='word_1_423' title='bbox 1325 1833 1475 1872; x_wconf 85' lang='lat' dir='ltr'>dioecesi</span> <span class='ocrx_word' id='word_1_424' title='bbox 1496 1833 1601 1868; x_wconf 92' lang='lat' dir='ltr'>nullus</span> <span class='ocrx_word' id='word_1_425' title='bbox 1624 1812 1810 1880; x_wconf 70' lang='lat' dir='ltr'>patiiarcba,</span> <span class='ocrx_word' id='word_1_426' title='bbox 1828 1833 1936 1869; x_wconf 90' lang='lat' dir='ltr'>nullus</span> 
     </span>
     <span class='ocr_line' id='line_1_90' title="bbox 1189 1883 1935 1930; baseline 0 -12"><span class='ocrx_word' id='word_1_427' title='bbox 1189 1883 1463 1930; x_wconf 83' lang='lat' dir='ltr'>comprovincialis</span> <span class='ocrx_word' id='word_1_428' title='bbox 1497 1883 1665 1930; x_wconf 84' lang='lat' dir='ltr'>episcopus</span> <span class='ocrx_word' id='word_1_429' title='bbox 1702 1884 1772 1918; x_wconf 90' lang='lat' dir='ltr'>sine</span> <span class='ocrx_word' id='word_1_430' title='bbox 1811 1883 1935 1918; x_wconf 85' lang='lat' dir='ltr'>licentia</span> 
     </span>
     <span class='ocr_line' id='line_1_91' title="bbox 1189 1932 1934 1975; baseline 0 -9"><span class='ocrx_word' id='word_1_431' title='bbox 1189 1941 1239 1967; x_wconf 84' lang='lat' dir='ltr'>tna</span> <span class='ocrx_word' id='word_1_432' title='bbox 1263 1933 1308 1967; x_wconf 84' lang='lat' dir='ltr'>vel</span> <span class='ocrx_word' id='word_1_433' title='bbox 1324 1944 1543 1967; x_wconf 89' lang='lat' dir='ltr'>successorum</span> <span class='ocrx_word' id='word_1_434' title='bbox 1562 1940 1700 1975; x_wconf 81' lang='lat' dir='ltr'>tuorum,</span> <span class='ocrx_word' id='word_1_435' title='bbox 1734 1932 1934 1967; x_wconf 77' lang='lat' dir='ltr'>ecclesiarum</span> 
     </span>
     <span class='ocr_line' id='line_1_92' title="bbox 1187 1982 1937 2017; baseline 0 -1"><span class='ocrx_word' id='word_1_436' title='bbox 1187 1990 1240 2016; x_wconf 87' lang='lat' dir='ltr'>aut</span> <span class='ocrx_word' id='word_1_437' title='bbox 1262 1982 1445 2017; x_wconf 85' lang='lat' dir='ltr'>clericorum</span> <span class='ocrx_word' id='word_1_438' title='bbox 1474 1982 1519 2017; x_wconf 83' lang='lat' dir='ltr'>vel</span> <span class='ocrx_word' id='word_1_439' title='bbox 1546 1982 1830 2016; x_wconf 84' lang='lat' dir='ltr'>sanctimonialium</span> <span class='ocrx_word' id='word_1_440' title='bbox 1858 1994 1937 2017; x_wconf 86' lang='lat' dir='ltr'>con-</span> 
     </span>
     <span class='ocr_line' id='line_1_93' title="bbox 1188 2031 1936 2078; baseline 0.001 -13"><span class='ocrx_word' id='word_1_441' title='bbox 1188 2032 1380 2066; x_wconf 84' lang='lat' dir='ltr'>secrationes</span> <span class='ocrx_word' id='word_1_442' title='bbox 1401 2044 1456 2067; x_wconf 89' lang='lat' dir='ltr'>seu</span> <span class='ocrx_word' id='word_1_443' title='bbox 1472 2031 1708 2067; x_wconf 86' lang='lat' dir='ltr'>benedictiones</span> <span class='ocrx_word' id='word_1_444' title='bbox 1729 2043 1822 2078; x_wconf 81' lang='lat' dir='ltr'>agere</span> <span class='ocrx_word' id='word_1_445' title='bbox 1845 2043 1936 2077; x_wconf 89' lang='lat' dir='ltr'>prae-</span> 
     </span>
     <span class='ocr_line' id='line_1_94' title="bbox 1188 2080 1938 2128; baseline -0.001 -12"><span class='ocrx_word' id='word_1_446' title='bbox 1188 2089 1309 2123; x_wconf 70' lang='lat' dir='ltr'>sumat,</span> <span class='ocrx_word' id='word_1_447' title='bbox 1325 2094 1382 2116; x_wconf 85' lang='lat' dir='ltr'>nec</span> <span class='ocrx_word' id='word_1_448' title='bbox 1406 2089 1589 2128; x_wconf 87' lang='lat' dir='ltr'>potestatem</span> <span class='ocrx_word' id='word_1_449' title='bbox 1613 2080 1726 2115; x_wconf 87' lang='lat' dir='ltr'>habeat</span> <span class='ocrx_word' id='word_1_450' title='bbox 1741 2080 1938 2116; x_wconf 88' lang='lat' dir='ltr'>inibiCbris-</span> 
     </span>
     <span class='ocr_line' id='line_1_95' title="bbox 1190 2130 1937 2177; baseline 0.001 -13"><span class='ocrx_word' id='word_1_451' title='bbox 1190 2143 1237 2165; x_wconf 87' lang='lat' dir='ltr'>ma</span> <span class='ocrx_word' id='word_1_452' title='bbox 1265 2131 1437 2171; x_wconf 82' lang='lat' dir='ltr'>conficere,</span> <span class='ocrx_word' id='word_1_453' title='bbox 1468 2142 1582 2177; x_wconf 90' lang='lat' dir='ltr'>pueros</span> <span class='ocrx_word' id='word_1_454' title='bbox 1616 2130 1794 2165; x_wconf 81' lang='lat' dir='ltr'>Clirismate</span> <span class='ocrx_word' id='word_1_455' title='bbox 1821 2130 1937 2165; x_wconf 88' lang='lat' dir='ltr'>confir-</span> 
     </span>
     <span class='ocr_line' id='line_1_96' title="bbox 1188 2179 1936 2221; baseline 0 -7"><span class='ocrx_word' id='word_1_456' title='bbox 1188 2192 1284 2221; x_wconf 90' lang='lat' dir='ltr'>mare,</span> <span class='ocrx_word' id='word_1_457' title='bbox 1307 2192 1365 2215; x_wconf 85' lang='lat' dir='ltr'>nec</span> <span class='ocrx_word' id='word_1_458' title='bbox 1391 2180 1745 2219; x_wconf 79' lang='lat' dir='ltr'>excommunicationes,</span> <span class='ocrx_word' id='word_1_459' title='bbox 1772 2187 1824 2214; x_wconf 86' lang='lat' dir='ltr'>aut</span> <span class='ocrx_word' id='word_1_460' title='bbox 1844 2179 1936 2214; x_wconf 85' lang='lat' dir='ltr'>abso-</span> 
     </span>
     <span class='ocr_line' id='line_1_97' title="bbox 1188 2229 1936 2270; baseline 0 -7"><span class='ocrx_word' id='word_1_461' title='bbox 1188 2229 1323 2264; x_wconf 84' lang='lat' dir='ltr'>lutiones</span> <span class='ocrx_word' id='word_1_462' title='bbox 1346 2230 1457 2265; x_wconf 84' lang='lat' dir='ltr'>facere.</span> <span class='ocrx_word' id='word_1_463' title='bbox 1485 2229 1564 2265; x_wconf 89' lang='lat' dir='ltr'>lllud</span> <span class='ocrx_word' id='word_1_464' title='bbox 1587 2230 1678 2264; x_wconf 84' lang='lat' dir='ltr'>etiarn</span> <span class='ocrx_word' id='word_1_465' title='bbox 1702 2229 1880 2270; x_wconf 83' lang='lat' dir='ltr'>adiicimus,</span> <span class='ocrx_word' id='word_1_466' title='bbox 1903 2237 1936 2264; x_wconf 91' lang='lat' dir='ltr'>ut</span> 
     </span>
     <span class='ocr_line' id='line_1_98' title="bbox 1188 2278 1934 2334; baseline -0.001 -21"><span class='ocrx_word' id='word_1_467' title='bbox 1188 2278 1218 2313; x_wconf 91' lang='lat' dir='ltr'>in</span> <span class='ocrx_word' id='word_1_468' title='bbox 1241 2279 1350 2314; x_wconf 84' lang='lat' dir='ltr'>eadem</span> <span class='ocrx_word' id='word_1_469' title='bbox 1376 2279 1526 2334; x_wconf 87' lang='lat' dir='ltr'>parochia</span> <span class='ocrx_word' id='word_1_470' title='bbox 1555 2279 1625 2314; x_wconf 89' lang='lat' dir='ltr'>sine</span> <span class='ocrx_word' id='word_1_471' title='bbox 1646 2278 1805 2313; x_wconf 82' lang='lat' dir='ltr'>voluntate</span> <span class='ocrx_word' id='word_1_472' title='bbox 1836 2286 1934 2313; x_wconf 80' lang='lat' dir='ltr'>vestra</span> 
     </span>
     <span class='ocr_line' id='line_1_99' title="bbox 1189 2327 1933 2383; baseline -0.001 -21"><span class='ocrx_word' id='word_1_473' title='bbox 1189 2328 1302 2383; x_wconf 84' lang='lat' dir='ltr'>passim</span> <span class='ocrx_word' id='word_1_474' title='bbox 1331 2329 1555 2377; x_wconf 86' lang='lat' dir='ltr'>episcoporum</span> <span class='ocrx_word' id='word_1_475' title='bbox 1578 2329 1761 2364; x_wconf 82' lang='lat' dir='ltr'>convocatio</span> <span class='ocrx_word' id='word_1_476' title='bbox 1788 2340 1850 2362; x_wconf 89' lang='lat' dir='ltr'>non</span> <span class='ocrx_word' id='word_1_477' title='bbox 1871 2327 1933 2370; x_wconf 77' lang='lat' dir='ltr'>liat,</span> 
     </span>
     <span class='ocr_line' id='line_1_100' title="bbox 1189 2376 1931 2432; baseline 0 -21"><span class='ocrx_word' id='word_1_478' title='bbox 1189 2378 1247 2412; x_wconf 87' lang='lat' dir='ltr'>nisi</span> <span class='ocrx_word' id='word_1_479' title='bbox 1262 2378 1536 2424; x_wconf 86' lang='lat' dir='ltr'>comprovincialis</span> <span class='ocrx_word' id='word_1_480' title='bbox 1545 2377 1669 2413; x_wconf 86' lang='lat' dir='ltr'>concilii</span> <span class='ocrx_word' id='word_1_481' title='bbox 1680 2377 1817 2412; x_wconf 86' lang='lat' dir='ltr'>Graden.</span> <span class='ocrx_word' id='word_1_482' title='bbox 1811 2404 1831 2421; x_wconf 94' lang='lat'>.,</span> <span class='ocrx_word' id='word_1_483' title='bbox 1839 2376 1931 2432; x_wconf 82' lang='lat' dir='ltr'>quod</span> 
     </span>
     <span class='ocr_line' id='line_1_101' title="bbox 1187 2426 1932 2474; baseline -0.001 -13"><span class='ocrx_word' id='word_1_484' title='bbox 1187 2435 1216 2461; x_wconf 90' lang='lat' dir='ltr'>et</span> <span class='ocrx_word' id='word_1_485' title='bbox 1232 2427 1334 2474; x_wconf 89' lang='lat' dir='ltr'>ipsum</span> <span class='ocrx_word' id='word_1_486' title='bbox 1350 2439 1421 2462; x_wconf 89' lang='lat' dir='ltr'>cum</span> <span class='ocrx_word' id='word_1_487' title='bbox 1437 2436 1556 2463; x_wconf 87' lang='lat' dir='ltr'>vestrae</span> <span class='ocrx_word' id='word_1_488' title='bbox 1569 2427 1727 2463; x_wconf 85' lang='lat' dir='ltr'>charitatis</span> <span class='ocrx_word' id='word_1_489' title='bbox 1741 2426 1932 2462; x_wconf 85' lang='lat' dir='ltr'>conscientia</span> 
     </span>
     <span class='ocr_line' id='line_1_102' title="bbox 1187 2475 1933 2524; baseline 0 -15"><span class='ocrx_word' id='word_1_490' title='bbox 1187 2476 1366 2523; x_wconf 83' lang='lat' dir='ltr'>disponant,</span> <span class='ocrx_word' id='word_1_491' title='bbox 1390 2489 1446 2512; x_wconf 88' lang='lat' dir='ltr'>nec</span> <span class='ocrx_word' id='word_1_492' title='bbox 1477 2477 1594 2512; x_wconf 89' lang='lat' dir='ltr'>ibidem</span> <span class='ocrx_word' id='word_1_493' title='bbox 1623 2477 1681 2512; x_wconf 87' lang='lat' dir='ltr'>nisi</span> <span class='ocrx_word' id='word_1_494' title='bbox 1709 2488 1766 2524; x_wconf 90' lang='lat' dir='ltr'>pro</span> <span class='ocrx_word' id='word_1_495' title='bbox 1791 2475 1933 2522; x_wconf 82' lang='lat' dir='ltr'>graviore</span> 
     </span>
     <span class='ocr_line' id='line_1_103' title="bbox 1188 2525 1932 2562; baseline 0 -3"><span class='ocrx_word' id='word_1_496' title='bbox 1188 2526 1374 2561; x_wconf 86' lang='lat' dir='ltr'>necessitate</span> <span class='ocrx_word' id='word_1_497' title='bbox 1395 2527 1602 2562; x_wconf 88' lang='lat' dir='ltr'>immorentur</span> <span class='ocrx_word' id='word_1_498' title='bbox 1628 2526 1705 2560; x_wconf 86' lang='lat' dir='ltr'>ultra</span> <span class='ocrx_word' id='word_1_499' title='bbox 1732 2525 1882 2560; x_wconf 82' lang='lat' dir='ltr'>terminos</span> <span class='ocrx_word' id='word_1_500' title='bbox 1915 2537 1932 2560; x_wconf 90' lang='lat' dir='ltr'>a</span> 
     </span>
     <span class='ocr_line' id='line_1_104' title="bbox 1187 2573 1933 2611; baseline 0.003 -3"><span class='ocrx_word' id='word_1_501' title='bbox 1187 2575 1361 2610; x_wconf 89' lang='lat' dir='ltr'>canonibus</span> <span class='ocrx_word' id='word_1_502' title='bbox 1399 2576 1595 2611; x_wconf 88' lang='lat' dir='ltr'>constitutos.</span> <span class='ocrx_word' id='word_1_503' title='bbox 1629 2575 1794 2610; x_wconf 85' lang='lat' dir='ltr'>Praeterea</span> <span class='ocrx_word' id='word_1_504' title='bbox 1828 2573 1933 2610; x_wconf 91' lang='lat' dir='ltr'>nullus</span> 
     </span>
     <span class='ocr_line' id='line_1_105' title="bbox 1186 2623 1933 2661; baseline 0.003 -3"><span class='ocrx_word' id='word_1_505' title='bbox 1186 2635 1295 2659; x_wconf 88' lang='lat' dir='ltr'>eorum</span> <span class='ocrx_word' id='word_1_506' title='bbox 1322 2625 1390 2660; x_wconf 85' lang='lat' dir='ltr'>sine</span> <span class='ocrx_word' id='word_1_507' title='bbox 1411 2625 1536 2661; x_wconf 86' lang='lat' dir='ltr'>lieentia</span> <span class='ocrx_word' id='word_1_508' title='bbox 1559 2633 1657 2661; x_wconf 83' lang='lat' dir='ltr'>vestra</span> <span class='ocrx_word' id='word_1_509' title='bbox 1683 2624 1795 2661; x_wconf 89' lang='lat' dir='ltr'>audeat</span> <span class='ocrx_word' id='word_1_510' title='bbox 1820 2623 1933 2660; x_wconf 86' lang='lat' dir='ltr'>Eccle-</span> 
     </span>
    </p>
   </div>
   <div class='ocr_carea' id='block_1_22' title="bbox 1960 250 2137 279">
    <p class='ocr_par' dir='ltr' id='par_1_34' title="bbox 1960 250 2137 279">
     <span class='ocr_line' id='line_1_106' title="bbox 1960 250 2137 279; baseline 0 -1"><span class='ocrx_word' id='word_1_511' title='bbox 1960 250 2008 278; x_wconf 66' lang='lat' dir='ltr'>An.</span> <span class='ocrx_word' id='word_1_512' title='bbox 2028 250 2056 278; x_wconf 91' lang='lat' dir='ltr'>C.</span> <span class='ocrx_word' id='word_1_513' title='bbox 2074 251 2137 279; x_wconf 73' lang='grc' dir='ltr'>111ιᾶ</span> 
     </span>
    </p>
   </div>
   <div class='ocr_carea' id='block_1_23' title="bbox 1961 1046 2137 1074">
    <p class='ocr_par' dir='ltr' id='par_1_35' title="bbox 1961 1046 2137 1074">
     <span class='ocr_line' id='line_1_107' title="bbox 1961 1046 2137 1074; baseline 0.006 -7"><span class='ocrx_word' id='word_1_514' title='bbox 1961 1046 2036 1067; x_wconf 74' lang='lat' dir='ltr'>Aliena</span> <span class='ocrx_word' id='word_1_515' title='bbox 2045 1047 2092 1067; x_wconf 70' lang='lat' dir='ltr'>iura</span> <span class='ocrx_word' id='word_1_516' title='bbox 2099 1051 2137 1074; x_wconf 74' lang='lat' dir='ltr'>per</span> 
     </span>
    </p>
   </div>
   <div class='ocr_carea' id='block_1_24' title="bbox 1960 1078 2180 1108">
    <p class='ocr_par' dir='ltr' id='par_1_36' title="bbox 1960 1078 2180 1108">
     <span class='ocr_line' id='line_1_108' title="bbox 1960 1078 2180 1108; baseline 0.005 -10"><span class='ocrx_word' id='word_1_517' title='bbox 1960 1079 2074 1105; x_wconf 79' lang='lat' dir='ltr'>episcopos</span> <span class='ocrx_word' id='word_1_518' title='bbox 2088 1083 2131 1099; x_wconf 78' lang='lat' dir='ltr'>non</span> <span class='ocrx_word' id='word_1_519' title='bbox 2142 1078 2147 1084; x_wconf 88' lang='lat'>&#39;</span> <span class='ocrx_word' id='word_1_520' title='bbox 2178 1105 2180 1108; x_wconf 28' lang='lat'><strong>⁴</strong></span> 
     </span>
    </p>
   </div>
   <div class='ocr_carea' id='block_1_25' title="bbox 1979 1109 2106 1129">
    <p class='ocr_par' dir='ltr' id='par_1_37' title="bbox 1979 1109 2106 1129">
     <span class='ocr_line' id='line_1_109' title="bbox 1979 1109 2106 1129; baseline -0.008 0"><span class='ocrx_word' id='word_1_521' title='bbox 1979 1109 2106 1129; x_wconf 73' lang='lat' dir='ltr'>invadenda.</span> 
     </span>
    </p>
   </div>
   <div class='ocr_carea' id='block_1_26' title="bbox 1951 1659 2152 2023">
    <p class='ocr_par' dir='ltr' id='par_1_38' title="bbox 1951 1659 2152 2023">
     <span class='ocr_line' id='line_1_110' title="bbox 1965 1659 2152 1686; baseline 0.016 -2"><span class='ocrx_word' id='word_1_522' title='bbox 1965 1662 2088 1685; x_wconf 66' lang='lat' dir='ltr'>Huiusmodi</span> <span class='ocrx_word' id='word_1_523' title='bbox 2096 1665 2136 1686; x_wconf 76' lang='lat' dir='ltr'>de-</span> <span class='ocrx_word' id='word_1_524' title='bbox 2150 1659 2152 1663; x_wconf 55' lang='grc'>’</span> 
     </span>
     <span class='ocr_line' id='line_1_111' title="bbox 1952 1695 2138 1723; baseline 0.011 -8"><span class='ocrx_word' id='word_1_525' title='bbox 1952 1698 2011 1716; x_wconf 77' lang='lat' dir='ltr'>creta</span> <span class='ocrx_word' id='word_1_526' title='bbox 2020 1701 2057 1722; x_wconf 85' lang='lat' dir='ltr'>pro</span> <span class='ocrx_word' id='word_1_527' title='bbox 2064 1695 2138 1723; x_wconf 24' lang='lat' dir='ltr'>Recte-J</span> 
     </span>
     <span class='ocr_line' id='line_1_112' title="bbox 1965 1725 2127 1747; baseline 0.006 -1"><span class='ocrx_word' id='word_1_528' title='bbox 1965 1727 1997 1746; x_wconf 76' lang='lat' dir='ltr'>sia</span> <span class='ocrx_word' id='word_1_529' title='bbox 2010 1725 2127 1747; x_wconf 59' lang='lat' dir='ltr'>olis-utensi</span> 
     </span>
     <span class='ocr_line' id='line_1_113' title="bbox 1951 1758 2136 1781; baseline 0.005 -4"><span class='ocrx_word' id='word_1_530' title='bbox 1951 1758 2086 1781; x_wconf 77' lang='lat' dir='ltr'>confirmans,</span> <span class='ocrx_word' id='word_1_531' title='bbox 2101 1758 2136 1778; x_wconf 88' lang='lat' dir='ltr'>in-</span> 
     </span>
     <span class='ocr_line' id='line_1_114' title="bbox 1951 1788 2134 1808; baseline 0.005 -1"><span class='ocrx_word' id='word_1_532' title='bbox 1951 1790 1984 1807; x_wconf 84' lang='lat' dir='ltr'>ter</span> <span class='ocrx_word' id='word_1_533' title='bbox 1998 1789 2045 1808; x_wconf 81' lang='lat' dir='ltr'>eius</span> <span class='ocrx_word' id='word_1_534' title='bbox 2060 1788 2134 1808; x_wconf 58' lang='lat' dir='ltr'>tenni³</span> 
     </span>
     <span class='ocr_line' id='line_1_115' title="bbox 1973 1819 2116 1846; baseline 0.007 -8"><span class='ocrx_word' id='word_1_535' title='bbox 1973 1824 2012 1838; x_wconf 81' lang='lat' dir='ltr'>nos</span> <span class='ocrx_word' id='word_1_536' title='bbox 2027 1823 2054 1839; x_wconf 84' lang='lat' dir='ltr'>ne</span> <span class='ocrx_word' id='word_1_537' title='bbox 2069 1819 2116 1846; x_wconf 79' lang='lat' dir='ltr'>quis</span> 
     </span>
     <span class='ocr_line' id='line_1_116' title="bbox 1958 1848 2127 1874; baseline 0.006 -6"><span class='ocrx_word' id='word_1_538' title='bbox 1958 1849 2079 1874; x_wconf 75' lang='lat' dir='ltr'>patriarcha</span> <span class='ocrx_word' id='word_1_539' title='bbox 2092 1848 2127 1870; x_wconf 73' lang='lat' dir='ltr'>vel</span> 
     </span>
     <span class='ocr_line' id='line_1_117' title="bbox 1952 1880 2141 1907; baseline 0.011 -8"><span class='ocrx_word' id='word_1_540' title='bbox 1952 1880 1998 1905; x_wconf 78' lang='lat' dir='ltr'>epis</span> <span class='ocrx_word' id='word_1_541' title='bbox 2000 1885 2065 1906; x_wconf 81' lang='lat' dir='ltr'>copus</span> <span class='ocrx_word' id='word_1_542' title='bbox 2090 1880 2141 1907; x_wconf 63' lang='lat' dir='ltr'>spi-¹</span> 
     </span>
     <span class='ocr_line' id='line_1_118' title="bbox 1952 1910 2136 1931; baseline 0.005 -1"><span class='ocrx_word' id='word_1_543' title='bbox 1952 1910 2050 1931; x_wconf 73' lang='lat' dir='ltr'>rituatem</span> <span class='ocrx_word' id='word_1_544' title='bbox 2070 1911 2136 1931; x_wconf 72' lang='lat' dir='ltr'>inrio-</span> 
     </span>
     <span class='ocr_line' id='line_1_119' title="bbox 1987 1941 2101 1962; baseline 0 0"><span class='ocrx_word' id='word_1_545' title='bbox 1987 1941 2101 1962; x_wconf 79' lang='lat' dir='ltr'>dictionem</span> 
     </span>
     <span class='ocr_line' id='line_1_120' title="bbox 1952 1971 2134 2006; baseline -0.005 -13"><span class='ocrx_word' id='word_1_546' title='bbox 1952 1971 2015 1993; x_wconf 78' lang='lat' dir='ltr'>uttam</span> <span class='ocrx_word' id='word_1_547' title='bbox 2027 1974 2134 2006; x_wconf 73' lang='lat' dir='ltr'>exerceat,</span> 
     </span>
     <span class='ocr_line' id='line_1_121' title="bbox 1985 1997 2101 2023; baseline 0 0"><span class='ocrx_word' id='word_1_548' title='bbox 1985 1997 2101 2023; x_wconf 82' lang='lat' dir='ltr'>interdicit.</span> 
     </span>
    </p>
   </div>
   <div class='ocr_carea' id='block_1_27' title="bbox 1949 2277 2132 2483">
    <p class='ocr_par' dir='ltr' id='par_1_39' title="bbox 1949 2277 2132 2483">
     <span class='ocr_line' id='line_1_122' title="bbox 1973 2277 2115 2299; baseline 0.007 -1"><span class='ocrx_word' id='word_1_549' title='bbox 1973 2277 2024 2299; x_wconf 73' lang='lat' dir='ltr'>Data</span> <span class='ocrx_word' id='word_1_550' title='bbox 2037 2281 2115 2299; x_wconf 73' lang='lat' dir='ltr'>tantuin</span> 
     </span>
     <span class='ocr_line' id='line_1_123' title="bbox 1950 2308 2132 2330; baseline -0.005 -1"><span class='ocrx_word' id='word_1_551' title='bbox 1950 2308 2050 2330; x_wconf 66' lang='lat' dir='ltr'>[acutiam</span> <span class='ocrx_word' id='word_1_552' title='bbox 2078 2308 2132 2329; x_wconf 77' lang='lat' dir='ltr'>Gu-</span> 
     </span>
     <span class='ocr_line' id='line_1_124' title="bbox 1963 2341 2120 2367; baseline -0.006 -6"><span class='ocrx_word' id='word_1_553' title='bbox 1963 2341 2023 2361; x_wconf 77' lang='lat' dir='ltr'>densi</span> <span class='ocrx_word' id='word_1_554' title='bbox 2030 2341 2120 2367; x_wconf 75' lang='lat' dir='ltr'>patri-u·-</span> 
     </span>
     <span class='ocr_line' id='line_1_125' title="bbox 1958 2371 2120 2398; baseline 0 -7"><span class='ocrx_word' id='word_1_555' title='bbox 1958 2371 2010 2392; x_wconf 76' lang='lat' dir='ltr'>chae</span> <span class='ocrx_word' id='word_1_556' title='bbox 2033 2371 2120 2398; x_wconf 81' lang='lat' dir='ltr'>provin-</span> 
     </span>
     <span class='ocr_line' id='line_1_126' title="bbox 1949 2401 2131 2422; baseline 0 -1"><span class='ocrx_word' id='word_1_557' title='bbox 1949 2401 2003 2421; x_wconf 73' lang='lat' dir='ltr'>ciale</span> <span class='ocrx_word' id='word_1_558' title='bbox 2020 2401 2131 2422; x_wconf 70' lang='lat' dir='ltr'>conciti-m</span> 
     </span>
     <span class='ocr_line' id='line_1_127' title="bbox 1976 2432 2107 2452; baseline 0 0"><span class='ocrx_word' id='word_1_559' title='bbox 1976 2432 2026 2452; x_wconf 81' lang='lat' dir='ltr'>inibi</span> <span class='ocrx_word' id='word_1_560' title='bbox 2046 2432 2107 2452; x_wconf 78' lang='lat' dir='ltr'>ccle-</span> 
     </span>
     <span class='ocr_line' id='line_1_128' title="bbox 1997 2462 2080 2483; baseline 0.012 -1"><span class='ocrx_word' id='word_1_561' title='bbox 1997 2462 2080 2483; x_wconf 69' lang='lat' dir='ltr'>brandi-</span> 
     </span>
    </p>
   </div>
   <div class='ocr_carea' id='block_1_28' title="bbox 2150 1125 2180 3205">
    <p class='ocr_par' dir='ltr' id='par_1_40' title="bbox 2150 1125 2180 3205">
     <span class='ocr_line' id='line_1_129' title="bbox 2150 1125 2180 3205; baseline 0 0"><span class='ocrx_word' id='word_1_562' title='bbox 2150 1125 2180 3205; x_wconf 95' lang='lat' dir='ltr'> </span> 
     </span>
    </p>
   </div>
  </div>
 </body>
</html>
