2180 3205
797 225 998 253 PRAEFATIO
1627 225 1692 251 XIII

91 283 274 327 habentur,
302 295 391 332 quae
425 283 539 331 Magni
563 284 720 321 'Bullarii
758 284 905 320 Romani
940 283 1081 319 nominc
1111 283 1210 319 venit.
1241 283 1360 319 Bullae
1389 294 1551 330 namque,
1578 283 1692 330 diplo-

90 349 184 378 mata
211 343 398 391 pontificia,
426 343 700 386 constitutiones,
728 342 978 379 declarationes
999 341 1218 384 doctrinales,
1239 341 1459 377 ‹letinitiones
1478 341 1568 376 circa
1589 341 1692 376 tidem

90 406 123 436 et
160 412 289 443 mores,
321 401 412 448 leges
447 401 527 437 (lein
556 407 659 449 atque
692 400 945 442 ordinationes,
972 399 1098 447 quibus
1131 400 1313 447 mysticum
1350 399 1523 435 Ecclesiae
1569 410 1693 446 corpus

89 459 250 495 coalescit
288 458 458 506 vigetque,
498 459 604 506 quid,
644 469 798 506 quaeso,
838 463 919 493 sunt
958 457 1052 493 aliud
1081 470 1185 505 quam
1218 457 1449 493 certissimum
1491 457 1693 503 illustreque

89 517 328 553 testimonium
349 517 452 552 ol'licii
475 517 655 565 pastoralis
675 517 708 552 in
727 516 786 552 Dei
810 516 961 551 Ecclesia
990 515 1180 551 rectissime
1200 515 1501 550 administramla‘!
1522 515 1692 551 Testimo-

90 575 190 610 nium
217 586 321 618 sane,
354 587 392 610 ex
422 587 489 623 quo
521 581 663 623 apparet
691 574 946 610 evidentissime
981 574 1014 609 in
1047 574 1162 609 Sancti
1191 573 1282 609 Petri
1317 573 1573 609 sin-,cessorilnis
1602 586 1693 608 nun-

89 643 221 680 quam,
260 645 303 669 ne
341 634 383 669 ad
423 634 543 669 boram
583 633 752 680 quidem,
791 633 940 668 del'uisse
981 632 1202 680 prudentiam
1247 631 1483 677 singularem,
1527 631 1691 666 iustitiam

89 690 340 739 incorruptam,
368 692 608 727 admirandam
630 691 879 733 fortitudinem,
900 690 1093 733 scientiam,
1121 690 1296 737 pietatem,
1315 689 1511 729 consilium,
1533 689 1692 725 timorem

89 748 240 792 Domini,
261 756 482 797 caeterasque
498 749 638 785 virtutes
660 749 692 784 in
717 749 866 795 regenda
882 748 1080 795 tuendaque
1102 749 1256 783 bumana
1270 747 1442 783 socictate.
1459 747 1693 783 Conciliorum

89 807 303 854 generalium
331 807 399 842 sive
427 807 657 855 peculiarium
685 813 771 850 acta,
799 818 887 854 quae
916 805 1140 853 amplissimis
1167 805 1430 841 collectionibus
1457 805 1692 847 continentur,

88 864 290 901 universalis
322 865 496 901 Ecclesiae
528 877 737 901 consensum
766 865 800 900 in
829 864 1048 911 dogmatibus
1081 863 1295 912 profitendis,
1323 863 1545 911 profligandis
1573 863 1692 899 baere—

87 922 195 966 sibus,
221 923 467 959 schismatibus
495 923 664 966 arcendis,
686 923 838 971 profanis
859 920 1067 958 novitatibus
1087 921 1234 957 vitandis
1253 921 1426 957 uberrime
1443 921 1693 964 demonstrant,

87 992 350 1028 supernumque
384 981 500 1017 Sancti
528 981 675 1029 Spiritus
710 981 867 1016 afflatum
895 992 938 1016 ne
965 980 1103 1016 fallatur
1129 985 1188 1015 aut
1215 979 1318 1014 sallat.
1347 979 1539 1014 Bullarium
1567 990 1646 1015 vero
1673 991 1693 1014 a

87 1037 323 1075 Conciliorum
350 1039 611 1076 collectionibus
638 1040 704 1075 hoc
731 1039 880 1075 maxime
909 1039 1046 1082 differt,
1073 1038 1164 1085 quod
1205 1044 1280 1073 acta
1314 1037 1524 1073 Pontificum
1552 1049 1691 1085 praese-

88 1096 185 1138 ferat,
212 1108 300 1144 quae
328 1109 398 1133 non
426 1098 529 1134 modo
556 1097 716 1145 generale
743 1097 999 1133 conservandae
1026 1097 1105 1132 tidei
1134 1096 1301 1140 studium,
1322 1096 1381 1132 sed
1410 1102 1441 1131 et
1469 1096 1692 1143 quotidianae

88 1154 330 1191 sollicitudinis
365 1156 511 1191 sormam
545 1155 744 1191 ostendunt.
780 1155 818 1190 In
852 1167 891 1191 eo
924 1154 1027 1190 veluti
1065 1155 1101 1190 in
1129 1154 1280 1200 imagine
1314 1155 1483 1201 spiranti,
1511 1154 1692 1189 militantis

89 1212 264 1248 Ecclesiae
290 1213 394 1248 vitam
422 1213 457 1248 in
485 1213 558 1249 dies
585 1213 693 1259 magis
721 1213 977 1248 adolescentem
997 1218 1029 1248 et
1049 1212 1090 1247 ad
1119 1213 1302 1248 caelestem
1331 1212 1477 1259 patriam
1505 1223 1692 1260 properan-

90 1275 173 1314 tem,
199 1270 287 1319 quis,
320 1271 383 1306 nisi
418 1283 558 1319 prorsus
585 1271 766 1314 caecutiat,
794 1282 861 1306 non
901 1271 1015 1306 videt?
1043 1270 1155 1305 Verbo
1183 1270 1357 1313 dicemus;
1385 1270 1553 1318 quidquid
1581 1270 1691 1305 admi-

88 1340 208 1365 ramur
245 1329 278 1364 in
319 1329 440 1364 ordine
467 1329 715 1375 magnificum,
741 1328 776 1363 in
804 1328 1005 1364 extensione
1044 1328 1281 1370 immensum,
1320 1328 1478 1375 personis
1518 1328 1691 1376 rebusque

89 1387 400 1428 accommodatum,
420 1387 636 1434 temporibus
656 1393 788 1434 aptum,
804 1386 888 1421 nulli
906 1386 1061 1429 noxium,
1076 1385 1234 1433 pluribus
1253 1386 1462 1422 conveniens
1483 1386 1518 1421 in
1540 1387 1692 1423 Ecclesia

87 1449 159 1480 toto
185 1449 356 1480 terrarum
383 1444 465 1480 orbe
493 1444 729 1487 disseminata,
757 1444 842 1479 illud
870 1456 939 1479 non
968 1444 1086 1479 minus
1112 1443 1282 1479 universis
1310 1455 1416 1490 quam
1443 1444 1587 1491 singulis
1613 1457 1691 1493 pro-

88 1501 202 1538 videre
228 1508 382 1538 mentem
408 1513 540 1545 unam,
567 1500 684 1537 rerum
712 1502 870 1537 omnium
905 1501 1171 1538 moderatricem
1212 1508 1242 1537 et
1283 1501 1587 1548 gubernatricem,
1615 1502 1691 1539 Iesu

87 1558 214 1596 Christi
242 1559 407 1595 nimirum
434 1560 469 1595 in
497 1560 597 1596 terris
624 1560 813 1603 Vicarium,
840 1560 935 1596 hisee
962 1560 1098 1608 scriptis
1125 1560 1636 1607 monumentisquedocemur.

135 1617 174 1654 V.
201 1617 265 1660 Qui
293 1618 398 1666 igitur
423 1618 671 1655 vetustissimas
699 1619 894 1666 pontificias
923 1618 1058 1654 tabulas
1085 1618 1271 1666 conquirit,
1298 1619 1386 1654 eruit
1414 1630 1454 1654 ex
1482 1620 1619 1663 archiis,
1639 1620 1689 1656 vel

85 1675 178 1712 inter
202 1675 444 1713 incredibilem
464 1676 531 1712 vim
551 1676 768 1712 voluminum
789 1677 962 1713 latitantes
982 1677 1135 1712 studiose
1155 1677 1247 1722 legit,
1275 1677 1384 1713 multa
1412 1688 1494 1712 cura
1513 1677 1690 1722 exscribit,

85 1734 130 1770 ad
154 1734 324 1770 trutinam
351 1741 498 1779 revocat,
525 1741 648 1782 purgat
675 1735 860 1778 erroribus,
894 1735 1253 1770 animadversionibus
1281 1735 1459 1778 dilucidat,
1479 1735 1618 1783 editque
1647 1738 1688 1773 ad

85 1803 310 1828 communem
348 1793 556 1836 utilitatem,
594 1805 663 1829 non
701 1793 795 1829 hunc
832 1793 994 1829 laudibus
1033 1794 1307 1840 prosequemur?
1346 1805 1415 1829 non
1448 1794 1687 1830 benevolentia

85 1850 379 1899 complectemur?
407 1863 475 1887 non
498 1851 540 1887 de
565 1863 649 1887 sana
676 1851 833 1887 doctrina
861 1852 972 1899 deque
999 1851 1121 1887 studiis
1148 1851 1360 1897 gravioribus
1397 1852 1486 1887 bene
1524 1853 1688 1888 meritum

85 1908 388 1956 praedicabimus?
424 1909 462 1945 In
501 1922 569 1957 qua
603 1910 774 1957 palaestra
816 1910 974 1946 omnium
1020 1909 1121 1957 primi
1164 1910 1307 1946 veniunt
1341 1909 1526 1957 Gregorius
1567 1911 1612 1946 IX
1658 1917 1690 1948 et

85 1965 284 2003 Bonifacius
315 1967 412 2011 VIII,
440 1979 588 2015 quorum
617 1968 689 2012 ille,
717 1968 786 2003 iam
813 1968 856 2003 ab
883 1968 1020 2004 saeculo
1053 1967 1226 2004 Ecclesiae
1263 1968 1502 2004 decimotertio
1533 1969 1628 2005 iussit
1660 1972 1688 1999 (1)

85 2024 342 2072 pontificiarum
369 2026 659 2062 constitutionum
686 2026 925 2062 collectionem
953 2026 1038 2069 fieri,
1073 2027 1167 2062 bisce
1194 2026 1323 2062 verbis:
1364 2040 1379 2061 ‹<
1413 2027 1502 2062 Sane
1540 2028 1690 2064 diversas

93 2096 110 2117 a
135 2083 400 2120 constitutiones
431 2090 464 2120 et
500 2085 690 2121 decretales
728 2085 889 2132 epistolas
917 2085 1223 2132 praedecessorum
1252 2092 1449 2121 nostrorum
1488 2086 1524 2121 in
1557 2086 1690 2122 diversa

92 2154 108 2175 α
135 2140 307 2189 dispersas
326 2142 512 2185 volumina,
533 2154 680 2190 quarum
701 2143 836 2190 aliquae
852 2149 993 2190 propter
1013 2143 1157 2178 nimiam
1174 2143 1452 2187 similitudinem,
1467 2150 1500 2179 et
1515 2145 1685 2191 quaedam

93 2211 110 2233 a
136 2204 276 2247 propter
293 2200 584 2243 contrarietatem,
606 2201 794 2236 nonnullae
816 2201 920 2236 etiam
940 2207 1082 2248 propter
1101 2201 1152 2237 sui
1174 2201 1422 2249 prolixitatem,
1449 2202 1689 2238 confusionem

92 2256 301 2293 «inducere
338 2257 571 2302 videbantur3
609 2259 744 2306 aliquae
782 2271 858 2310 vero
895 2259 1107 2305 vagabantur
1145 2265 1239 2295 extra
1265 2260 1441 2295 volumina
1468 2260 1688 2307 supradicta,

91 2327 110 2350 α
135 2322 224 2363 quae
251 2321 431 2363 tamquam
458 2317 608 2352 incertae
634 2317 832 2364 frequenter
858 2317 893 2352 in
921 2317 1057 2352 iudiciis
1083 2317 1313 2360 vacillabant,
1341 2318 1383 2353 ad
1411 2329 1634 2353 communem
1655 2324 1687 2354 et

93 2387 110 2408 <i
135 2374 286 2410 maxime
312 2374 529 2410 studentium
556 2374 757 2417 utilitatem,
781 2386 842 2422 per
861 2375 1026 2410 dilectum
1054 2375 1165 2409 filium
1194 2375 1247 2410 Fr.
1277 2375 1543 2423 Raymundum,
1571 2376 1688 2424 capel-

92 2445 110 2466 «
134 2431 255 2468 lanum
283 2437 316 2468 et
341 2432 649 2480 poenitentiarium
678 2439 847 2475 nostrum,
874 2433 908 2468 in
942 2444 1053 2468 unum
1093 2433 1271 2475 volumen,
1299 2433 1460 2469 resecatis
1487 2434 1689 2481 superfluis,

91 2503 109 2526 <t
135 2490 349 2538 providimus
389 2491 604 2537 redigendas.
633 2490 843 2526 Adiicientes
871 2491 1134 2527 constitutiones
1176 2496 1311 2527 nostras
1339 2497 1370 2526 et
1399 2491 1588 2527 decretales
1615 2492 1688 2540 epi-

91 2560 110 2583 «
134 2549 240 2584 stolas
278 2560 340 2596 per
378 2560 464 2596 quas
503 2548 697 2591 nonnulla,
733 2559 821 2595 quae
861 2549 896 2584 in
936 2548 1109 2597 prioribus
1149 2555 1245 2584 erant
1285 2549 1413 2592 dubia,
1455 2549 1685 2585 declarantur.

119 2733 158 2769 (tl
176 2732 246 2760 Vide
261 2732 341 2760 huius
352 2732 440 2760 Sancti
454 2733 589 2761 Pontificis
601 2733 832 2764 constitutionem,
844 2732 894 2760 sub
906 2733 1125 2768 n.XL11·osita111‚
1142 2733 1332 2762 Tnurz'nensis
1344 2735 1486 2767 Bullarii,
1501 2739 1510 2761 t
1532 2741 1574 2769 tn,
1586 2744 1612 2771 p.
1624 2735 1685 2762 ⁴85.

1737 1626 1918 1659 Laudandiqui

1706 1657 1844 1688 pontificiis
1878 1667 1918 1682 ac-

1705 1688 1737 1712 tis
1767 1689 1919 1720 colligendis

1705 1719 1816 1743 animum
1837 1729 1869 1752 ap
1890 1721 1919 1745 li-

1704 1756 1818 1775 cuerunt.
1836 1753 1868 1775 Co
1882 1753 1919 1776 le-

1703 1783 1815 1806 ctionum
1842 1792 1918 1815 prae-

1703 1813 1833 1845 cipuarum
1859 1815 1918 1840 bre—

1704 1845 1742 1869 vis
1760 1845 1874 1870 historia,
