2180 3205
170 255 220 282 An.
241 255 356 283 C.1099

215 308 235 328 tn
260 308 357 328 omnibus

171 333 333 355 iudicandum<
325 341 357 355 s-e

171 361 262 381 cundum
283 361 357 387 aequi-

171 389 242 408 tatem.

194 702 304 723 Ecclesiae
316 702 358 722 sns-

163 729 286 755 ,fraganeae
296 728 358 749 Vien-

171 757 243 776 nensis
276 756 358 775 archie-

172 784 301 808 piscopatus.

187 897 292 917 Tar-antas
283 896 337 916 <ieri
342 895 359 916 is

173 928 258 959 quaque
285 922 313 943 E
310 923 359 943 --ete

182 956 214 970 sia
239 949 353 970 Viennensi

173 976 278 997 subiecta.

203 1288 239 1309 Cui
250 1288 305 1308 bona
318 1292 361 1308 om-

175 1315 210 1335 nia
222 1320 247 1335 ac
264 1314 360 1335 donatio-

175 1347 220 1364 nos.

205 1688 256 1708 Item
278 1687 363 1713 prii-ile-

191 1715 211 1734 ia
227 1715 246 1734 et
258 1714 303 1734 iura
315 1720 364 1734 cor.-

193 1743 292 1761 rmasslul'.

205 1978 293 1999 Pallium
317 1977 365 1997 Gui-

179 2005 229 2025 doii
267 2004 362 2030 archiep.

179 2031 312 2053 conceditur.

222 2325 247 2345 Et
276 2325 354 2345 monita

182 2351 288 2378 quaedam
318 2351 368 2371 ilan-

182 2381 214 2399 tur
222 2378 369 2399 saluberrima.

431 244 501 278 ‘208

382 309 494 344 interni
529 308 692 344 arbitrium
721 306 835 342 iudicis
862 307 907 342 sic
936 307 1132 354 disponenda

382 359 573 406 disponeie,
606 366 639 391 ut
675 357 713 391 de
749 357 836 391 ιυΙιιι
874 357 943 391 eius
981 356 1131 390 iudicium

382 417 524 442 nostium
549 406 690 453 prodtat,
724 415 754 440 et
776 405 856 440 oculi
886 406 982 440 nostri
1009 405 1133 439 xideant

381 457 581 502 aequitathttm
606 455 712 489 Tuis
707 468 735 501 ig
733 458 809 495 i,tur
834 455 925 489 frater
949 454 1133 489 charissime

381 504 498 542 Guido,
519 505 609 539 iustis
624 483 831 550 petitionibus
852 512 1039 541 annuentes,
1060 515 1132 537 san-

381 561 461 588 ctam
484 553 697 588 Viennensem
725 553 915 596 Ecclesiam,
937 553 986 587 cui
1002 552 1133 587 authore

380 601 448 637 Deo
474 602 656 650 praesidi-s,
679 602 879 648 Apostolicae
901 602 994 636 Sedis
1019 601 1134 636 autbo-

381 653 471 686 ritate
497 664 669 686 munimus
699 652 847 686 Mansuro
875 652 979 698 itaque
1002 651 1031 684 in
1060 662 1133 697 per-

383 708 510 746 petuum
539 701 677 741 decreto,
713 700 855 735 videlicet
885 699 1131 746 Grationopolis,

380 749 561 794 valentina,
589 749 658 790 Dia,
693 749 785 793 Alba,
812 761 893 796 quae
915 757 944 783 et
971 748 1131 782 Vivarium

381 799 507 838 dicitur
521 800 661 840 Genera,
677 799 870 837 *lunienua
890 806 1015 832 sanctae
1035 797 1134 831 Vien-

381 848 471 882 nensi
498 848 660 882 Ecclesiae
688 855 858 894 tamquam
876 847 1133 893 metropolitanae

383 897 448 932 iure
475 905 627 944 perpetuo
658 896 793 931 debeant
827 896 1000 931 subiacere.
1034 895 1133 930 Porro

382 946 594 981 Tarentasiam
613 946 653 980 ita
668 958 792 992 semper
805 947 865 979 sub
882 946 1017 992 primatu
1032 944 1134 978 Vien-

382 995 492 1030 nensis
517 995 676 1030 Ecclesiae
703 1006 887 1041 permanere
909 993 1109 1028 decernimus
1125 1021 1133 1034 ‚

382 1045 464 1079 sicut
489 1057 504 1080 a
539 1044 656 1078 sanctis
694 1043 991 1091 praedecessoribus
1018 1043 1134 1077 nostris

382 1093 505 1133 Leone,
532 1092 662 1127 Nicolao
701 1100 795 1139 atque
833 1091 960 1126 Urbano
996 1092 1134 1126 noscitur

382 1142 607 1182 constitutum3
645 1141 785 1176 abbatias
806 1153 933 1188 quoque
959 1149 1021 1175 tam
1053 1141 1133 1175 intra

382 1204 475 1238 quam
499 1199 584 1225 extra
601 1191 687 1225 urbis
705 1191 895 1225 Viennensis
910 1190 1031 1224 moenia
1047 1190 1132 1234 sitas,

384 1249 454 1275 tuac
471 1240 654 1275 fraternitati
679 1240 830 1286 rcgendas
854 1239 1134 1286 disponendasque

383 1290 622 1324 committimus,
634 1289 796 1324 Praeterea
812 1289 988 1329 statuimus
1000 1297 1136 1335 atquae—

383 1351 520 1385 cumque
548 1339 686 1386 praedia,
720 1350 939 1386 quaecumque
966 1338 1058 1376 dona,
1086 1338 1133 1373 vel

385 1400 402 1423 a
430 1389 569 1423 romanis
597 1388 851 1435 imperatoribus
886 1388 931 1422 vel
953 1387 1135 1433 aBurgun-

385 1437 456 1472 diae
491 1437 642 1483 regibus,
680 1445 751 1472 tuae
785 1437 946 1471 Ecclesiae
984 1416 1071 1470 data0
1087 1436 1134 1470 vcl

386 1486 507 1521 reddita
531 1495 616 1527 sunt,
629 1498 848 1533 quaecumque
867 1485 960 1520 hodie
984 1485 1134 1532 possidet,

386 1536 450 1570 sire
477 1536 506 1569 in
531 1535 670 1570 futurum
699 1537 779 1570 iuste
801 1543 831 1569 ct
858 1535 1008 1569 canonice
1024 1535 1135 1581 poterit

385 1584 531 1631 adipisci,
556 1585 645 1619 firma
667 1584 723 1618 tibi
742 1585 865 1631 tuisque
888 1584 1134 1624 successoribus,

385 1642 417 1668 et
439 1633 554 1667 illibata
583 1641 797 1680 permaneant.
826 1633 874 1666 Ast
899 1633 974 1667 baec
992 1641 1052 1667 tam
1081 1645 1137 1667 su-

386 1684 677 1730 pranominatorum
703 1682 981 1729 praedecessorum
1010 1690 1137 1716 nostro-

387 1744 478 1772 rum,
513 1744 606 1778 quam
630 1739 660 1766 et
688 1739 881 1766 caeterorum
911 1731 1136 1765 catholicorum

386 1781 480 1816 Sedis
510 1780 711 1827 Apostolicae
738 1781 926 1815 Pontificum
952 1780 1112 1826 privilegia
1129 1808 1136 1821 ,

387 1830 426 1865 de
454 1830 520 1864 iure
558 1842 612 1864 seu
642 1830 842 1876 possessione
864 1829 1053 1864 Viennensis
1075 1829 1139 1863 Ec—

387 1880 500 1914 clesiae
522 1878 618 1918 edita,
645 1891 702 1913 nos
731 1891 857 1926 quoque
881 1879 1056 1925 praesentis
1082 1878 1139 1912 de-

388 1928 464 1962 creti
491 1928 697 1972 auctoritate,
733 1929 821 1962 firma
848 1928 1033 1973 integraque
1068 1939 1140 1974 per-

388 1985 484 2024 petuo
511 1989 695 2023 permanere
727 1977 938 2011 decernimus.
966 1976 1066 2010 Pallio
1100 1976 1138 2010 ad

389 2027 555 2061 missarum
578 2033 700 2060 tantum
736 2025 890 2061 solemnia
925 2025 985 2060 illis
1012 2025 1139 2059 solum-

390 2075 485 2110 modo
507 2075 619 2110 diebus
635 2076 678 2109 uti
693 2075 868 2109 fraternitas
882 2082 934 2109 tua
945 2075 1139 2114 meminerit,

390 2125 445 2172 qui
472 2124 533 2159 tuis
565 2124 863 2171 praedecessoribus
895 2123 1059 2158 Romanae
1081 2136 1141 2158 au-

392 2174 538 2209 thoritate
559 2173 718 2208 Ecclesiae
740 2173 880 2208 concessi
896 2181 985 2207 sunt:
1005 2173 1097 2207 cuius
1113 2182 1141 2207 te

391 2224 538 2257 volumus
572 2235 628 2269 per
662 2222 767 2257 omnia
788 2223 917 2268 genium
944 2234 1139 2257 conservare.

390 2271 497 2306 Huius
518 2272 601 2306 enim
637 2271 812 2306 indumenti
835 2272 952 2316 bonor,
979 2271 1141 2306 humilitas

392 2329 486 2368 atque
507 2321 622 2355 iustitia
656 2330 713 2356 est.
741 2320 819 2355 Tota
849 2333 924 2367 ergo
949 2328 1053 2355 mente
1081 2320 1142 2355 fra-

394 2371 522 2405 ternitas
556 2378 606 2405 tua
639 2382 672 2405 se
693 2370 842 2405 exhibere
868 2369 993 2405 festinet
1014 2369 1045 2404 in
1065 2382 1142 2416 pro-

393 2420 494 2467 speris
508 2419 675 2464 humilem,
697 2427 728 2454 et
750 2420 779 2454 in
803 2419 954 2459 adversis,
976 2418 1142 2465 siquando

394 2469 576 2508 adveniunt
603 2469 779 2503 inveniatur
799 2481 872 2503 cum
902 2468 1018 2502 iustitia
1041 2475 1142 2509 recta,

394 2518 494 2553 amica
527 2517 628 2559 bonis,
652 2518 805 2565 perversis
829 2517 1001 2557 contraria;
1028 2517 1143 2552 nullius

396 2578 546 2614 umquam
588 2566 698 2601 faciem
741 2579 796 2613 pro
833 2567 960 2601 veritate
997 2566 1144 2620 loquente

978 252 1056 273 emm
1066 251 1164 273 mimi
1194 251 1353 272 nonaxon

1177 306 1323 340 virtutem
1347 305 1492 340 insistere
1513 305 1660 353 cupiens:
1685 305 1816 341 infirmis
1838 318 1928 341 com-

1177 355 1312 402 patiens·
1349 355 1607 390 benevalentibus
1643 355 1862 401 congaudens:
1890 355 1928 389 de

1175 404 1286 438 alienis
1307 404 1429 450 gaudiis
1455 411 1603 451 tanquam
1620 404 1658 439 ‹le
1681 404 1815 451 propriis
1836 405 1928 438 exul-

1176 461 1261 487 tans:
1292 453 1321 486 in
1349 453 1542 499 corrigendis
1576 453 1657 487 vitiis
1683 453 1732 500 pie
1765 454 1925 488 saeviens:

1176 503 1204 536 in
1232 502 1376 537 fovendis
1404 502 1571 536 virtutibus
1596 501 1775 537 auditorum
1804 503 1926 537 animos

1175 551 1396 585 demulcensz'
1391 564 1420 585 in
1437 551 1478 585 ira
1496 551 1649 586 iudicium
1662 551 1731 586 sine
1745 551 1788 586 ira
1802 559 1925 586 tenens:

1176 600 1204 634 in
1223 600 1446 646 tranquillitate
1468 600 1642 635 severitatis
1665 600 1744 635 iuste
1760 612 1925 635 censuram

1176 661 1236 683 non
1254 649 1413 684 deserens.
1433 649 1520 684 Haec
1534 657 1593 692 est,
1617 649 1710 684 frater
1731 650 1927 694 charissime,

1176 698 1258 744 pallii
1285 698 1436 744 dignitas,
1459 711 1552 745 quam
1580 699 1604 733 si
1633 699 1755 734 solicite
1782 711 1928 734 servave-

1175 748 1227 790 ris,
1249 748 1332 794 quod
1357 748 1431 782 foris
1452 748 1612 794 accepisse
1634 748 1819 789 ostenderis,
1842 749 1928 782 intus

1176 796 1318 831 babebis.
1363 796 1603 831 Frater-nitatem
1643 805 1727 832 tuam
1767 809 1926 844 supernae

1175 845 1384 880 miserationis
1418 845 1559 892 dignatio
1586 859 1642 893 per
1671 855 1811 893 tempora
1835 846 1926 892 longa

1175 903 1337 929 conservet
1359 895 1562 930 incolumem.
1589 895 1750 943 Scriptum
1779 908 1835 942 per
1861 908 1928 930 ma-

1177 956 1250 977 num
1288 943 1369 978 Petri
1406 945 1517 979 notarii
1552 944 1718 991 regionarii
1750 945 1830 980 sacri
1866 957 1928 992 pa-

1175 992 1238 1026 latii
1266 995 1320 1037 (t).

1526 1142 1564 1177 Π.

1178 1217 1377 1263 Confirmatio
1404 1219 1553 1253 bonoram
1574 1220 1711 1254 omnium
1743 1233 1779 1254 ac
1810 1233 1929 1266 posses-

1222 1269 1344 1300 sionum
1374 1269 1416 1301 acl
1441 1269 1613 1302 Edicensem
1644 1270 1812 1304 Ecclesiam
1829 1271 1929 1315 perli-

1225 1319 1360 1350 nentt'um
1388 1318 1443 1361 (2).

1448 1392 1662 1422 SUMMARIUM

1176 1455 1343 1486 Exordium.
1361 1474 1400 1479 —-
1414 1456 1528 1487 Summi
1544 1457 1701 1487 Pontifices
1717 1457 1747 1488 Β.
1765 1458 1883 1488 Petrum
1899 1459 1929 1489 in

1217 1501 1273 1530 side
1295 1501 1402 1531 debent
1424 1502 1577 1531 aemulari.
1594 1519 1634 1524 —
1655 1502 1788 1532 Potestas
1807 1504 1836 1533 in
1859 1512 1928 1533 eos·-

1217 1545 1281 1574 dem
1301 1545 1336 1573 ah
1356 1545 1405 1575 illo
1421 1545 1560 1575 derivata.
1573 1545 1838 1576 —Contirmantur
1853 1547 1929 1576 bona

1218 1589 1306 1617 huius
1330 1588 1488 1618 Ecclesiae.
1519 1605 1557 1611 —
1586 1589 1716 1629 Datoque
1739 1591 1856 1620 decreto
1879 1600 1930 1630 pro

1217 1633 1282 1661 eius
1306 1633 1500 1669 immunitate,
1518 1650 1557 1656 —-
1585 1633 1730 1664 Nonnulla
1760 1635 1929 1664 concedun-

1218 1681 1264 1706 tur
1283 1677 1443 1715 privilegia.
1457 1677 1617 1708 —Solitae
1634 1679 1794 1716 clausulae,
1806 1688 1930 1718 poenam

1218 1722 1419 1760 praemiumve
1431 1721 1605 1759 irrogantes.
1615 1740 1655 1745 —
1666 1722 1721 1753 PP.
1737 1723 1930 1762 Subscriptio.

1179 1794 1295 1825 Pasclialis
1312 1805 1390 1826 servus
1406 1805 1522 1826 servorum
1536 1796 1587 1835 Dei,
1604 1797 1690 1827 dilecto
1705 1796 1768 1827 fratri
1786 1797 1930 1837 Norigautlo‚

1219 1840 1315 1878 eiusque
1332 1841 1500 1871 successorihus
1522 1842 1632 1871 canonice
1647 1841 1822 1881 substituendis,
1840 1843 1862 1872 in
1877 1851 1932 1882 per-

1218 1888 1323 1922 potuum.

1229 1958 1310 1993 Cum
1344 1959 1439 1994 divini
1479 1959 1714 2007 dispensatione
1749 1959 1856 1994 iudicii
1890 1959 1927 1994 ad

1181 2008 1277 2043 huius
1303 2008 1395 2043 officii
1428 2010 1585 2055 gradum,
1613 2009 1685 2043 licet
1711 2009 1832 2055 indigni
1855 2020 1932 2056 pro-

1182 2058 1256 2091 moti
1294 2058 1418 2096 simus,
1458 2066 1490 2092 ut
1527 2058 1741 2105 apostolorum
1781 2057 1932 2105 principis

1182 2108 1265 2141 vices
1299 2107 1330 2140 in
1358 2106 1521 2141 Ecclesiae
1557 2107 1710 2153 regimine
1743 2115 1930 2150 teneamus,

1181 2155 1407 2190 elaborandum
1444 2157 1535 2191 nobis
1568 2164 1632 2197 est,
1667 2165 1697 2190 et
1722 2155 1929 2190 annitendum

1182 2205 1322 2246 omnino,
1351 2213 1385 2239 ut
1407 2205 1437 2239 in
1460 2205 1693 2240 constituendis
1713 2204 1932 2240 ecclesiasticis

1218 2283 1256 2319 (t)
1274 2284 1362 2311 Primo
1381 2283 1549 2319 pontificatus
1566 2283 1695 2311 Paschalis
1714 2292 1783 2311 anno
1802 2283 1877 2310 datas
1895 2283 1935 2309 al-

1183 2327 1247 2354 latas
1271 2327 1360 2354 literas
1384 2336 1435 2354 non
1464 2328 1599 2362 negaverit
1632 2327 1754 2362 quisquis
1785 2326 1933 2353 adverterit

1182 2379 1251 2399 anno
1273 2373 1340 2398 1100
1361 2372 1465 2399 venisse
1490 2372 1514 2398 in
1535 2371 1655 2406 Angliam
1677 2371 1827 2398 GuIdonem
1853 2371 1934 2398 istum

1184 2415 1358 2442 Viennensem
1378 2416 1606 2451 archiepiscopum
1625 2415 1785 2448 functurum
1807 2416 1936 2447 legatione

1185 2462 1264 2486 totius
1280 2461 1436 2486 Brilannine
1452 2468 1483 2485 cx
1491 2462 1632 2492 praecepto
1647 2462 1671 2484 et
1683 2461 1845 2485 auctoritate
1862 2459 1934 2491 Apo-

1184 2506 1288 2529 stolicae
1303 2505 1383 2535 Sectis,
1396 2506 1424 2529 ut
1435 2503 1520 2538 inquit
1530 2502 1677 2529 Eadmerus
1688 2502 1732 2529 lib.
1750 2504 1766 2528 5
1781 2503 1935 2536 Novorum,

1185 2555 1242 2582 cap.
1263 2549 1286 2574 t.
1325 2547 1364 2582 (2)
1383 2547 1421 2573 Ex
1439 2547 1576 2574 Chartario
1601 2546 1700 2574 Eccles.
1724 2546 1827 2573 Eduen.
1854 2545 1936 2572 edidit

1185 2587 1346 2614 Sammarth.
1357 2587 1423 2614 inter
1435 2587 1614 2614 Instrumenta
1623 2587 1754 2614 Ecclesiae
1765 2586 1844 2613 huius
1859 2593 1935 2613 num.

397 2627 562 2665 premens,
607 2615 840 2651 misericordiae
874 2615 1025 2663 operibus
1058 2616 1272 2672 iuxtalxcvn.

1951 250 2000 277 An.
2021 251 2050 279 C.
2066 252 2132 281 1099

1987 1975 2108 1997 Exordium.
