2180 3205
166 266 214 291 An.
232 265 260 291 (ἶ.
284 264 350 291 {089

194 472 273 498 Corpus
297 472 350 491 idum

167 500 252 520 Bai-inin
266 499 350 518 tranm-

168 529 210 546 tum
245 524 350 547 recondit,

194 668 218 687 Γ·
230 667 351 692 vpisrnpum

168 701 205 715 Sllxt
227 699 287 713 tthltlu
303 697 352 711 CUI]-

168 723 244 742 εθσικιῐ.

197 1253 255 1274 Bona
273 1253 299 1274 ad
316 1254 355 1274 Ba·

170 1285 243 1300 tenses

170 1312 208 1332 pos
237 1310 323 1332 spectari
336 1299 355 1327 ia

171 1334 333 1356 [voluntantum

173 1594 231 1616 Quas
247 1594 287 1613 sint
302 1594 358 1614 bona

172 1620 306 1641 huiusmodi.
322 1626 359 1640 seu

173 1650 237 1667 eliani
250 1647 358 1667 Ecclesiae

143 1690 146 1692 .
173 1673 261 1694 Bam-nsi
289 1674 359 1694 >uuio-

433 236 500 271 1⁹2ss

380 301 574 340 Boamnndi,
601 308 694 347 atque
721 299 830 334 vestris
853 298 1128 346 deprecationibus

380 352 510 395 inritati,
534 350 688 384 civitatem
711 358 845 383 vestram
870 361 926 396 pro
953 348 1032 383 beati
1048 360 1128 383 con—

380 400 504 435 fessoris
529 399 648 433 Nicolai
678 398 848 433 dilectione
884 398 1050 444 praecipua
1083 398 1128 432 ri-

380 449 560 489 sitavimus3
592 460 663 482 cum
705 460 814 494 magna
843 447 983 494 undique
1011 459 1128 482 conve—

380 499 494 532 nientis
518 497 623 544 populi
652 496 826 544 frequentia
850 496 1029 543 laetitiaque
1047 496 1127 531 beati

378 547 497 582 Nicolai
532 546 682 593 reliquias
718 546 749 580 in
777 546 880 580 locum
918 546 1015 592 parati
1045 546 1128 593 adyti

379 596 594 639 conferentes,
628 603 736 630 contra
764 607 882 630 morem
907 603 1029 630 nostrae
1062 594 1128 629 Ro-

378 657 488 680 manae
510 653 540 679 et
562 645 763 692 Apostolicae
796 644 956 679 Ecclesiae
983 653 1023 688 te,
1051 644 1129 679 dile-

377 695 516 729 ctissime
539 694 642 735 frater,
665 695 696 728 in
718 694 793 729 sede
822 695 946 741 propi-ia
967 706 1129 728 consecra-

378 744 495 787 vimus,
517 743 598 778 beati
621 743 739 778 Nicolai
763 743 948 787 reverentia,
969 751 998 777 et
1016 743 1061 777 tui
1079 755 1129 790 po

379 793 443 839 puli
473 792 642 827 dilectione
663 793 789 827 devicti.
817 793 862 827 Te
890 793 982 837 igitur
1007 792 1038 826 in
1061 805 1130 839 spe-

378 842 488 877 cialem
514 842 678 877 Romanae
700 842 862 877 Ecclesiae
890 842 989 875 lilium
1012 842 1130 888 ample-

379 900 502 926 ctentes
522 891 640 926 amoris
661 891 762 925 intimi
786 891 939 931 bracliiis,
966 898 1128 937 tuamque,

378 941 428 975 cni
466 940 534 975 Deo
569 948 697 975 auctore
745 940 921 987 praesides,
957 940 1128 974 ssarenscm

379 993 478 1037 (quae
511 999 542 1024 et
574 989 736 1024 Canusina
773 989 920 1033 liabetur)
956 988 1127 1023 Ecclesiam

378 1040 532 1080 exaltare,
559 1047 588 1073 et
618 1039 768 1085 populum
798 1047 884 1072 tuum
915 1046 976 1072 tani
1007 1046 1128 1083 tempo-

380 1088 501 1132 raliter,
523 1099 616 1134 quam
639 1087 835 1122 aeternaliter
856 1087 1043 1133 glorificare,
1066 1087 1129 1120 lar-

379 1138 484 1184 giente
509 1137 659 1178 Domino,
686 1144 717 1171 et
743 1136 865 1171 savente
899 1137 1030 1176 iustitia,
1065 1148 1129 1169 cu-

381 1188 522 1242 pientes,
548 1186 773 1221 confirmamus
800 1185 854 1220 tibi
883 1186 1055 1231 praesentis
1076 1198 1130 1231 pa-

379 1237 471 1282 ginae
516 1236 701 1270 auctoritate
745 1235 902 1280 integium
939 1235 1128 1274 Bar,ensem

381 1285 457 1332 (qui
476 1292 506 1319 et
527 1284 708 1319 Canusinus
723 1288 785 1328 est)
811 1283 1129 1338 arcliiepisetqiatum,

382 1344 415 1369 ut
436 1342 469 1369 tu
500 1334 608 1381 tuique
634 1345 833 1368 successores
859 1333 1030 1380 episcopali
1065 1333 1130 1367 iuie

384 1384 472 1418 illum
497 1396 597 1430 ieoas,
632 1383 797 1430 disponas
825 1390 918 1428 atque
953 1382 1128 1429 possideazs

382 1434 464 1468 salva
479 1433 640 1467 Romanae
653 1432 837 1466 auctoritate
852 1432 991 1466 Ecclesia
987 1444 1024 1475 e,
1039 1444 1129 1478 quae,

382 1483 566 1517 instituente
586 1482 734 1525 Domino,
751 1481 964 1515 Ecclesiarurn
988 1480 1129 1514 omnium

382 1532 536 1578 Princeps
553 1539 611 1575 est,
633 1531 747 1577 cuique
770 1538 803 1565 ut
829 1530 918 1564 ilani
938 1542 1059 1563 summa
1080 1529 1132 1563 de-

384 1580 438 1615 bet
458 1581 497 1615 ab
520 1580 675 1615 universis
698 1579 868 1614 reverentia
881 1579 1031 1613 exhiberi.
1048 1578 1132 1612 Abs-

384 1642 446 1676 que
482 1629 672 1675 praeiudiem
709 1641 783 1674 ergo
818 1628 953 1662 iustitiae
986 1640 1132 1674 quarum-

383 1679 459 1713 libet
480 1678 705 1717 Ecclesiarum,
720 1685 887 1724 sequentes
906 1685 1058 1721 tenorem,
1077 1677 1130 1723 qui

383 1737 562 1762 nostrorum
591 1728 771 1761 continetur
800 1726 973 1773 privilegiis
1001 1727 1132 1772 praede*-

383 1789 558 1817 cessorum,
580 1776 738 1815 Barensis,
761 1778 826 1810 sive
843 1775 1022 1810 Canusinae
1044 1775 1130 1810 Eccl.

385 1827 612 1873 possessiones,
638 1826 704 1860 sive
736 1825 898 1859 dioeceses
926 1825 980 1859 tibi
1008 1826 1132 1871 tuisque

383 1875 622 1910 successoribus
655 1882 807 1921 perpetuo
842 1873 1047 1920 possidendas
1083 1886 1132 1908 ie-

382 1925 566 1971 gendasque
587 1932 670 1958 conti
664 1924 815 1958 adimus:
843 1923 902 1957 liae
929 1931 1031 1957 autem
1061 1931 1133 1956 sunt

974 244 1072 267 mmm
1079 245 1095 266 tt
1102 246 1108 266 l
1115 244 1158 267 [M

1187 243 1348 266 nonina!

1170 305 1199 333 et
1225 298 1340 344 pratis,
1373 295 1465 332 simul
1501 294 1746 343 cum-plebibus
1772 294 1836 330 sive
1867 307 1921 330 ec·

1170 348 1370 391 clesiis,cum
1385 345 1534 381 omnibus
1553 345 1662 389 titulis,
1685 345 1748 379 sire
1771 345 1920 391 cappellis

1170 397 1246 436 suis,
1275 395 1369 431 siinul
1396 396 1487 430 etiam
1512 407 1584 429 cum
1607 394 1805 437 monasteriis
1842 394 1922 428 viro-

1171 459 1252 487 rum,
1286 458 1340 480 seu
1377 445 1598 487 foeminarum,
1631 445 1770 490 graecis,
1799 451 1853 478 aut
1875 443 1921 477 la-

1171 496 1254 536 tinis,
1276 507 1346 530 cuin
1370 494 1526 528 universis
1552 492 1719 527 ordinibus
1733 493 1921 527 ecclesiasti-

1170 545 1230 585 cis,
1259 553 1289 579 et
1323 544 1473 591 quicquid
1508 542 1658 583 lionoris,
1691 542 1919 588 possessionis,

1170 607 1226 629 seu
1253 594 1412 640 dignitatis
1447 605 1502 648 per
1532 591 1666 638 legalem
1700 591 1921 646 largitionem,

1170 652 1199 678 et
1227 644 1310 677 iuxta
1334 642 1573 677 concessionem
1600 640 1776 687 antiquitus
1799 641 1922 674 tenuis-

1170 701 1227 733 set,
1253 701 1283 727 et
1305 691 1457 739 quiequid
1482 691 1618 726 iustitiae
1645 702 1706 724 non
1734 689 1923 725 contradicit

1170 750 1200 777 et
1234 742 1407 796 antiquitus
1439 739 1677 788 supeiaddituni
1710 751 1779 773 6556
1807 738 1923 786 proba-

1171 800 1231 834 tur,
1254 800 1283 826 et
1305 804 1334 825 in
1363 790 1501 825 futuriuii
1530 790 1610 824 iuste
1634 788 1746 836 poterit
1773 787 1922 823 Barensis

1170 849 1199 874 et
1222 840 1380 874 Canusina
1405 840 1546 874 Ecclesia
1567 838 1710 885 adipisci.
1739 837 1844 884 Atque
1861 837 1922 871 liu-

1171 889 1305 924 insmodi
1342 889 1502 935 privilegia
1540 887 1695 935 praesenti
1729 886 1923 921 auctoritatis

1171 947 1294 973 nostrae
1335 939 1463 973 decreto
1498 938 1696 983 indulgentes
1733 936 1922 981 statuimus,

1171 988 1292 1022 nullum
1333 1000 1459 1033 regunt,
1489 987 1532 1021 vel
1563 988 1805 1033 imperatorum,
1839 985 1924 1020 anti-

1171 1038 1288 1077 stitum,
1313 1038 1433 1071 nullum
1454 1048 1654 1083 quacumque
1671 1035 1822 1081 dignitate
1838 1047 1922 1082 prae-

1171 1086 1285 1131 ditum,
1308 1086 1354 1120 vel
1383 1097 1572 1132 quemquam
1595 1085 1702 1127 alium,
1726 1084 1842 1119 audere
1861 1084 1923 1118 mi*

1170 1143 1280 1176 nuere,
1303 1135 1449 1175 alienare,
1471 1135 1537 1169 sive
1558 1135 1623 1168 suis
1638 1134 1746 1168 usibus
1767 1133 1924 1180 applicare

1171 1184 1210 1218 de
1233 1185 1282 1227 iis,
1309 1196 1389 1231 qnae
1423 1184 1526 1219 eidem
1555 1183 1714 1218 Ecclesiae
1740 1194 1756 1217 a
1789 1181 1924 1229 quibus-

1172 1233 1247 1268 libet
1274 1233 1457 1268 liominibus
1479 1233 1518 1267 de
1547 1232 1673 1279 proprio
1695 1231 1762 1266 iure
1788 1231 1847 1265 iam
1871 1231 1925 1266 do-

1173 1291 1240 1317 nata
1264 1291 1348 1323 sunt,
1381 1284 1428 1317 vel
1463 1281 1614 1337 deinceps
1640 1280 1778 1315 Domino
1799 1280 1922 1315 favente

1172 1332 1280 1366 donati
1321 1332 1498 1378 contigerit.
1541 1331 1705 1365 Piaeterea
1740 1330 1923 1365 fraternitati

1173 1390 1243 1416 tuae
1278 1381 1363 1436 pallii
1393 1394 1430 1415 us
1435 1393 1487 1415 um
1514 1393 1551 1415 ex
1583 1392 1670 1414 more
1697 1379 1922 1434 concedimus,

1174 1439 1265 1464 uteo
1293 1431 1373 1464 inter
1397 1431 1563 1464 inissaium
1590 1429 1743 1463 solemnia
1770 1428 1808 1463 iis
1834 1429 1925 1463 dum-

1173 1487 1255 1514 taxat
1281 1479 1502 1514 festivitatibus
1535 1479 1643 1513 utaiis.
1671 1477 1831 1512 videlicet:
1858 1477 1925 1512 Na-

1173 1529 1289 1563 tivitate
1310 1529 1452 1570 Domini,
1474 1528 1580 1563 Sancti
1597 1527 1762 1574 Stephani,
1784 1526 1925 1573 Epipha-

1175 1578 1245 1622 nia,
1298 1578 1404 1612 Coena
1457 1577 1608 1618 Domini,
1656 1576 1924 1621 Resurrectione,

1175 1627 1387 1667 Ascensione,
1421 1627 1619 1670 Pentecoste,
1654 1625 1761 1660 Sancti
1799 1625 1925 1660 loannis

1174 1677 1354 1723 Baptistae,
1377 1676 1525 1710 natalitiis
1547 1675 1792 1722 Apostolorum,
1821 1682 1851 1709 et
1873 1675 1925 1709 tri-

1174 1726 1233 1760 bus
1257 1725 1474 1760 festivitatibus
1508 1725 1642 1760 Sanctae
1674 1724 1807 1766 Mariae,
1843 1723 1927 1758 festi-

1175 1775 1323 1809 vitatibus
1355 1782 1535 1809 sanctornin
1577 1774 1696 1808 Nicolai
1731 1781 1762 1807 et
1794 1772 1924 1814 Sabini,

1175 1824 1340 1858 festivitate
1366 1825 1509 1858 omnium
1535 1823 1744 1866 Sanctorum,
1767 1822 1797 1856 in
1819 1834 1925 1857 annuo

1175 1873 1381 1907 ordinationis
1403 1881 1473 1907 tuae
1495 1873 1563 1916 die,
1591 1873 1620 1906 in
1653 1871 1765 1906 ordine
1798 1872 1924 1918 episco-

1177 1935 1286 1968 porum
1320 1935 1375 1956 seu
1410 1930 1605 1956 caeter-oium
1644 1921 1852 1964 clericorum,
1892 1920 1924 1957 in

1973 849 2084 879 [effetum
2093 849 2135 871 iun-t
2179 846 2180 849 ’

1946 878 2062 898 munitatis,

1962 1340 2050 1361 Panium
2060 1323 2142 1367 nenas*-
2177 1338 2180 1359 ε

1950 1373 1974 1388 ar
1975 1367 2045 1393 :hicp.
2059 1372 2139 1388 conco-
2178 1380 2180 1385 ·

1950 1394 2020 1419 ditur;

385 1974 539 2008 Canusia:
555 1973 736 2016 Bitu-ictum,
751 1972 926 2011 Bitontum,
941 1972 982 2006 tl
988 1972 1133 2015 (lunium,
1176 1971 1412 2006 consecratione
1428 1973 1487 2005 ‹tia
1494 1984 1520 2004 ni
1538 1971 1581 2005 E
1569 1970 1786 2013 ¹'elesiarum,
1781 1982 1811 2003 in
1828 1978 1925 2004 trans-

383 2022 593 2065 luvenatiurn,
620 2021 771 2061 Elelficta,
797 2021 947 2061 Rubum,
974 2021 1132 2060 Tranum
1176 2020 1290 2054 latione
1317 2021 1410 2054 etiam
1443 2020 1526 2054 (loni.
1567 2019 1755 2054 confessoiis
1790 2018 1922 2053 Nicolai

384 2073 513 2115 Canna,
548 2049 780 2110 Mineriinum,
808 2071 998 2117 Aquattcta,
1027 2070 1134 2106 Mons
1153 2046 1346 2103 illos-tamur
1374 2070 1478 2116 itaque
1509 2069 1733 2103 fraternitatem
1757 2060 1864 2111 tuam,
1891 2075 1925 2102 ut

385 2121 552 2160 Meliorus,
580 2120 759 2158 Lai-,eltum
786 2119 946 2165 Β31,)ι]ἱ[)3
981 2119 1133 2165 Μ6ιΙμίἰ5.
1154 2100 1278 2155 llionor
1312 2126 1414 2152 tantae
1449 2118 1628 2164 dignitatis,
1667 2118 1924 2163 supplementum

384 2169 532 2213 BitalbiS,
552 2168 651 2216 Salpi,
674 2167 906 2214 Cupersanum,
928 2167 1134 2208 Pabmarum,
1154 2157 1159 2215 Ι
1179 2170 1287 2215 utique
1319 2169 1416 2202 totius
1453 2167 1657 2202 sacerdotalis
1683 2166 1818 2205 ordinis,
1856 2177 1925 2200 mo-

386 2219 480 2253 simul
503 2226 534 2252 et
552 2226 685 2256 caetera,
707 2229 787 2264 qnae
811 2218 888 2251 intra
904 2217 1016 2251 marini
1038 2217 1136 2251 litoris
1155 2217 1159 2287 1
1180 2216 1266 2250 iibus
1288 2219 1349 2251 tuis
1372 2217 1574 2257 conveniant;
1602 2224 1633 2250 et
1655 2228 1716 2250 non
1743 2215 1845 2249 solum
1868 2227 1925 2249 ex-

387 2280 440 2302 ora
467 2267 524 2302 sita
557 2279 626 2301 6556
658 2274 904 2312 cognoscuntur.
939 2265 1024 2300 llaec
1052 2278 1136 2310 vero,
1180 2268 1282 2300 teriori
1306 2268 1425 2300 homini
1453 2274 1507 2299 tuo
1529 2266 1674 2300 decorem
1709 2274 1860 2311 praestet,
1894 2271 1925 2298 et

387 2325 417 2351 et
438 2317 497 2350 alia
516 2316 699 2362 municipia,
722 2317 787 2350 sive
808 2316 946 2349 civitates
969 2315 1138 2361 praedictis
1156 2290 1160 2339 l
1179 2317 1322 2376 gratiam,
1348 2316 1403 2349 sed
1427 2323 1457 2349 et
1485 2317 1662 2349 interiorem
1686 2325 1813 2360 quoque
1836 2313 1926 2347 mul-

389 2365 564 2400 citit-atibus
586 2365 776 2403 adiacentes
798 2366 863 2398 site
885 2364 977 2410 longe
1006 2364 1137 2410 positae,
1157 2365 1275 2410 suplici
1311 2366 1423 2398 xirtute
1457 2363 1649 2398 corroboret.
1677 2363 1842 2409 Siquidem
1869 2364 1927 2396 ista

389 2414 443 2448 sed
471 2414 507 2448 ad
531 2426 584 2449 eas
607 2416 810 2460 pertinentes,
838 2413 1096 2447 confiimamus
1085 2425 1139 2447 vo-
1180 2421 1252 2447 surt
1277 2415 1379 2467 pallii;
1407 2415 1547 2447 omnium
1575 2415 1723 2446 virtutuu
1745 2419 1929 2445 ornamenta

391 2463 459 2503 bis3
493 2470 523 2497 et
557 2475 666 2497 omnes
694 2462 808 2497 fundos
848 2470 878 2496 et
913 2464 1050 2506 casales,
1078 2475 1139 2496 υι3
1181 2474 1253 2496 cnm
1287 2464 1349 2496 sint
1386 2459 1929 2507 11666553Γί3,ἰη56ρ3νὼίἱιῖ6νί3-

392 2524 464 2546 cuin
487 2514 566 2545 casis
592 2521 621 2545 ct
640 2513 748 2545 vineis.
779 2523 850 2545 cim
874 2512 971 2546 servis
997 2521 1026 2545 et
1049 2523 1075 2544 3
1069 2512 1163 2549 icil·
1183 2523 1254 2545 men
1282 2512 1337 2546 clr·
1331 2513 1434 2555 ¹ritas,
1457 2523 1541 2579 ¹quae
1565 2522 1676 2545 omnes
1697 2509 1928 2563 superexcedit,

391 2560 446 2594 lis.
483 2573 554 2594 cum
598 2572 707 2593 11]·,5515
743 2572 771 2594 ct
812 2562 1015 2599 massaritiis,
1048 2569 1119 2606 atqu
1125 2574 1140 2593 e
1159 2565 1164 2622 Ι1
1183 2561 1211 2593 liz
1212 2572 1239 2594 :c
1260 2561 1427 2606 {oilli-nteit}
1447 2560 1597 2603 ‹lionitate
1612 2560 1753 2593 comitati
1771 2560 1928 2592 convenit.

393 2610 595 2650 molendinis,
620 2620 692 2643 cuni
721 2610 877 2655 portibus,
903 2618 932 2643 et
960 2618 1057 2643 mont
1062 2610 1120 2643 bus
1132 2613 1166 2651 ,i
1183 2609 1233 2643 Ad
1255 2611 1371 2644 imitan
1371 2611 1404 2644 la
1428 2611 1522 2656 igitur
1543 2610 1684 2643 omnium
1706 2608 1886 2643 bonorum
1881 2619 1931 2642 in-

1979 2083 2102 2104 Adhortatus
2111 2079 2141 2104 aff

1957 2110 2060 2131 eumdem.
