2180 3205
154 230 206 259 An.
226 232 256 260 C.
272 233 334 260 ΗΜ

163 982 297 1003 Abbattssam
321 989 333 1003 a

157 1013 327 1034 sanctimoniali-

150 1042 188 1063 bus
210 1044 273 1070 eligi3
295 1044 334 1064 ad-

158 1076 254 1094 vocatum
270 1079 322 1095 vero

169 1105 193 1124 ab
210 1105 316 1125 abbatissa

190 1136 297 1157 statuitur.

151 1873 232 1904 Solitas
249 1874 336 1896 conciu-

153 1905 232 1921 siones.

400 221 472 254 452

351 286 434 321 sterii
450 284 573 325 abbate,
589 282 717 316 fratrum
733 291 875 319 suornm,
897 286 926 312 et
950 277 1099 325 praedicti

351 335 474 370 Get-laci
509 331 662 371 consilio,
698 342 770 364 cum
807 327 996 375 quibusdam
1030 327 1099 362 aliis

351 384 443 419 bonis
466 380 668 429 postmodum
692 378 779 412 vobis
802 378 964 423 religionis
982 377 1097 411 intuitu

350 443 535 467 concessum
563 437 626 464 est:
650 427 798 462 allodium
825 426 1000 461 Evernide:
1029 425 1098 460 villa

350 482 478 516 Luvris:
514 477 758 514 Hamclemburc
787 488 806 509 v
835 487 961 510 mansos
984 482 1014 509 et
1041 475 1099 509 do-

350 530 511 565 minicale:
535 527 649 563 Erdalc
675 539 723 561 vn
745 537 883 564 mansos,
902 525 933 559 in
955 524 1014 559 alia
1028 524 1098 559 villa

350 579 490 614 eiusdem
534 576 691 611 nominis:
739 575 906 609 dimidium
953 586 1096 608 mansum

350 629 445 663 unius
482 626 658 665 Lathonis,
685 633 715 659 et
749 623 902 671 quidquid
943 622 1099 670 praefatus

350 677 502 712 Gerlacus
536 683 567 710 et
600 687 677 710 uxor
703 674 772 709 eius
799 673 975 707 habuerunt
997 672 1099 706 Fran-

349 726 532 761 chenborne
553 733 582 760 et
599 723 926 768 Wolfchershlegere:
948 721 1097 756 allodium

349 775 469 818 Vostat,
502 774 586 822 quod
617 773 702 808 dedit
731 784 809 807 uxor
837 772 935 818 ipsius
956 770 1097 805 Gerlaci:

350 825 529 870 parochiam
569 823 668 870 ipsius
695 822 775 862 loci,
808 829 837 855 et
866 820 968 854 villam
1005 832 1097 854 unam

347 873 589 910 Voe‘stensasse:
604 871 844 907 decimationem
860 869 1096 904 dominicalium

348 922 613 958 Hamelemburc:
641 928 671 956 et
705 919 906 955 dominicalis
939 918 1096 953 Thiebac:

349 973 554 1019 prohibemus
580 971 686 1010 etiam,
709 977 741 1004 ut
771 968 855 1003 nulla
884 968 924 1002 ibi
959 968 1100 1014 qualibet

348 1021 562 1069 subreptionis
583 1020 696 1055 astutia
719 1018 764 1053 vel
789 1017 934 1051 violentia
964 1029 1095 1064 praepo-

349 1080 459 1112 natur,
496 1083 554 1105 nist
582 1081 675 1116 quam
704 1079 829 1102 sorores
859 1078 1018 1101 communi
1046 1078 1098 1100 as—

348 1133 454 1161 sensu,
479 1120 525 1154 vel
552 1131 623 1166 pars
649 1117 785 1152 sanioris
819 1115 954 1155 consilii,
983 1127 1099 1150 secun-

348 1169 424 1204 dum
460 1169 519 1204 Dei
556 1168 724 1210 timorem,
758 1173 789 1199 et
827 1165 906 1199 beati
934 1164 1096 1199 Benedicti

349 1218 502 1265 regulam,
524 1216 718 1264 providerint
746 1214 935 1261 eligendam.
958 1213 1099 1260 Praepo-

348 1268 428 1303 situs
450 1278 576 1314 quoque
595 1265 698 1300 nullus
720 1264 763 1299 ibi
778 1264 857 1298 alius
877 1271 1098 1310 praeponatur,

349 1317 409 1351 nisi
444 1329 538 1363 quem
566 1315 722 1350 abbatissa
755 1312 916 1348 communi
954 1324 1098 1347 sororum

349 1366 482 1401 consilio
496 1365 553 1400 sibi
571 1364 720 1399 idoneum
736 1362 875 1408 elegerit.
891 1361 1099 1397 Decernimus

349 1427 435 1462 ergo,
466 1423 500 1450 ut
532 1414 611 1449 nulli
645 1412 774 1447 omnino
803 1411 964 1446 hominum
995 1411 1098 1451 liceat,

351 1464 523 1511 praefatum
560 1462 784 1498 monasterium
821 1468 939 1495 temere
974 1469 1099 1507 pertur-

349 1514 435 1554 bare,
470 1521 523 1548 aut
553 1513 621 1547 eius
649 1511 864 1559 possessiones
890 1509 1024 1549 auterre,
1053 1510 1097 1544 vel

349 1563 469 1597 ablatas
501 1562 648 1605 retinere,
675 1561 831 1600 minuere,
862 1566 917 1593 aut
941 1558 1099 1605 aliquibus

349 1611 566 1646 vexationibus
588 1610 734 1656 fatigare3
763 1608 817 1643 sed
845 1608 950 1642 omnia
978 1608 1097 1654 integra

349 1669 587 1701 conserventur,
614 1671 733 1698 earum,
761 1669 818 1704 pro
851 1669 984 1704 quarum
1020 1669 1099 1692 con-

349 1710 524 1745 servatione
546 1715 577 1745 et
601 1708 828 1755 gubernatione
843 1718 992 1741 concessa
1014 1714 1098 1748 sunt,

349 1759 460 1794 usibus
486 1758 679 1794 omnimodis
705 1756 883 1804 profutura:
911 1755 994 1790 salva
1021 1755 1099 1790 Fut-

349 1808 457 1844 densis
493 1808 673 1843 monasterii
707 1806 823 1841 iustitia
853 1812 884 1839 et
905 1805 1096 1839 reverentia:

349 1858 373 1892 si
396 1870 456 1904 qua
480 1858 574 1904 igitur
595 1857 625 1891 in
648 1856 789 1890 futurum
804 1853 1015 1889 ecclesiastica
1033 1866 1100 1888 sae-

349 1908 503 1941 cularisve
526 1918 669 1952 persona,
696 1905 776 1938 hanc
800 1912 923 1938 nostrae
950 1903 1100 1937 constitu-

349 1957 446 1990 tionis
468 1956 612 2003 paginam
635 1955 750 1996 sciens,
773 1960 880 1987 contra
896 1964 965 1986 eam
981 1960 1099 1987 temere

350 2005 456 2040 venire
482 2004 658 2048 tentaverit,
685 2002 826 2038 secundo
858 2001 989 2036 tertiove
1011 2013 1100 2036 com-

350 2055 480 2098 monita,
496 2054 520 2088 si
537 2066 597 2088 non
611 2053 824 2088 satisfactione
836 2063 975 2097 congrua
991 2062 1101 2085 emen-

350 2103 480 2143 daverit,
509 2103 672 2150 potestatis
702 2101 894 2147 honorisque
919 2100 968 2134 sui
995 2100 1100 2146 digni-

351 2160 412 2186 tate
439 2160 563 2196 careat,
598 2162 748 2198 reamque
785 2162 818 2184 se
851 2149 956 2184 divino
984 2148 1100 2184 iudicio

351 2201 487 2236 existere
521 2201 560 2235 de
595 2208 770 2248 perpetrata
794 2199 957 2246 iniquitate
980 2210 1101 2244 cogno-

352 2258 435 2291 scat;
458 2258 487 2286 et
514 2262 530 2285 a
552 2249 764 2285 sacratissimo
787 2247 929 2295 Corpore
959 2260 995 2282 ac
1016 2247 1101 2282 San-

353 2300 450 2344 guine
471 2300 529 2338 Dei
552 2308 583 2334 et
610 2299 737 2334 Domini
759 2296 984 2344 Redemptoris
1002 2296 1100 2331 nostri

353 2347 423 2383 Iesu
451 2348 568 2383 Christi
592 2348 692 2382 aliena
712 2348 775 2392 fiat,
797 2354 891 2394 atque
914 2346 944 2380 in
960 2354 1101 2381 extremo

354 2398 497 2432 examine
519 2398 677 2432 districtae
696 2396 805 2432 ultioni
824 2396 1001 2436 subiaceat;
1019 2407 1101 2429 cun-

355 2446 413 2480 ctis
439 2455 541 2481 autem
574 2447 676 2481 eidem
703 2447 772 2481 loco
799 2444 877 2479 iusta
905 2444 1102 2479 servantibus

355 2494 395 2529 sit
424 2507 482 2540 pax
508 2495 633 2530 Domini
657 2496 752 2530 nostri
775 2494 845 2529 Iesu
872 2493 1002 2537 Christi,
1029 2505 1104 2540 qua-

354 2549 448 2578 tenns
469 2552 498 2578 et
522 2544 571 2579 hic
593 2545 730 2579 fructum
758 2544 857 2578 bonae
884 2543 1017 2577 actionis
1032 2554 1102 2589 per-

356 2592 485 2640 cipiant,
506 2600 535 2627 et
553 2593 635 2641 apud
659 2593 835 2628 districtum
858 2592 996 2628 Iudicem
1012 2602 1104 2639 prae-

947 223 1046 247 BULLA
1052 224 1083 246 m
1089 223 1135 246 PM
1162 222 1324 245 ROMANUM

1140 276 1200 311 mia
1242 283 1387 310 aeternae
1430 274 1514 322 pacis
1553 273 1722 308 inveniant.
1764 273 1889 318 Amen,

1140 338 1243 368 amen,
1270 336 1373 359 amen.

1191 375 1261 409 Eoo
1285 374 1498 408 innocensus
1529 372 1700 407 catholicae
1727 371 1889 406 Ecclesiae
1918 383 2086 406 innocentiit‘t’.

1139 425 1309 471 episcopus
1331 436 1372 457 ss.

1189 473 1254 519 Ego
1299 472 1464 507 Alhericus
1499 471 1678 506 Hostiensis
1719 470 1889 518 episcopus

1139 522 1323 568 subscripsi.

1188 571 1257 617 Ego
1278 571 1460 618 Stephanus
1482 569 1706 605 Praenestinus
1722 569 1890 616 episcopus

1139 621 1322 667 subscripsi.

1189 670 1257 715 Ego
1282 669 1386 704 Guido
1408 676 1533 704 sanctae
1548 668 1709 703 Romanae
1728 667 1890 702 Ecclesiae

1140 719 1289 765 indignus
1311 719 1456 754 sacerdos
1482 717 1665 763 subscripsi.

1187 768 1255 815 Ego
1281 768 1386 803 Guido
1406 767 1508 815 presb.
1537 766 1622 801 card.
1647 766 1694 800 tit.
1717 766 1750 801 S.
1774 765 1888 801 Caeci-

1140 817 1196 852 liae
1218 818 1401 865 subscripsi.

1187 866 1254 913 Ego
1272 867 1411 901 Thomas
1434 866 1536 914 presb.
1565 865 1650 901 card.
1673 865 1718 900 tit.
1741 865 1888 900 Vestinae

1139 916 1322 963 subscripsi.

1189 965 1256 1010 Ego
1283 965 1358 1000 Otto
1385 964 1536 1000 diaconus
1568 964 1652 999 card.
1687 964 1722 999 S.
1758 964 1885 1011 Georgii

1139 1014 1177 1049 ad
1200 1014 1313 1049 Velum
1337 1014 1477 1049 Aureum
1504 1014 1688 1060 subscripsi.

1187 1063 1255 1109 Ego
1276 1063 1381 1098 Guido
1403 1063 1482 1098 diac.
1507 1064 1590 1098 card.
1614 1063 1802 1098 Sanctorum
1822 1061 1888 1098 Co-

1139 1125 1225 1147 smae
1247 1121 1275 1147 et
1297 1113 1441 1148 Damiani
1469 1112 1652 1157 subscripsi.

1187 1162 1255 1208 Ego
1278 1162 1468 1197 Octavianus
1493 1161 1572 1196 diac.
1595 1161 1680 1196 card.
1704 1162 1751 1195 tit.
1779 1161 1887 1196 Sancti

1139 1211 1257 1246 Nicolai
1280 1212 1310 1246 in
1338 1211 1471 1247 Carcere
1498 1211 1681 1257 subscripsi.

1188 1260 1265 1295 Data
1302 1260 1447 1295 Laterani
1491 1273 1546 1307 per
1587 1272 1714 1295 manum
1755 1258 1887 1295 Gerardi

1139 1319 1264 1345 sanctae
1307 1310 1470 1345 Romanae
1515 1309 1675 1344 Ecclesiae
1718 1309 1887 1357 presbyteri

1139 1360 1307 1394 cardinalis
1328 1368 1357 1394 et
1380 1358 1619 1399 bibliothecarii,
1635 1371 1676 1393 xv
1691 1358 1751 1393 kal.
1768 1359 1888 1405 aprilis,

1140 1409 1312 1444 indictione
1330 1421 1364 1449 x,
1379 1408 1603 1443 incarnationis
1617 1408 1794 1443 dominicae
1806 1420 1889 1443 anno

1139 1469 1237 1493 tuem
1252 1485 1260 1501 ,
1300 1459 1498 1505 pontificatus
1537 1470 1608 1493 vero
1643 1457 1751 1493 domni
1791 1457 1890 1492 [nno-

1139 1508 1220 1542 centi
1243 1507 1269 1541 lt
1292 1519 1375 1542 anno
1394 1519 1456 1542 xm
1479 1510 1535 1550 (t).

1190 1563 1251 1594 Dat.
1274 1564 1321 1594 die
1344 1564 1380 1594 18
1403 1564 1500 1594 martii
1522 1573 1598 1594 anno
1616 1563 1731 1594 Domini
1754 1563 1840 1602 1141,

1381 1608 1484 1648 pontif.
1503 1618 1580 1638 anno
1598 1618 1647 1639 xii.

1459 1783 1559 1819 LXX.

1141 1870 1342 1911 Confirmatio
1370 1870 1547 1903 donationis
1579 1882 1599 1903 α
1633 1871 1804 1915 Godesrido
1824 1872 1889 1915 epi-

1187 1931 1275 1962 scopo
1302 1919 1491 1962 Florentino,
1521 1927 1768 1964 caeterarumque
1789 1921 1889 1953 dona-

1188 1969 1306 2001 tionum
1333 1968 1486 2012 factarum
1504 1971 1686 2002 monasterio
1704 1970 1890 2002 monialium

1189 2017 1225 2051 S.
1247 2018 1407 2051 Ambrosii
1426 2018 1593 2051 Florentia.
1616 2018 1755 2052 dioecesis
1777 2018 1839 2061 (2).

1411 2098 1626 2131 SUMMAfflUM

1140 2169 1357 2200 Confirmantur
1374 2170 1547 2200 donationes
1569 2169 1662 2200 sactae
1681 2176 1805 2202 monast.
1822 2171 1891 2202 Flo-

1181 2218 1266 2251 rent.‚
1288 2215 1374 2254 eique
1396 2214 1559 2253 recipiendi
1581 2214 1746 2245 oblationes
1765 2220 1822 2246 tam
1838 2226 1890 2256 pro

1181 2259 1252 2289 vivis
1274 2268 1362 2298 qnam
1392 2267 1442 2298 pro
1471 2258 1618 2289 defunctis
1646 2259 1816 2290 conceditur
1848 2260 1892 2290 fa·

1176 2324 1215 2359 (l)
1232 2324 1322 2356 Vides,
1342 2324 1433 2357 lector,
1450 2327 1562 2359 quantas
1584 2324 1627 2351 hic
1641 2332 1748 2360 quoque
1767 2325 1890 2361 ambages

1141 2364 1324 2400 praeseferunt
1342 2367 1419 2391 notae
1442 2364 1491 2391 hae
1514 2364 1725 2400 chronologicae,
1750 2373 1817 2400 quas
1835 2365 1889 2392 mi-

1143 2413 1201 2431 rum
1217 2408 1257 2430 est
1273 2412 1324 2431 non
1340 2403 1488 2431 advertisse
1501 2403 1651 2436 relatorem,
1668 2405 1848 2440 caeteroquin,
1860 2408 1890 2431 ut

1141 2452 1174 2471 ex
1199 2444 1255 2470 eius
1274 2443 1405 2479 colloquio
1420 2443 1526 2478 saepius
1548 2443 1624 2470 nobis
1644 2444 1788 2471 coniecisse
1803 2444 1888 2477 licuit,

1141 2484 1375 2519 sapientissimum.
1396 2483 1469 2509 Muta
1493 2483 1581 2517 igitur,
1598 2483 1621 2510 si
1637 2483 1688 2515 vis,
1704 2483 1796 2510 indict.
1819 2491 1838 2510 x
1863 2483 1890 2511 ἰιι

1142 2527 1274 2558 quartam,
1291 2527 1318 2549 et
1335 2530 1434 2549 annum
1451 2522 1544 2557 pontif.
1562 2522 1705 2549 Innocentii
1728 2530 1778 2549 xui
1794 2523 1819 2549 in
1838 2530 1888 2555 ιιι,

1145 2570 1173 2590 ut
1190 2564 1350 2591 conveniant
1364 2571 1425 2590 cum
1436 2571 1505 2590 anno
1518 2563 1594 2589 ΗΜ.
1632 2562 1670 2598 (2)
1681 2563 1720 2589 Ex
1733 2567 1796 2590 tom.
1811 2563 1886 2590 ittat.

1143 2606 1214 2636 Sao,
1231 2603 1274 2630 ubi
1290 2603 1323 2630 de
1337 2603 1472 2638 archiepp.
1491 2603 1656 2630 Florentinis.

1906 217 1954 244 An.
1972 217 2003 244 C.
2022 218 2083 244 tint

1904 492 1925 511 et
1945 489 1966 510 S.
1988 489 2011 511 R.
2027 490 2084 511 Επεὶ.

1924 521 2061 542 cardinalium

1904 551 2080 578 subscriptiones.

2168 1087 2170 1099 ι

2169 1141 2173 1159 l

2170 1164 2175 1209 ἰ

2170 1218 2173 1234 l

2171 1235 2172 1249 l

2171 1289 2174 1298 t
