2180 3205
191 223 242 250 An.
261 222 288 249 C.
307 221 372 248 wis

204 333 299 354 Derimas
313 334 377 355 bauo·

190 371 235 384 rum
256 365 374 387 ramlnuat.

204 397 224 415 et
240 395 361 415 tarutiaieui

213 426 318 446 iudicandi
335 427 354 445 in

191 457 288 483 proprios
305 456 375 477 homi—

190 493 229 508 nes
245 491 265 508 rt
280 488 375 508 colonos.

199 575 264 595 sacra
277 576 377 601 mysteria

191 609 211 625 et
228 606 345 625 ministeria
365 612 376 625 a

191 642 322 662 quorumque
333 637 377 662 epi-

191 672 256 692 ›vopo
270 667 377 692 recipien-

191 699 210 717 di
221 697 291 717 tribuit
308 697 375 718 sacul-

190 731 262 748 tatem.

205 1314 285 1334 Saltiae
307 1319 360 1334 can—

227 1346 341 1365 aliisi-ines.

220 2209 306 2233 Rufioni!
322 2208 360 2229 PP.

200 2261 220 2277 et
236 2258 255 2276 S.
274 2256 295 2276 n.
313 2255 385 2276 Recte-

201 2290 216 2307 q
227 2296 244 2307 ιι·
291 2288 386 2307 vurdina-

201 2320 249 2338 tium
290 2319 385 2337 sutis-re

200 2350 293 2375 ptiones.

441 211 511 243 552

393 286 513 324 paratas
536 278 591 319 tl),
606 275 669 308 sive
691 273 813 320 aliquas
839 271 974 307 audeant
1001 271 1139 305 l'uiictio-

392 339 447 361 nes
462 326 598 370 exigere.
622 323 768 357 Decimus
785 322 942 355 novalium
969 329 1139 368 praeterea,

391 384 421 409 et
456 375 612 408 fructuum
646 372 788 406 laborum
824 380 1021 409 rostrorum,
1061 382 1140 417 quos

393 424 526 470 propriis
549 422 688 456 excolitis
703 420 895 467 sumptibus,
917 428 947 454 et
963 419 1139 454 districtum

391 484 551 507 servornm
581 479 610 505 et
648 470 818 505 liberorum
846 469 883 504 ad
909 477 1044 504 vestrum
1068 480 1141 503 coe-

392 522 521 557 nobium
547 520 782 567 pertinentium,
812 518 899 553 robis
927 517 1069 552 habenda
1094 518 1142 551 (ir-

391 583 524 605 mamus.
560 569 704 603 Clirisma
732 580 816 607 vero,
844 567 958 602 Oleum
986 575 1141 609 sanctum7

391 621 644 654 consecrati-ines
666 618 823 657 altarium,
839 618 904 651 sive
927 616 1141 656 basilicarum,

391 670 605 704 ordinationes
632 668 818 705 abbatissae,
843 666 890 701 vel
915 666 1140 700 monacharum

390 731 445 753 seu
468 719 655 753 elericorum
684 725 872 760 vestrorum,
900 715 952 762 qui
975 715 1012 750 ad
1036 726 1142 749 sacros

390 769 507 803 suerint
525 767 654 802 ordines
671 765 889 812 promovendi,
911 777 966 799 seu
989 763 1140 811 quicquid

390 818 426 852 ad
450 829 572 852 sacrum
608 815 818 850 ministerium
853 815 1003 861 pertinet,
1030 826 1045 848 a
1069 813 1142 859 qui-

390 867 589 913 buscumque
602 865 774 900 malueritis
789 863 950 899 catholicis
963 863 1143 909 suscipietis

390 917 565 963 episcopis·⁷
588 915 640 963 qui
665 915 813 949 nimirum
837 913 957 960 absque
981 915 1142 958 pravitate,

390 974 418 1000 et
450 965 697 1012 reprehensione
720 963 824 1010 aliqua
852 975 887 997 ea
915 962 1005 996 vobis
1027 973 1143 995 conce-

391 1016 476 1052 dant.
500 1013 788 1062 quaemadmodum
811 1024 828 1046 a
848 1010 1144 1057 praedecessoribus

393 1065 508 1098 uostris
536 1064 636 1098 felicis
658 1062 828 1097 memoriae
854 1060 972 1101 Paulo,
1004 1059 1142 1101 calixto,

392 1113 577 1148 Innocentio
603 1112 758 1147 Romanis
784 1110 1004 1153 Pontificibus,
1039 1117 1143 1144 vestro

393 1163 584 1197 monasterio
607 1173 663 1209 pro
687 1161 850 1207 fragilitate
879 1159 1026 1194 foeminei
1049 1171 1143 1193 sexus

392 1221 514 1247 constat
555 1223 624 1245 csse
669 1221 866 1245 concessum.
909 1208 1143 1243 confirmamus

392 1263 483 1296 etiam
515 1260 603 1295 vobis
634 1268 757 1307 portum
780 1258 1002 1293 Placentinum
1037 1266 1067 1291 et
1102 1258 1144 1291 ri-

393 1312 530 1358 paticum
558 1311 635 1344 eius.
663 1310 697 1344 Si
725 1320 785 1355 qua
819 1308 913 1354 igitur
944 1307 975 1341 in
1004 1306 1168 1353 futurumi

392 1361 601 1396 ecelesiastica
638 1358 848 1393 saecularisve
880 1369 1028 1403 persona.
1065 1356 1145 1390 banc

393 1418 517 1445 nostrae
555 1408 788 1443 constitutionis
829 1407 974 1453 paginam
1016 1405 1144 1445 sciens,

391 1468 500 1494 eontra
527 1472 595 1494 eam
623 1466 741 1493 temere
764 1457 870 1491 venire
892 1455 1070 1498 tentaverit,
1092 1466 1145 1489 se-

392 1509 497 1543 cundo
514 1509 645 1543 tertiove
663 1506 869 1549 commonita7
891 1505 917 1539 si
939 1517 1002 1539 non
1022 1503 1147 1538 satisfa-

393 1559 499 1593 ctione
537 1569 675 1603 congrua
712 1554 940 1590 emendaverit,
983 1554 1146 1600 potestatis

393 1607 586 1654 honorisque
623 1606 669 1640 sui
705 1604 857 1650 dignitate
899 1611 1020 1643 careat,
1043 1615 1146 1637 ream-

393 1669 454 1704 que
488 1669 522 1692 se
560 1655 668 1690 divino
701 1654 818 1689 iudicio
846 1653 979 1688 existere
1013 1652 1052 1687 de
1075 1665 1145 1699 per-

394 1714 513 1753 petrata
555 1705 722 1751 iniquitate
756 1710 944 1749 cognoscat,
981 1710 1012 1736 et
1046 1714 1060 1735 a
1102 1713 1147 1736 sa-

393 1756 570 1790 eratissimo
597 1754 740 1801 Corpore
773 1765 809 1787 ac
837 1751 1003 1798 Sanguine
1035 1751 1093 1785 Dei
1117 1759 1147 1784 et
1186 1754 1190 1763 '

394 1804 522 1839 Domini
558 1804 655 1838 nostri
693 1803 763 1838 lesu
795 1801 912 1836 Christi
941 1800 1043 1835 aliena
1079 1801 1148 1844 fiat,

394 1862 487 1901 atque
519 1854 549 1888 in
577 1861 718 1888 extremo
746 1851 890 1887 examine
912 1850 1071 1884 districtae
1101 1850 1149 1883 ul-

395 1905 472 1938 tioni
496 1902 667 1938 subiaceat.
692 1901 824 1936 Cunctis
838 1908 943 1935 autem
960 1899 1063 1934 cidem
1080 1899 1148 1933 loco

395 1965 451 1987 sua
465 1953 529 1987 iura
547 1951 746 1987 servantibus
766 1951 804 1986 sit
821 1962 879 1997 pax
896 1949 1026 1984 Domini
1051 1948 1148 1983 nostri

394 2002 464 2036 Iesu
499 2001 640 2045 Christi,
675 2009 832 2048 quatenus
865 2007 895 2034 et
928 1998 979 2032 hic
1013 1998 1148 2033 fructum

395 2051 497 2086 bonae
519 2051 652 2085 actionis
680 2050 864 2097 percipiant,
887 2056 916 2082 et
939 2048 1020 2094 apud
1044 2048 1151 2082 distri-

396 2108 482 2135 ctum
505 2100 645 2135 Iudicem
674 2099 811 2147 praemia
833 2105 977 2133 aeternae
1000 2099 1084 2145 pacis
1100 2098 1151 2131 in-

396 2150 535 2184 veniant.
559 2149 674 2183 Amen.
963 2152 967 2154 “

983 216 1061 238 urm.
1068 217 1080 237 «l
1088 216 1169 238 num
1197 216 1265 237 nom
1271 215 1359 238 ‘wrm

1231 271 1299 317 Ego
1321 270 1486 306 Aribertus
1502 270 1605 318 presb.
1621 271 1706 306 card.
1726 271 1770 306 tit.
1794 270 1827 306 S.
1845 271 1932 306 Aua-

1182 328 1293 355 stasiae
1315 332 1356 354 ss.

1231 369 1299 415 Ego
1318 369 1416 404 Iulius
1439 369 1542 416 presb.
1565 369 1733 404 cardinalis
1748 369 1826 405 tituli
1849 369 1932 404 Sau-

1182 419 1221 454 cti
1250 418 1387 453 Marcelli
1415 430 1456 453 ss.

1232 468 1300 513 Ego
1322 468 1503 502 Bernardns
1532 467 1635 515 presb.
1664 467 1830 503 cardinalis
1851 467 1930 502 tituli

1182 518 1215 551 S.
1240 517 1414 552 Clementis
1441 529 1482 551 ss.
1746 521 1749 523 ’

1232 567 1301 612 Ego
1323 566 1398 601 Otto
1420 565 1574 601 diaconus
1589 566 1674 600 card.
1692 566 1738 600 tit.
1754 566 1788 601 S.
1803 565 1931 612 Georgii

1184 617 1220 651 ad
1249 616 1361 651 Velum
1391 616 1530 650 Aureum
1554 627 1596 650 ss.

1232 666 1300 712 Ego
1327 665 1517 700 Octavianus
1538 665 1618 698 diac.
1641 664 1727 699 car'd.
1754 665 1800 699 tit.
1823 664 1857 699 S.
1877 664 1934 698 Ni-

1183 715 1262 749 colai
1287 715 1316 748 in
1339 713 1474 749 Carcere
1495 714 1641 748 Tulliano
1662 726 1704 749 ss.

1233 764 1300 810 Ego
1326 763 1459 798 Ioannes
1488 763 1608 810 Paparo
1631 763 1711 798 diac.
1739 763 1824 798 eard.
1855 762 1933 796 tituli

1184 813 1289 848 Sancti
1314 813 1462 848 Hadriani
1491 826 1532 848 ss.

1232 862 1300 909 Ego
1335 862 1508 908 Gregorius
1542 862 1622 896 diac.
1659 861 1826 897 cardinalis
1854 860 1934 894 tituli

1185 912 1290 946 Sancti
1319 912 1432 958 Angeli
1454 924 1495 946 ss.

1235 961 1301 1007 Ego
1316 961 1422 996 Guido
1436 961 1587 996 diaconus
1602 960 1687 996 card.
1707 961 1752 995 tit.
1772 959 1806 995 S.
1819 959 1936 994 Mariae

1186 1011 1214 1044 iu
1241 1010 1371 1045 Porticu
1394 1022 1436 1044 ss.

1237 1060 1302 1106 Ego
1323 1059 1460 1094 lacintus
1486 1059 1564 1094 diac.
1592 1059 1678 1094 eard.
1709 1058 1842 1094 Sanctae
1869 1058 1937 1092 Ma-

1187 1109 1249 1144 riae
1277 1110 1306 1143 in
1334 1108 1507 1143 Cosmedin
1530 1121 1571 1143 ss.

1234 1159 1349 1193 Datum
1374 1159 1511 1198 Brixiae,
1545 1171 1600 1205 per
1629 1170 1755 1193 manum
1777 1156 1937 1192 Guidonis

1185 1217 1311 1243 sanctae
1346 1207 1509 1242 Romanae
1543 1208 1702 1242 Ecclesiae
1734 1207 1815 1242 diac.
1850 1207 1936 1241 eard.

1185 1266 1213 1291 et
1236 1257 1381 1298 cancell.‚
1401 1270 1434 1292 w
1449 1257 1518 1292 idus
1535 1257 1738 1304 septembris,
1766 1256 1938 1291 indictione

1186 1319 1233 1350 xi,
1250 1307 1473 1342 incarnationis
1487 1307 1666 1342 dominicae
1677 1318 1760 1341 anno
1775 1317 1938 1346 monvill,

1164 1354 1389 1421 'pontificatus
1417 1369 1489 1391 vero
1516 1355 1624 1391 domni
1648 1354 1783 1402 Eugenii
1809 1354 1871 1389 ΡΙ).
1897 1354 1939 1389 lll

1186 1418 1269 1441 auno
1298 1418 1341 1440 iv.

1210 1454 1272 1484 Dat.
1295 1455 1342 1484 die
1365 1455 1382 1484 8
1402 1453 1579 1493 septembris
1598 1463 1674 1483 anno
1694 1453 1809 1482 Domini
1832 1453 1915 1489 1148,

1435 1494 1537 1534 pontif.
1560 1503 1637 1523 anno
1655 1502 1693 1523 iv.

1505 1599 1625 1634 XXXI.

1190 1660 1367 1697 Decretum,
1403 1666 1434 1691 m
1462 1661 1661 1703 imposterum
1685 1657 1861 1692 Placentini
1875 1657 1942 1702 epi-

1237 1710 1319 1753 scopi
1333 1710 1371 1741 ab
1385 1709 1612 1753 archiepiscopo
1635 1709 1812 1741 Ravennam
1833 1718 1943 1740 conse-

1238 1759 1405 1791 crationem
1427 1758 1580 1802 accipiant
1603 1758 1664 1800 (l).

1460 1822 1675 1853 SUMMARIUM

1190 1871 1289 1901 Abbas
1316 1873 1351 1901 de
1370 1870 1510 1901 Columba
1544 1872 1572 1901 in
1600 1871 1772 1911 episcopum
1798 1870 1944 1900 Placenti-

1230 1921 1299 1941 num
1317 1912 1440 1941 electus.
1456 1911 1666 1942 —Electionis
1682 1912 1746 1941 eius
1759 1910 1943 1940 confirmatio

1231 1953 1348 1990 petitur.
1376 1968 1414 1973 -
1438 1951 1616 1982 Electionem
1643 1950 1822 1990 praedictam
1847 1951 1944 1980 firmat

1230 1991 1371 2025 Pontifex,
1395 1992 1474 2020 salvo
1498 1992 1562 2020 iure
1583 1991 1760 2021 Ravennatis
1780 1990 1942 2020 Ecclesiae.

1230 2049 1270 2054 —
1302 2031 1502 2061 Placentinum
1523 2032 1650 2061 electum
1672 2040 1689 2060 a
1707 2030 1873 2060 Ravennate
1899 2038 1945 2058 ar-

1231 2071 1420 2110 chiepiscopo
1439 2071 1607 2110 consecrari
1626 2070 1735 2100 debere
1748 2069 1890 2100 decernit.
1907 2084 1947 2091 —-

1232 2110 1388 2141 Clausulae
1411 2115 1580 2141 consuetae.
1607 2128 1646 2133 —
1668 2110 1791 2148 Eugenii
1811 2108 1948 2139 resub-

1233 2151 1364 2190 scriptio.

449 2199 518 2233 Eoo
533 2199 699 2233 Emmaus
714 2198 794 2232 cath.
816 2197 901 2231 Eecl.
917 2196 1087 2243 episcopus
1109 2208 1150 2229 ss.
1171 2189 1175 2240 Ι
1192 2208 1324 2244 eugenius
1347 2209 1488 2245 episcopus
1511 2215 1606 2238 servus
1629 2215 1768 2237 servorum
1792 2207 1848 2240 Dei,
1868 2213 1947 2236 vene.

448 2247 667 2295 EgoUbaldus
683 2260 729 2294 pr.
739 2247 824 2282 card.
839 2247 886 2280 tit.
905 2245 1150 2280 S.Praxedisss.

449 2298 515 2343 Ego
534 2297 676 2332 Ubaldus
691 2296 793 2344 presb.
804 2295 888 2330 card.
903 2297 945 2330 tit.
961 2295 1011 2330 Ss.
1027 2295 1154 2329 Ioannis

399 2355 430 2381 et
451 2347 541 2381 Pauli
565 2359 608 2381 ss.

435 2400 474 2433 (t)
487 2401 600 2431 Parata,
611 2398 706 2425 erebro
718 2398 835 2424 sumitur
847 2405 895 2432 pro
906 2398 1030 2431 expensis
1045 2403 1113 2430 quae
1130 2396 1155 2421 iu

400 2437 587 2470 episcoporum
598 2435 813 2469 susceptionibus
825 2440 839 2458 a
858 2433 1023 2467 presbyteris
1033 2431 1156 2458 ecclosia-

402 2478 460 2496 rum
473 2470 601 2496 ruralium
615 2470 720 2501 fiebant7
733 2476 801 2503 qnae
813 2471 903 2502 postea
922 2468 945 2493 iu
966 2467 1157 2501 praestationes

402 2506 566 2539 pecuniarias
579 2505 716 2536 abieruut3
736 2505 777 2530 hic
793 2507 908 2535 paratae
929 2510 978 2537 pro
998 2502 1156 2537 pecuniariis

403 2541 627 2574 praestationibus
646 2543 798 2571 sumuntur.
821 2547 889 2573 quae
908 2539 988 2564 etiam
1010 2545 1056 2572 per
1078 2545 1157 2563 rocos

403 2578 601 2605 nutus-iusirum,
613 2578 756 2607 ripaticum
767 2578 832 2606 ‚eto
847 2573 1006 2604 indicantur,
1020 2572 1087 2599 tituli
1100 2576 1158 2599 tan-

404 2614 459 2637 turn
478 2611 563 2644 specio
580 2614 726 2636 immutata.
767 2614 803 2644 (n.
822 2610 861 2644 T.)

1238 2253 1320 2281 rabili
1343 2252 1426 2282 fratri
1455 2254 1540 2288 moysi
1563 2253 1712 2282 Ravennati
1735 2252 1947 2288 archiepiscopo.

1239 2299 1357 2327 salutem
1387 2300 1416 2328 et
1434 2299 1611 2335 apostolicam
1635 2297 1857 2326 benedictionem.

1246 2353 1358 2388 Dilecti
1382 2353 1436 2387 filii
1461 2354 1558 2388 nostri
1588 2353 1761 2388 Placentini
1789 2351 1946 2395 canonici,

1197 2402 1334 2437 obeunte
1368 2403 1535 2437 venerabili
1558 2403 1652 2437 fratre
1673 2411 1781 2437 nostro
1803 2396 1946 2435 Arduiuo

1197 2452 1298 2486 bonae
1314 2452 1484 2487 memoriae
1503 2452 1664 2499 episcopo,
1686 2452 1832 2486 dilectum
1849 2450 1945 2484 alium

1200 2509 1340 2536 nostrum
1372 2501 1522 2536 loannem
1550 2501 1695 2536 abbatem
1726 2501 1765 2535 de
1791 2499 1946 2534 Columba

1201 2550 1230 2584 iu
1268 2558 1385 2597 patrem
1415 2551 1473 2585 sibi
1503 2559 1534 2585 ct
1560 2551 1742 2597 episcopum
1770 2549 1946 2595 elegerunt:

1236 2609 1274 2642 (t)
1293 2609 1328 2634 Ex
1347 2608 1457 2637 Concil..
1477 2613 1540 2634 tom.
1558 2616 1609 2638 xri,
1626 2607 1673 2634 col.
1695 2607 1770 2633 lsslti.

1945 215 1994 241 An.
2014 214 2041 240 C.
2059 213 2128 242 tttiS

2142 561 2154 571 Ι-

2145 604 2157 639 ,ὲ

2143 641 2159 660 ἠ

2147 662 2154 671 s

2142 675 2157 708 ἑ

2144 714 2155 727 ι

2143 738 2159 766 ,³

2146 759 2160 812 2

2149 816 2158 827 S

2155 876 2157 885 t

2151 914 2161 927 Γ

2150 939 2160 983 ξ

2152 1070 2160 1089 Ι

2149 1097 2161 1131 ἒ

2151 1142 2161 1163 ἱ

2150 1171 2162 1212 ἐ

2150 1215 2161 1226 ,ι

2148 1258 2161 1277 Ἰ,

2152 1430 2163 1472 Ξ

2156 1732 2161 1745 s

2154 1772 2162 1779 .

2155 1819 2161 1828 v

2152 2095 2158 2103 t

2157 2143 2162 2172 ζ

2152 2189 2162 2214 .’.

2153 2228 2163 2245 ἵ

1974 2357 2044 2378 Abbas
2059 2357 2084 2376 ile
2104 2349 2161 2384 (Im-'¹¹

1963 2389 2030 2409 lumba
2054 2389 2074 2407 in
2099 2385 2162 2416 epi—3*

1962 2424 2048 2445 scopum
2058 2416 2120 2436 Plan·
2132 2417 2164 2445 '⁸⁸5

1963 2450 2029 2469 tinum
2057 2448 2163 2519 ele-*tinz

2147 2538 2161 2558 ε’

2148 2562 2161 2601 ὲ

2149 2654 2159 2674 t

2151 2740 2154 2748 .

2140 2799 2155 2814 Λ

2143 2826 2146 2835 .

2136 3159 2155 3205 ὗύϊ
2143 3143 2146 3146 -
2144 3126 2147 3130 ·
