2180 3205
129 224 177 251 Au.
198 224 226 251 C.
244 224 312 252 1063

183 454 193 467 e
228 449 313 467 caetero

128 480 169 493 nnn
198 474 314 494 admitten-

127 506 164 520 (ηέ
193 500 313 520 huiusmodi

128 527 278 547 ordinationes⁴

156 963 218 983 MiSSJ
251 966 313 984 η’ἿῙΓ-

128 996 153 1009 rii
169 990 313 1011 emmubrmrii

129 1022 168 1036 non
186 1018 300 1038 audienda.

168 1202 292 1223 Huiusmodi

128 1229 273 1249 concubinarii
300 1235 313 1249 a

128 1256 204 1285 divinis
225 1261 313 1281 suspen-

128 1291 136 1298 a

143 2010 174 2040 [ie
184 2011 268 2031 clericis
281 2016 315 2031 ca-

128 2040 221 2058 stitatem
232 2043 315 2058 servan-

129 2065 193 2085 tibus.

385 202 432 234 24

916 213 1105 239 mmmmm!
1125 215 1290 240 ROMANUM

336 277 399 300 nou
427 266 508 301 hanc
533 266 646 314 aliquis
672 266 871 314 antiquorum
897 268 1093 304 Patrumiu-
1132 269 1282 313 ditantur,
1306 271 1337 306 in
1360 272 1488 307 caelesti
1512 273 1609 320 patria
1631 283 1812 311 mereantur
1833 277 1885 312 ad-

336 314 443 350 beudo
470 325 521 350 aut
548 316 754 351 concedendo
786 317 1010 364 promulgavit,
1035 319 1090 354 scd

336 365 490 411 temporis
512 365 607 400 nimia
633 365 807 400 necessitas
833 367 1048 413 permittendo
1073 381 1090 403 a

337 413 429 448 nobis
451 415 592 449 extorsit.
620 413 668 449 De
689 423 813 450 caetero
840 424 945 451 autem
980 418 1092 452 statui-

335 475 418 504 mus,
442 471 475 497 ut
497 464 521 498 si
544 463 616 511 quis
640 463 670 498 in
696 472 857 511 posterum
875 465 915 500 ab
930 478 978 510 eo,
994 479 1089 513 quem

336 512 544 547 simoniacum
561 524 630 547 esse
642 525 703 547 non
721 513 898 555 dut›itat,se
911 516 1089 551 consecrari

337 562 525 608 permiserit,
548 570 578 597 et
604 570 806 597 consecrator
829 571 860 598 et
886 573 1090 600 consecratus

335 623 398 645 non
421 610 578 658 disparem
601 611 816 647 damnationis
833 616 1022 649 sententiam
1039 627 1090 649 su-

336 659 442 701 beant,
464 669 498 695 ut
521 669 652 708 uterque
683 661 847 708 depositus
874 672 945 709 agat
978 664 1090 710 poeni-

337 709 477 750 tentiam,
489 718 519 745 et
540 710 680 758 privatus
693 711 776 746 aben
792 712 918 759 propria
938 712 1089 760 dignitate

336 759 483 805 persistat
505 762 562 805 (1).

687 852 739 887 111.

383 943 513 979 Praeter
533 943 612 979 haec
633 953 738 980 autem
762 945 985 992 praecipiendo
999 957 1089 980 man-

336 993 462 1034 damus,
475 1002 510 1028 ut
523 994 629 1029 nullus
637 994 765 1029 missam
779 994 885 1028 audiat
900 995 1088 1042 presbyteri,

336 1055 431 1089 quem
441 1043 498 1077 scit
511 1043 720 1078 concubinam
739 1043 956 1078 indubitanter
973 1043 1090 1078 habere

336 1092 382 1126 vel
398 1092 671 1127 subintroductam
684 1092 860 1127 mulierem.
877 1092 969 1127 Unde
982 1100 1089 1127 sancta

335 1141 476 1188 synodus
496 1141 575 1176 haec
595 1153 612 1176 a
634 1142 735 1188 capite
757 1141 817 1175 sub
832 1142 1090 1177 excommunica-

337 1191 421 1224 tione
440 1190 560 1231 statuit,
583 1190 707 1225 dicens:
722 1190 924 1237 Quicumque
942 1190 1089 1226 sacerdos

335 1239 384 1274 vel
406 1239 557 1274 diaconus
580 1248 649 1286 post
675 1240 881 1275 constitutum
903 1240 1012 1275 beatae
1028 1252 1089 1274 me-

337 1288 456 1324 moriae
487 1289 739 1336 praedecessoris
766 1290 865 1324 nostri
897 1289 1089 1324 sanctissimi

341 1350 440 1385 papae
475 1338 594 1373 Leonis
632 1347 685 1373 aut
714 1338 836 1374 Nicolai
876 1338 915 1374 de
949 1339 1090 1374 castitate

338 1387 541 1428 clericorum,
567 1388 777 1423 concubinam
814 1388 938 1423 (luxerit
974 1388 1088 1435 palam,

337 1437 386 1471 vel
413 1437 538 1472 ductam
562 1450 626 1472 non
649 1437 823 1485 reliquerit,
846 1449 885 1472 ex
908 1444 994 1484 parte
1020 1449 1090 1472 om-

336 1486 509 1533 nipotentis
530 1486 601 1526 Dei,
624 1494 654 1522 et
670 1486 856 1522 auctoritate
874 1487 1088 1533 apostolorum

335 1535 421 1570 Petri
457 1544 488 1570 et
522 1535 611 1570 Pauli
643 1536 857 1584 praecipimus
891 1543 922 1570 et
958 1536 1090 1570 omnino

335 1584 567 1630 interdicimus,
587 1593 698 1620 utnon
713 1592 816 1626 cantet
832 1585 972 1625 missam,
986 1597 1090 1632 neque

335 1634 546 1680 evangelium,
573 1646 678 1682 neque
704 1634 870 1681 epistolam
895 1634 933 1669 ad
959 1634 1088 1669 missam

335 1683 428 1730 legat,
445 1695 548 1730 neque
561 1683 593 1718 in
609 1684 804 1732 presbyterio
815 1683 854 1719 ad
870 1683 973 1718 divina
989 1684 1090 1718 officia

336 1745 408 1768 cum
432 1733 493 1777 his,
517 1733 570 1780 qui
594 1733 750 1781 praefatae
776 1733 995 1768 constitutioni
1011 1733 1091 1767 obe-

336 1782 458 1817 dientes
480 1782 607 1823 fuerint‚
630 1790 766 1824 maneat,
789 1794 893 1829 neque
915 1791 1034 1829 partem
1052 1782 1091 1817 ab

336 1831 478 1867 Ecclesia
505 1832 658 1880 suscipiat
684 1834 740 1876 (⁶2).

688 1924 742 1959 IV.

573 1913 587 1925 4

386 2008 426 2044 Et
448 2008 680 2056 praecipientes
702 2008 882 2049 statuimus,
904 2016 939 2044 ut
959 2009 990 2044 hi
1007 2020 1090 2056 prae-

337 2058 492 2094 dictorum
528 2058 676 2094 ordinum
694 2086 703 2101 ‚
737 2059 790 2105 qui
819 2059 931 2094 iisdem
960 2058 1092 2105 praede-

338 2108 520 2144 cessoribus
557 2109 673 2143 nostris
699 2107 885 2143 obedientes
917 2108 1091 2143 castitatem

338 2157 541 2203 servaverint,
555 2157 640 2192 iuxta
652 2157 946 2204 Ecclesias,quibus
956 2156 1090 2192 ordinati

338 2214 424 2248 sunt,
450 2207 532 2242 sicut
557 2215 682 2255 oportet
702 2207 869 2253 religiosos
891 2206 1033 2247 clericos,
1048 2206 1092 2241 si-

339 2256 405 2291 mul
427 2256 621 2292 manducent
641 2264 672 2292 et
693 2255 861 2298 dormiant,
883 2264 914 2291 et
934 2255 1091 2304 quidquid

339 2306 386 2341 eis
418 2305 457 2340 ab
491 2305 633 2341 Ecclesia
670 2306 845 2352 competit,
881 2306 1093 2341 communiter

340 2354 487 2390 habeant.
514 2355 555 2389 Et
587 2363 732 2402 rogantes
759 2367 949 2394 monemus,
985 2362 1019 2389 ut
1053 2353 1092 2389 ad

340 2404 544 2451 apostolicam
560 2416 762 2440 communem
781 2405 873 2439 vitam
890 2415 1093 2451 summopere

340 2453 505 2501 pervenire
525 2453 682 2499 studeant,
697 2463 854 2502 quatenus
867 2453 1093 2501 perfectionem

341 2502 503 2538 consecuti
530 2515 602 2538 cum
629 2503 692 2544 his,
719 2504 772 2551 qui
795 2503 968 2539 centesimo
990 2502 1092 2537 fructu

376 2568 416 2604 (ί)
432 2568 496 2604 Cap.
514 2569 551 2595 De
566 2573 668 2595 caetero
691 2576 710 2601 1,
733 2578 761 2605 q.
778 2576 797 2595 1.
836 2569 876 2604 (Ξ)
895 2568 960 2603 Cap.
980 2568 1094 2594 Praeter

342 2606 390 2632 hoc
404 2607 572 2638 mandamus,
588 2603 650 2632 dist.
667 2604 711 2631 32.

1132 320 1227 355 scribi
1250 323 1306 365 (1).

1489 413 1528 449 V.

1182 505 1221 540 Ut
1233 506 1385 547 decimae,
1397 508 1565 554 primitiae,
1577 521 1632 544 seu
1645 510 1820 548 oblationes
1835 514 1884 547 vi-
1937 526 2034 546 narnus
2045 526 2094 546 mn-

1132 567 1239 590 vornm
1255 564 1285 590 ct
1307 565 1503 592 mortuorum
1518 558 1718 595 reddantura
1739 561 1835 597 laicis..
1855 572 1884 597 ct
1910 560 2011 600 Ῐῖἶζῖἶάἷμιη

1131 606 1161 638 in
1171 604 1379 652 dispositione
1388 607 1608 654 episcoporum
1617 608 1833 658 sintgquasqni
1845 621 1887 646 ic-

1131 655 1243 708 nuerit‚
1256 666 1272 689 a
1291 664 1415 691 sanctae
1429 656 1591 692 Ecclesiae
1612 666 1775 706 separetur
1796 672 1887 695 coiu-

1130 715 1280 738 munione
1296 707 1352 748 (2).

1480 798 1535 833 vt.

1178 888 1221 924 Ut
1243 902 1298 937 per
1318 889 1417 925 laicos
1438 890 1527 925 nullo
1550 891 1645 926 modo
1668 893 1799 939 quilibet
1821 895 1888 929 elc-

1131 938 1213 993 ricus
1226 948 1279 974 aut
1296 940 1457 987 presbyter
1479 940 1619 976 obtineat
1631 941 1807 977 Ecclesiam
1827 956 1884 978 nec

1130 996 1228 1034 gratis
1250 1000 1308 1024 uec
1330 989 1439 1036 precio
1462 992 1520 1034 (5).

1472 1082 1541 1117 Vll.

1178 1172 1245 1208 Nec
1274 1173 1390 1221 aliquis
1427 1174 1590 1223 presbyter
1623 1175 1703 1211 duas
1725 1176 1886 1213 Ecclesias

1131 1221 1273 1258 obtineat
1301 1225 1356 1269 (4).

1463 1316 1546 1352 VllI.

1178 1410 1221 1446 Ut
1257 1422 1313 1457 per
1345 1410 1552 1446 simoniacam
1590 1411 1747 1447 haeresim
1783 1424 1878 1446 nemo

1130 1459 1311 1504 ordinetur,
1335 1460 1380 1494 vel
1409 1469 1630 1507 promoveatur
1663 1462 1699 1495 acl
1741 1461 1887 1507 quolibet

1131 1508 1267 1544 officium
1300 1510 1550 1545 ecclesiasticum
1567 1537 1574 1551 ‚
1602 1522 1706 1557 neque
1732 1510 1884 1545 Ecclesiis

1132 1558 1345 1606 praeficiatur.

1475 1652 1532 1687 lx.

1180 1744 1220 1779 Et
1246 1752 1281 1780 ut
1302 1744 1341 1780 de
1373 1745 1651 1792 consanguinitate
1685 1758 1742 1781 sua
1778 1745 1885 1781 nullus

1132 1806 1263 1829 uxorem
1284 1794 1378 1829 ducat
1401 1807 1500 1841 usque
1525 1794 1565 1830 ad
1592 1795 1759 1842 septimani
1782 1808 1886 1841 gene.-

1132 1843 1297 1884 rationem,
1314 1844 1359 1879 vel
1374 1856 1539 1891 quousque
1562 1844 1722 1891 parentela
1737 1845 1886 1890 cognosci

1132 1893 1255 1939 poterit.
1279 1893 1372 1934 Quod
1390 1893 1479 1941 prius
1500 1905 1517 1929 a
1538 1893 1669 1929 Nicolao
1690 1893 1719 1927 ll
1734 1901 1887 1928 statutum

1132 1941 1190 1976 fuit
1205 1944 1263 1987 (5).

1486 2021 1528 2057 X.

1180 2102 1221 2137 Et
1242 2109 1276 2137 ut
1296 2102 1397 2138 laicus
1419 2114 1549 2137 uxorem
1572 2101 1665 2137 simul
1699 2101 1821 2137 babens
1854 2109 1885 2136 et

1132 2151 1357 2198 concubinam,
1366 2164 1428 2187 non
1436 2151 1818 2187 communicetEcclesiae
1830 2154 1885 2196 (6).

1479 2222 1535 2258 XI.

1181 2294 1224 2330 Ut
1237 2295 1342 2330 nullus
1352 2294 1495 2330 habitum
1509 2293 1706 2329 monacalem
1723 2292 1886 2339 suscipiat,

1132 2352 1304 2439 {pengwaut
1325 2344 1569 2393 promissionem
1585 2343 1717 2384 habens,
1734 2349 1767 2376 ut
1788 2341 1886 2376 abbas

1143 2402 1186 2429 lat
1257 2421 1264 2429 .

1168 2460 1207 2495 (ί)
1224 2461 1289 2495 Cap.
1306 2459 1651 2495 eodem,§1>raecipienies.
1690 2456 1730 2493 (9.)
1750 2457 1814 2492 Cap.
1840 2464 1886 2483 eo-

1133 2495 1192 2522 dem
1210 2497 1235 2522 in
1247 2495 1307 2522 fine.
1347 2496 1386 2530 (3)
1402 2496 1468 2530 Cap.
1485 2496 1537 2521 Per
1556 2497 1633 2520 laicos
1654 2493 1686 2519 16
1698 2513 1705 2525 ‚
1732 2498 1833 2528 quaest.
1858 2493 1885 2518 7.

1134 2531 1172 2565 (11)
1198 2531 1263 2566 Cap.
1294 2531 1387 2558 eodem
1420 2532 1469 2563 10,
1495 2533 1599 2564 quaest.
1625 2528 1726 2555 eadem.
1766 2530 1805 2562 (ὴ)
1826 2528 1885 2563 753,

1133 2570 1236 2601 quaest.
1249 2567 1294 2598 ΩΟ,
1315 2574 1374 2601 cap.
1400 2567 1440 2592 17.
1479 2566 1518 2600 (6)
1538 2565 1602 2599 Cap.
1619 2564 1723 2590 eodem.
1763 2564 1802 2599 (7)
1819 2563 1883 2596 cap.

1135 2603 1182 2628 Per
1194 2604 1273 2629 laicos
1288 2602 1328 2635 16,
1349 2605 1452 2636 quaest.
1471 2601 1499 2623 7-

1909 224 1960 251 An.
1978 223 2006 251 C.
2023 224 2093 252 1063

2012 558 2093 573 kuni-

1937 898 2048 919 Ecciesiae
2058 904 2096 924 per

1911 925 1978 945 laicos
1991 931 2032 945 uon
2043 926 2096 946 obti-

1911 952 2001 972 nendae.

1938 1190 1997 1211 Duae
2025 1190 2097 1211 Eccle-

1912 1217 1989 1238 clesiae
2005 1223 2047 1238 nnn
2057 1217 2097 1237 reti

1911 1244 2000 1265 flendae.

1937 1419 1978 1441 Per
1986 1420 2098 1441 simoniam

1911 1452 1953 1466 non
1977 1453 2018 1467 nou
2040 1447 2096 1467 ordi-

1911 1473 2009 1494 nandum.

1936 1734 2097 1762 consanguinea

1912 1768 1979 1788 usque
1993 1763 2020 1782 ad
2032 1762 2096 1788 septi-

1911 1795 1966 1809 mum
1979 1789 2066 1813 gradum
2077 1788 2096 1808 in

1911 1821 1997 1836 uxorem
2007 1821 2048 1835 non
2059 1815 2096 1835 du-

1912 1842 1985 1862 cenna.

1938 2275 2016 2296 Contra
2031 2276 2097 2296 ambi*

1912 2305 1954 2323 tum
1983 2303 2003 2323 in
2031 2302 2098 2322 susci-

1911 2329 1989 2355 piendo
2023 2329 2096 2349 habitu

1911 2356 2023 2376 inonacali.
