2180 3205
182 258 230 283 An.
251 255 278 282 C.
298 256 364 282 1074

442 253 486 285 Gt

973 260 1071 282 num
1078 260 1159 282 tumr
1187 259 1298 282 nonus
1305 260 1349 281 PM

393 317 594 364 pontificatus
621 315 737 350 domini
753 314 807 349 Vll
835 313 981 360 Gregorii
1018 314 1139 361 Papae,
1183 314 1212 347 in
1236 313 1371 360 idipsum
1399 312 1559 353 omnibus,
1586 312 1623 347 ad
1648 325 1728 360 quos
1754 313 1849 348 huius
1868 313 1934 360 cpi-

392 366 564 401 indictione
591 378 624 399 xi
658 368 711 408 (t).

447 423 507 452 Dat,
526 423 572 452 die
590 422 628 451 :233
646 422 749 460 aprilis
768 430 843 450 anno
860 420 973 449 Domini
999 420 1080 456 wil,

568 461 670 501 pontis.
689 460 823 499 Gregorii
845 470 922 490 anno
943 469 960 489 ι.

726 581 808 616 vlu.

391 655 730 691 Eae-communit-ationis
751 654 945 687 denunciatio
960 659 1066 685 contra
1080 663 1139 683 om-

440 718 505 746 ncs,
538 706 592 750 qui
619 705 751 738 detinent
786 705 865 736 bona
888 702 1051 745 Anyiensis
1073 712 1140 732 rmo-

438 756 582 794 nascer-ii,
615 765 692 798 quae
717 753 862 786 Roberltts
896 751 1080 784 simoniacas
1102 750 1140 782 ab

439 805 492 837 illo
514 805 639 837 abstulit
668 804 730 845 (21.

662 870 873 902 Stnntattlt'it

391 930 556 960 Exordium.
578 945 618 951 —
644 928 724 964 Quae
750 927 874 966 gesserit
897 926 1059 956 Alexander
1087 924 1140 953 FP.

431 974 531 999 contra
560 969 730 998 Robertnm.
757 984 796 990 -
820 967 936 996 Destitit
966 966 1001 995 ab
1025 967 1141 1003 incepto

431 1010 591 1046 Robertus;
612 1025 652 1030 —
673 1008 729 1038 Sed
748 1008 797 1046 qui
817 1007 891 1036 bona
912 1006 947 1035 ab
967 1015 1000 1034 eo
1020 1014 1142 1043 accepe-

430 1053 504 1085 rant,
522 1058 580 1078 non
598 1048 798 1077 reddiderunt.
817 1063 855 1068 —-
878 1045 973 1081 Quare
997 1045 1142 1074 l'erinntnr

431 1089 625 1118 anathemate.

392 1147 515 1185 Gregorius
530 1144 646 1183 omnihus,
657 1144 684 1173 ad
696 1153 751 1182 quos
764 1144 844 1173 literae
857 1143 914 1172 istac
930 1143 1084 1181 pervenerint,
1097 1145 1140 1170 ctr.

439 1205 639 1250 Quamquam
667 1202 706 1237 ad
735 1200 966 1249 propulsandas
997 1200 1141 1234 oninium

391 1254 627 1295 Ecclesiarnm,
661 1261 691 1286 et
730 1250 958 1285 venerabilium
998 1250 1140 1283 locorum

393 1303 522 1338 iniurias
548 1315 586 1337 ex
613 1301 718 1336 debito
745 1300 836 1334 officii
875 1299 987 1343 nostri,
1019 1307 1049 1333 ct
1078 1299 1141 1333 uni-

392 1352 503 1388 versali
527 1350 733 1399 providentia,
760 1362 854 1397 quam
879 1361 934 1396 per
956 1348 991 1382 Β.
1012 1348 1140 1382 Petrum

392 1402 607 1449 apostolorum
636 1400 810 1446 principem
836 1398 908 1432 licet
937 1397 1067 1443 indigne
1093 1409 1144 1431 su-

393 1451 566 1498 scepimus,
592 1449 713 1484 solicite
736 1448 826 1482 nobis
849 1447 1095 1492 invigilandum,
1113 1454 1143 1480 ct

393 1499 618 1535 elaborandum
646 1510 716 1532 esse
743 1509 928 1536 noscamns;
964 1495 1013 1529 bis
1040 1503 1141 1529 tamen

394 1549 471 1584 locis
512 1547 700 1595 apostolicae
745 1546 939 1581 auctoritatis
983 1556 1074 1590 opem
1113 1552 1142 1578 et

393 1606 517 1633 scutum
546 1597 721 1643 impensius
748 1594 952 1630 circumferre
975 1593 1145 1640 dupliciter

395 1647 532 1694 quodam
560 1645 655 1680 modo
681 1645 920 1691 compellimur,
948 1655 1028 1690 quae
1055 1650 1085 1677 et
1113 1643 1142 1677 in

395 1695 533 1742 generali
546 1702 671 1730 sanctae
687 1694 848 1729 Romanae
860 1693 1023 1727 Ecclesiae
1043 1704 1145 1726 mem-

395 1745 524 1781 brorum
552 1744 742 1779 continentia
771 1743 902 1778 caeteris
929 1749 1144 1789 coaequantur,

395 1803 427 1830 et
441 1793 613 1841 singularis
631 1792 796 1840 patrocinii
812 1791 971 1838 privilegia
989 1803 1063 1838 prae
1078 1803 1146 1825 cae-

396 1843 472 1879 teris
500 1842 685 1879 sortiuntur.
712 1841 738 1877 E
763 1841 879 1888 quibus
906 1841 1055 1888 quoniam
1083 1840 1147 1874 Au-

396 1894 507 1940 giense
528 1891 755 1927 monasterium
774 1891 856 1933 huic
871 1898 998 1925 sanctae
1019 1897 1049 1924 ct
1064 1890 1148 1936 Apo-

397 1942 526 1978 stolicae
551 1941 627 1977 Sedi
651 1940 787 1989 quadam
815 1939 978 1987 principali
1005 1947 1035 1974 et
1064 1938 1148 1973 indi-

396 1991 490 2027 vidua
511 1991 658 2026 cohaeret
678 1990 775 2031 linea,
798 1989 837 2024 de
863 1989 1061 2036 dispersione
1083 1987 1149 2022 bo—

397 2053 512 2076 norum
535 2040 604 2076 eius
619 2039 708 2075 valde
729 2039 884 2083 dolentes,
906 2038 982 2085 quid
1001 2037 1150 2073 dominus

398 2098 430 2126 ct
450 2097 629 2126 antecessor
650 2096 756 2124 noster
783 2087 963 2123 Alexander
996 2099 1150 2123 veneran-

399 2139 459 2175 dae
479 2139 652 2174 memoriae
677 2138 763 2186 Papa
790 2137 862 2172 inde
888 2137 1037 2181 decrevit,
1060 2148 1151 2171 reco-

400 2189 477 2234 lere,
499 2196 530 2224 et
555 2188 744 2224 sententiam
767 2194 891 2222 nostrae
905 2185 1152 2221 confirmationis

434 2246 475 2282 (1)
491 2247 559 2281 Lege
578 2253 626 2273 ιιι.
647 2245 689 2272 Sic
705 2243 895 2272 emendandam
913 2243 1083 2270 indictionem
1103 2251 1153 2278 pu-

402 2288 535 2320 tavtmus3
566 2293 636 2313 anno
660 2286 730 2312 enim
757 2284 844 2316 1073,
870 2287 896 2311 et
923 2283 1029 2318 quidem
1055 2283 1096 2309 die
1120 2284 1154 2309 22

401 2327 507 2362 aprilis,
524 2334 577 2362 qua
593 2326 693 2353 electus
707 2328 748 2352 est
758 2325 902 2359 Gregorius
913 2323 970 2355 Vll,
982 2323 1024 2350 hic
1035 2322 1154 2350 Pontifex

404 2366 486 2393 literis
498 2366 604 2393 titulum
621 2366 692 2393 illum
709 2365 878 2392 Pontificibus
902 2364 1041 2398 proprium
1063 2364 1155 2389 Servus

404 2408 547 2433 Servorum
563 2408 611 2432 Dei
633 2405 751 2433 nondum
776 2403 972 2440 praemittebat,
991 2406 1020 2429 ut
1041 2402 1156 2429 vidimus

403 2446 496 2473 Const.
513 2454 532 2473 1.
545 2446 607 2472 Mox
619 2444 771 2472 incredibile
783 2443 889 2470 videtur
896 2442 1056 2477 Gregorium
1066 2450 1157 2468 exem-

404 2486 502 2521 ptionis
528 2485 739 2520 praerogativam
758 2484 791 2511 ab
807 2482 949 2519 episcopali
969 2482 1026 2508 iure
1045 2489 1156 2508 conces-

404 2525 471 2552 sisse
494 2525 624 2552 Ecclesiae
640 2524 794 2551 pictaviensi
811 2531 840 2550 ea
856 2522 907 2554 die,
925 2529 977 2556 qua
992 2521 1091 2548 electus
1107 2524 1157 2552 est,

406 2571 468 2591 cum
484 2572 561 2591 nemo
571 2571 621 2591 non
642 2564 727 2595 novit,
744 2567 859 2599 quantus
879 2562 921 2589 hic
941 2562 1060 2589 Pontifex
1080 2562 1159 2588 suerit

406 2604 433 2631 in
442 2603 617 2631 ecclesiastica
634 2603 770 2638 disciplina
782 2603 948 2631 vindicanda.
988 2602 1028 2637 (⁹2)
1044 2602 1083 2629 Ex
1095 2601 1157 2629 edit.

407 2643 486 2672 Card.
504 2642 621 2671 eararae.

1181 362 1278 396 stolae
1313 370 1436 396 nostrae
1464 362 1572 397 notitia
1601 364 1764 409 pervenire
1800 365 1931 410 poterit,

1182 411 1409 445 destinavimus
1443 411 1591 446 indicare.
1631 412 1799 459 Postquam
1836 424 1933 458 prae-

1182 459 1284 494 dictus
1314 459 1461 495 dominus
1500 468 1606 495 noster
1643 461 1725 507 Papa
1758 461 1932 496 Robertum

1181 509 1388 544 simoniacum
1412 518 1441 544 et
1464 509 1640 544 invasorem
1664 510 1805 545 eiusdem
1826 523 1932 545 mona-

1182 558 1265 592 sterii
1285 558 1380 593 nullis
1402 559 1672 594 admonitionibus
1694 559 1853 606 nullisque
1873 560 1933 594 mi-

1183 607 1231 641 nis
1252 607 1290 642 ad
1325 608 1385 642 hoc
1408 608 1534 643 ssectcre
1561 608 1675 655 potuit,
1703 616 1735 643 ut
1757 609 1804 643 vel
1830 608 1934 643 abba-

1183 656 1255 691 tiain
1277 657 1456 698 dimitteret,
1480 666 1532 695 aut
1555 670 1610 705 pro
1634 657 1792 693 reddenda
1811 658 1930 693 ratione

1182 706 1230 739 sui
1267 706 1413 741 introitus
1459 707 1632 754 apostolico
1677 719 1711 742 se
1749 707 1934 754 conspectui

1184 763 1408 799 praesentaret,
1448 756 1572 802 cognita
1599 756 1745 797 veritate,
1773 756 1858 803 quod
1882 769 1935 791 re-

1183 803 1253 838 licta
1285 804 1343 840 alia
1370 805 1506 846 abbatia,
1529 805 1567 840 ad
1594 805 1676 840 hanc
1704 806 1802 852 pretio
1828 805 1934 840 anbe-

1183 852 1288 898 lasset,
1314 854 1455 901 synodali
1488 854 1606 890 iudicio
1632 867 1704 890 eum
1727 855 1934 889 anathematis

1183 902 1294 943 iaculo,
1322 904 1381 938 nisi
1405 904 1614 951 resipisceret,
1642 905 1806 951 percussit,
1829 912 1857 938 et
1874 904 1933 939 sub

1183 951 1292 986 cadem
1328 965 1460 988 censura
1488 953 1637 988 omnibus
1671 961 1797 1000 accepta
1823 952 1863 988 ab
1896 965 1933 988 eo

1184 1000 1335 1036 beneficia
1361 1002 1398 1037 ad
1434 1002 1605 1049 praefatum
1640 1003 1829 1038 coenobium
1861 1014 1935 1049 per-

1184 1050 1314 1086 tinentia
1337 1052 1460 1097 penitns
1488 1052 1659 1092 interdixit,
1691 1060 1869 1098 cunctaque
1895 1051 1935 1086 ab

1183 1111 1221 1133 eo
1242 1100 1390 1148 disposita
1413 1101 1582 1147 apostolica
1616 1101 1835 1148 praeceptione
1869 1112 1933 1136 cas—

1183 1149 1278 1191 savit,
1309 1159 1402 1197 atque
1436 1150 1512 1185 hacc
1548 1150 1658 1185 eadem
1687 1163 1742 1195 per
1768 1149 1934 1196 epistolam

1183 1198 1333 1246 episcopo
1371 1199 1607 1234 Constantiensi
1644 1199 1769 1246 publice
1804 1199 1936 1246 praedi-

1184 1248 1299 1293 canda,
1333 1257 1363 1283 et
1391 1260 1445 1295 per
1466 1249 1681 1296 episcopatum
1709 1261 1802 1283 sunm
1830 1247 1935 1282 divul-

1183 1298 1283 1342 ganda
1308 1298 1475 1333 mandarit.
1505 1298 1612 1345 ltaque
1639 1298 1828 1342 (miserante
1849 1297 1934 1342 Deo)

1185 1347 1300 1381 factum
1322 1355 1368 1382 est
1398 1356 1430 1382 ut
1457 1347 1508 1382 ille
1535 1347 1574 1382 ab
1597 1348 1706 1382 insana
1728 1347 1937 1393 occupatione

1184 1396 1325 1431 abbatiae
1351 1396 1538 1437 desisteret,
1561 1396 1615 1431 sed
1644 1408 1706 1430 non
1737 1404 1770 1431 nt
1799 1396 1936 1430 fautores

1184 1446 1252 1479 eius
1273 1453 1380 1480 contra
1407 1445 1529 1488 Deum,
1565 1454 1594 1480 et
1622 1446 1772 1480 iustitiam
1808 1453 1936 1491 accepta

1184 1494 1287 1535 abeo,
1307 1496 1487 1529 monasterii
1507 1494 1586 1529 bona
1608 1495 1833 1541 relinquerent.
1857 1494 1937 1535 Qua-

1186 1552 1312 1590 propter
1334 1544 1481 1590 qnoniam
1516 1543 1566 1578 illa
1590 1543 1774 1590 principali,
1801 1552 1831 1578 et
1859 1543 1935 1577 bae—

1186 1593 1279 1627 retica
1304 1602 1390 1639 peste
1413 1592 1560 1639 depulsa,
1588 1593 1809 1627 charissimum
1836 1593 1934 1627 sancti

1184 1641 1269 1676 Petri
1298 1642 1395 1676 lilium
1427 1642 1596 1676 Ecardinin
1629 1655 1667 1676 ex
1703 1643 1769 1689 ipsa
1794 1653 1936 1687 ‚congre—

1185 1691 1310 1737 gatione
1332 1703 1348 1726 a
1367 1691 1577 1726 confratribus
1598 1692 1745 1730 electum,
1768 1699 1826 1725 eta
1845 1689 1938 1725 nobis

1186 1740 1351 1786 diligenter
1377 1740 1602 1781 examinatum,
1630 1740 1773 1775 abbatem
1797 1739 1838 1774 ibi
1870 1743 1938 1783 (an-

1187 1799 1272 1825 ctore
1297 1790 1371 1833 Deo)
1394 1790 1666 1831 consecravimus,
1695 1790 1877 1836 cupientes,
1906 1796 1939 1822 ut

1187 1839 1411 1874 monasterium
1441 1847 1510 1886 post
1546 1839 1654 1885 longas
1675 1847 1705 1873 et
1739 1839 1854 1873 multas
1881 1838 1937 1872 tri-

1189 1889 1364 1923 bulationes
1387 1889 1446 1922 iam
1466 1888 1503 1923 ad
1526 1889 1676 1934 quietem,
1703 1896 1733 1922 et
1749 1887 1940 1922 monasticae

1189 1937 1350 1984 religionis
1372 1937 1491 1972 cultum
1511 1937 1632 1977 redeat,
1655 1936 1750 1971 simili
1767 1935 1862 1971 modo
1876 1948 1939 1971 om—

1190 1987 1296 2028 nibus,
1323 1986 1377 2033 qui
1400 1999 1416 2021 a
1438 1986 1596 2034 saepefato
1623 1985 1762 2021 Roberto
1794 1997 1851 2032 pro
1878 1985 1941 2020 de—

1190 2035 1346 2071 fendenda
1379 2036 1448 2070 eius
1483 2036 1641 2083 nequitia,
1674 2044 1728 2071 aut
1761 2034 1941 2070 exhibenda

1191 2086 1249 2120 sibi
1273 2085 1438 2125 fidelitate,
1461 2085 1543 2120 bona
1571 2085 1713 2120 abbatiae
1736 2085 1767 2119 in
1786 2084 1942 2119 beneficia

1192 2135 1295 2182 adepti
1318 2143 1403 2179 sunt,
1429 2135 1487 2169 sub
1508 2134 1715 2169 anathematis
1737 2133 1942 2177 districtione,

1193 2193 1223 2219 ct
1235 2184 1505 2219 animadversione
1519 2184 1750 2219 interdicimus.
1774 2182 1852 2218 Nam
1868 2194 1942 2217 cum

1194 2234 1244 2268 ille
1265 2233 1374 2269 talium
1399 2234 1631 2268 institutionum
1653 2241 1762 2268 auctor
1783 2241 1814 2267 et
1839 2231 1944 2266 distri-

1195 2283 1286 2318 butor
1308 2283 1339 2318 in
1375 2283 1459 2327 loco,
1487 2283 1523 2317 ad
1551 2295 1647 2330 quem
1681 2282 1837 2317 haeretice
1863 2281 1945 2327 aspi-

1196 2340 1331 2374 raverat,
1360 2344 1544 2379 permanere
1579 2344 1641 2367 non
1674 2331 1796 2379 potuit;
1830 2330 1946 2377 quibus

1196 2381 1335 2427 legibus,
1369 2389 1422 2416 aut
1443 2394 1505 2428 quo
1529 2382 1595 2416 iure
1618 2381 1666 2416 isti
1693 2380 1821 2415 sibimet
1842 2379 1947 2414 vindi-

1197 2431 1323 2475 cabunt,
1355 2431 1438 2477 qnod
1475 2431 1623 2477 sacrilega
1657 2429 1866 2465 conventione
1899 2440 1948 2463 ce-

1200 2488 1323 2526 perunt.
1358 2480 1450 2514 Unde
1472 2480 1566 2514 etiam
1593 2479 1740 2514 omnibus
1762 2477 1879 2513 Christi
1911 2478 1948 2512 fi-

1199 2529 1332 2573 delibus,
1355 2529 1408 2576 qui
1431 2529 1508 2564 llaec
1534 2528 1750 2574 cognoverint,
1776 2527 1949 2574 apostolica

1200 2579 1382 2613 auctoritate
1410 2578 1632 2625 praecipimus,
1668 2585 1702 2611 ut
1729 2589 1783 2612 eos
1805 2577 1835 2610 in
1865 2576 1950 2611 nulla

1201 2627 1328 2675 penitus
1353 2627 1541 2662 christianae
1563 2626 1794 2661 communionis
1817 2625 1950 2673 partici-

1957 255 2008 282 An.
2027 254 2056 283 C.
2074 255 2142 283 1074

1959 422 2016 446 Quae
2054 423 2143 448 ges<erit

1959 450 2075 470 Alexander
2100 449 2140 470 ΡΗ.

1959 477 2032 496 eontra
2063 476 2142 497 nober-

1960 506 2008 523 tum.

2002 1067 2086 1089 Destitit
2109 1067 2136 1088 ab

1963 1095 2046 1142 {ggepto
2065 1093 2112 1116 Βοὴ
2122 1100 2146 1114 τ-

1992 1393 2034 1414 Sed
2047 1393 2081 1419 qui
2092 1393 2148 1414 hona

1965 1420 1991 1441 ab
2014 1426 2039 1441 e)
2059 1424 2111 1441 acce
2123 1427 2149 1440 ve-

1966 1450 2025 1471 rant.
2038 1452 2080 1467 nou
2103 1446 2149 1467 red-

1966 1473 2072 1494 didm-unt.

1968 1889 2037 1912 Quare
2050 1888 2152 1909 feriuntur

1968 1916 2110 1936 anzthonatv.
