2180 3205
176 243 227 270 An.
247 243 265 269 C
294 242 360 270 ¹128

207 1641 298 1667 Exponit
320 1646 367 1666 pra·

181 1674 228 1689 vam
256 1668 367 1688 Ecclesiae

200 1695 306 1715 ρηῇρῃςίε
318 1700 366 1713 COR·

181 1721 314 1742 suetudinem
335 1726 367 1741 ro-

182 1748 276 1774 cipieudi
301 1753 368 1774 pecu-

182 1776 238 1795 niam
257 1781 293 1799 pro
305 1776 367 1793 iebus

390 1783 477 1830 tiqno
505 1782 570 1815 lieri
595 1779 870 1818 cousuetudinem,
893 1786 926 1812 nt
949 1779 1143 1826 quicumque

221 2074 268 2094 'ant-
286 2074 369 2095 omnino

185 2102 289 2127 prohibet.

215 2427 299 2447 Poenae
323 2431 374 2445 cor.-

188 2458 218 2473 tin
239 2454 358 2473 violatores.

435 219 505 253 562

385 285 563 321 districtum
584 284 723 319 Iudicem
740 284 876 331 praemia
891 291 1036 319 aeternae
1052 284 1137 332 pacis

385 340 557 374 inveniant.
581 339 696 382 Amen,
724 350 828 373 amen.

432 392 510 427 Data
539 405 594 439 per
617 404 729 426 manus
751 391 877 427 diaconi
900 399 1026 426 sanctae
1045 390 1138 426 Sedis

382 446 596 493 Apostolicae,
624 458 646 480 x
669 445 792 480 calend.
821 445 942 491 aprilis,
966 445 1137 480 indictione

382 501 510 547 quinta,
542 500 693 534 incarnat.
715 500 800 534 dom.
823 511 979 541 mcxxvn,
1007 499 1137 548 pontifi-

382 562 472 589 catus
495 562 593 588 nostri
617 566 701 589 anno
723 566 772 589 ni.

438 619 500 649 Dat.
520 619 567 650 die
589 619 628 649 ν23
647 620 745 650 martii
764 629 840 650 anno
857 620 974 650 Domini
994 619 1081 657 1127,

630 669 734 709 pontif.
759 678 835 699 anno
858 677 899 699 111.

739 862 780 897 X.

385 950 558 984 Damnati'o
569 959 683 989 pravae
691 946 916 980 consuetudinis
928 946 960 978 in
969 945 1139 978 Britannia

432 1004 576 1046 eaei‘yendi
593 1001 739 1046 prcunias
761 1001 800 1033 ab
820 1000 867 1032 his
884 998 1140 1043 quirecipiuntur

432 1057 466 1089 in
487 1057 648 1090 canonicos
668 1056 723 1098 (t).

652 1144 868 1177 summumst

385 1222 509 1262 Exponit
527 1230 645 1262 pravam
675 1220 753 1250 Eccl.
777 1218 951 1250 Leodiensis
974 1222 1138 1248 consuetu-

425 1271 523 1299 dinem
547 1269 711 1308 recipiendi
730 1268 885 1307 pecuniam
906 1276 957 1307 pro
979 1266 1069 1296 rebus
1087 1275 1139 1296 ec-

425 1319 611 1349 clesiasticis.
628 1334 669 1340 -
688 1317 769 1347 Hauc
796 1317 915 1346 omniuo
938 1315 1084 1355 prohibet.
1102 1331 1141 1337 —

424 1367 522 1398 Poena
542 1371 642 1397 contra
658 1366 827 1396 violatores.
850 1365 891 1404 (n.
907 1365 946 1403 T.)

386 1447 515 1476 Honorius
531 1445 671 1482 episcopus
684 1452 779 1474 servus
795 1451 934 1473 servorum
952 1443 1006 1476 Dei,
1027 1443 1137 1471 Alexan-

430 1496 479 1524 dro
498 1495 631 1531 episcopo,
660 1496 688 1523 et
707 1495 778 1522 clero
802 1493 949 1526 Leodiensi,
978 1492 1095 1521 satutem
1114 1493 1143 1520 et

433 1544 612 1581 apostoticam
631 1542 853 1572 benedictionem.

434 1619 601 1655 Relatione
633 1618 763 1653 fratrum
799 1626 996 1660 vestrorum,
1023 1617 1060 1654 ad
1085 1629 1143 1652 nos

388 1674 594 1713 venientium,
621 1673 834 1719 comperimus
857 1672 939 1707 hanc
975 1672 1006 1706 in
1041 1679 1142 1706 vestra

388 1727 557 1763 Leodicnsi
593 1726 736 1761 Ecclesia
766 1725 986 1762 detestabilem
1018 1737 1057 1760 ex
1085 1738 1143 1760 an-

391 1836 433 1870 ibi
455 1835 627 1871 canonicus
643 1834 708 1868 lieri
732 1832 876 1876 voluerit,
896 1841 1050 1879 oporteat,
1070 1845 1141 1867 enm

392 1890 572 1937 praeposito
611 1896 641 1922 et
672 1888 792 1922 decano
819 1886 1058 1920 determinatam
1088 1898 1145 1933 pe-

392 1945 518 1981 cuniam
545 1941 711 1981 exliibe1·e;
734 1949 764 1975 et
783 1941 886 1974 adbuc
899 1939 938 1973 de
953 1940 1144 1974 investituris

392 1998 595 2034 ecclesiarum
618 2002 648 2028 et
667 1994 828 2033 altarium,
855 1992 1094 2028 archidiaconos
1115 2002 1143 2028 et

392 2053 528 2087 decanos
553 2050 653 2084 lacere
684 2047 875 2093 accepimns.
914 2045 1075 2092 Scriptum
1099 2054 1145 2081 est

393 2108 424 2141 in
447 2104 627 2151 Evangelio,
659 2103 731 2149 quia
753 2100 912 2136 Dominus
939 2107 1046 2134 noster
1068 2112 1146 2134 ven-

393 2162 504 2196 dentes
524 2167 554 2194 et
579 2165 720 2192 ementes
753 2155 846 2190 eiecit
880 2153 919 2189 de
942 2154 1059 2200 templo
1086 2157 1144 2196 (atq

394 2214 529 2260 ideoque
563 2223 617 2258 per
651 2209 827 2257 praeseutia
861 2207 978 2253 scripta
1014 2207 1147 2241 tirmiter

395 2264 617 2314 praecipiendo
653 2262 861 2305 mandamus,
900 2261 1049 2307 quatinus
1084 2269 1145 2294 tam

397 2332 486 2367 prava
521 2317 720 2353 consuetudo
755 2316 794 2351 de
821 2324 944 2350 caetero
977 2314 1059 2361 apud
1092 2326 1147 2348 vos

395 2374 576 2408 nullatenus
597 2377 817 2409 conservetur,
845 2368 899 2402 sed
924 2367 1027 2402 modis
1048 2367 1149 2401 omui-

398 2427 456 2461 bus
489 2425 691 2460 annihiletur.
725 2422 820 2465 Quod
847 2422 872 2456 si
899 2422 971 2468 quis
997 2420 1148 2467 deinceps

400 2479 646 2527 praesumpserit
678 2489 782 2523 agere,
818 2487 886 2515 uos,
917 2483 947 2508 et
969 2474 1095 2508 dautem
1118 2481 1149 2507 et

434 2563 473 2597 (l)
492 2562 528 2588 kx
548 2561 669 2596 Spicileg.
688 2561 812 2592 Dacher„
836 2563 900 2586 tom.
918 2566 967 2585 vni
991 2565 1053 2584 nov.
1071 2557 1148 2590 edit„

399 2615 459 2643 pag.
476 2606 537 2634 1⁸79.
555 2606 595 2641 (ιι)
607 2606 698 2632 >tatto
711 2613 769 2636 xxi,
782 2605 846 2631 Mar.
859 2611 898 2636 xi,
908 2603 971 2631 Luc.
983 2610 1040 2629 xix.
1053 2602 1091 2637 (n.
1108 2601 1150 2636 τ.)

981 227 1080 250 actm
1088 226 1170 250 Ritm
1198 226 1357 250 ROMANCM

1178 283 1399 329 accipientem,
1421 283 1581 328 iubemus,
1603 283 1705 319 locum
1729 284 1759 319 in
1788 283 1928 319 Ecclesia

1179 337 1310 371 ulterius
1339 349 1400 371 uon
1431 336 1560 372 habere.

1228 389 1342 424 Datum
1367 389 1535 434 Laterani,
1562 402 1609 425 vn
1636 389 1707 424 idus
1736 389 1928 425 novembris.

1198 455 1260 486 Dat.
1286 456 1333 486 die
1353 456 1367 485 7
1388 455 1657 486 novembris'auno
1673 454 1792 485 Domini
1814 454 1910 492 11-28,

1428 499 1531 539 pontif.
1549 508 1626 529 anno
1649 507 1686 529 tv.

1529 663 1587 698 xt.

1181 740 1382 785 Confirmatio
1416 741 1566 773 bonorum
1596 739 1735 773 oninium
1762 740 1806 773 ad
1837 751 1934 773 cano-

1180 790 1262 823 nicos
1284 790 1473 824 Faventi'nae
1492 789 1647 823 Ecclesiae
1660 789 1862 834 spectantium
1876 790 1932 832 (Ι).

1447 869 1663 901 ΞΟΜΜΑΒΙΠΜ

1179 937 1349 967 Exordium.
1382 953 1421 959 —
1450 936 1606 966 Decretum
1640 936 1874 967 confirmationis
1904 940 1934 967 et

1220 982 1430 1012 immunitatis.
1452 998 1491 1003 —
1514 980 1625 1011 Solitae
1642 981 1807 1011 clausulae.
1821 997 1862 1003 —
1876 979 1935 1011 Ho-

1220 1026 1296 1056 norii
1319 1025 1373 1055 PP.
1392 1025 1583 1065 subscriptio.

1180 1096 1310 1125 Honorius
1329 1095 1471 1131 episcopus
1487 1102 1582 1124 servus
1595 1102 1735 1124 servornm
1752 1095 1808 1129 Dei.
1827 1095 1936 1125 dilectis

1224 1145 1289 1174 tuns
1308 1144 1470 1174 faventinae
1489 1144 1622 1173 Ecclesiae
1640 1144 1788 1178 canonicis.
1816 1144 1936 1174 salntem

1225 1196 1252 1224 et
1271 1195 1450 1231 apostoticam
1468 1194 1692 1224 benedictionem.

1230 1261 1400 1297 Pastoralis
1421 1261 1514 1296 oflicii
1538 1273 1596 1296 uos
1616 1260 1662 1306 pia
1677 1260 1846 1296 solicitudo
1861 1272 1936 1295 con-

1181 1315 1307 1361 stringit
1328 1314 1530 1362 Apostolicae
1552 1313 1644 1349 Sedis
1665 1314 1795 1349 tutelam
1819 1322 1934 1361 postu-

1182 1369 1337 1413 lantibus,
1364 1377 1394 1403 et
1416 1368 1622 1416 protectionis
1651 1367 1795 1415 suffragia
1823 1368 1936 1415 imper-

1183 1423 1244 1458 tiri.
1260 1422 1399 1457 Proinde
1414 1422 1535 1466 restris,
1549 1421 1745 1457 dilectissimi
1760 1422 1791 1457 iu
1806 1422 1935 1457 Christo

1182 1476 1237 1511 fitii
1258 1476 1419 1511 Ecclesiae
1443 1475 1636 1511 Faventinae
1663 1475 1819 1520 canonici,
1851 1476 1934 1523 peti-

1184 1530 1321 1565 tionibus
1342 1537 1530 1571 annuentes,
1553 1538 1615 1564 tam
1642 1541 1697 1564 vos
1718 1529 1815 1576 ipsos,
1837 1542 1934 1576 quam

1183 1592 1214 1618 et
1239 1584 1344 1618 omnia
1363 1591 1464 1618 vestra
1493 1583 1575 1618 bona
1605 1583 1635 1617 in
1663 1583 1743 1617 beati
1776 1583 1860 1618 Petri
1905 1592 1937 1618 et

1185 1645 1322 1672 nostram
1347 1637 1474 1672 tutelam
1497 1637 1706 1684 suscipimus,
1728 1644 1822 1684 atque
1842 1649 1935 1684 prae-

1184 1692 1282 1726 sentis
1324 1690 1476 1737 privilegii
1526 1690 1641 1737 pagina
1679 1690 1935 1731 commuuimus3

1185 1745 1353 1779 statuimus
1386 1744 1487 1784 enim,
1527 1751 1559 1777 ut
1591 1743 1673 1778 bona
1699 1743 1824 1783 omnia,
1855 1755 1936 1790 quae

1186 1799 1216 1832 in
1263 1798 1509 1845 praesentiarum
1543 1797 1721 1844 cuiuspiam
1769 1797 1935 1843 largitione

1187 1863 1338 1899 personae
1360 1850 1493 1893 habetis,
1516 1850 1562 1884 vel
1582 1851 1612 1884 iu
1631 1850 1771 1884 futurum
1788 1863 1936 1898 quocum-

1185 1917 1246 1952 que
1285 1904 1397 1943 modo,
1431 1903 1551 1938 divinis*
1572 1913 1603 1937 et
1634 1904 1781 1938 humanis
1815 1904 1937 1951 legibus

1185 1957 1323 2004 cognito,
1347 1956 1488 2003 poteritis
1515 1956 1659 2003 adipisci,
1688 1956 1776 1992 firma
1798 1957 1888 1992 vobis
1906 1966 1938 1993 ct

1187 2011 1301 2046 illibata
1326 2019 1540 2058 permaneant.
1563 2010 1772 2046 Deceruimus
1794 2024 1880 2058 ergo,
1903 2020 1938 2047 ut

1187 2066 1293 2099 nullus
1310 2076 1446 2111 uuquam
1463 2063 1732 2112 archiepiscopus,
1754 2065 1937 2112 episcopus,

1187 2118 1262 2162 dux,
1285 2118 1436 2158 marchio,
1459 2129 1577 2161 comes,
1604 2118 1790 2159 vicecomes,
1817 2119 1938 2154 castal-

1187 2172 1252 2215 dio,
1278 2180 1331 2206 aut
1352 2171 1410 2206 alia
1435 2171 1593 2218 quaelibet
1621 2183 1734 2217 magna
1756 2172 1805 2206 vel
1828 2184 1937 2218 parva,

1187 2226 1417 2272 cuiuscumque
1440 2225 1563 2261 ordinis
1589 2232 1644 2260 aut
1669 2224 1833 2271 dignitatis
1866 2238 1938 2272 per-

1188 2292 1277 2324 sona,
1304 2292 1369 2317 vos.
1392 2292 1449 2314 seu
1468 2279 1589 2319 omnia,
1616 2290 1696 2325 quae
1715 2278 1854 2321 habetis,
1880 2289 1939 2313 au-

1189 2333 1260 2367 deat
1283 2333 1477 2380 perturbare,
1503 2340 1556 2367 aut
1582 2331 1716 2374 auferre,
1742 2332 1789 2366 vel
1821 2331 1940 2366 ablatas

1191 2387 1335 2431 retinere,
1357 2387 1511 2425 minuere,
1545 2398 1601 2420 seu
1625 2384 1819 2432 quibuslibet
1850 2397 1940 2420 vexa-

1190 2441 1329 2477 tionibus
1351 2440 1496 2487 fatigare,
1518 2439 1574 2474 sed
1594 2439 1702 2473 omnia
1725 2438 1843 2484 integra
1866 2451 1942 2473 con·-

1225 2512 1264 2546 (t)
1280 2511 1319 2537 Ex
1339 2510 1436 2537 Archiv
1473 2509 1627 2537 eorumdem
1651 2508 1838 2536 canonicorum
1859 2508 1943 2536 edidit

1190 2556 1305 2590 Ughett.,
1318 2554 1373 2582 Ital.
1391 2555 1462 2587 Sao,
1480 2557 1545 2581 tom.
1563 2561 1593 2586 ιι,
1611 2552 1655 2579 ubi
1667 2552 1700 2579 de
1713 2552 1865 2579 Faventinis
1880 2553 1941 2588 epi-

1192 2608 1290 2636 scopis.

1996 245 2002 252 .
2023 223 2136 253 &1128

1995 1281 2117 1304 Exordium.

1973 1427 2087 1449 Decretum
2097 1433 2147 1449 con-
2170 1415 2171 1418 Ἴ

1962 1454 2094 1485 ,ίῐηιηῑξοιιίρ
2117 1456 2138 1475 et
2171 1470 2174 1476 .

1962 1483 2106 1503 immunitatis.
