2180 3205
418 228 482 262 884

752 301 774 332 P

392 390 562 423 Pastoralis
583 390 690 429 officii,
714 389 789 429 323,
814 389 888 423 362.

391 443 545 476 Pastorali
566 442 781 481 solicitudine,
805 442 857 476 26.

392 497 484 529 Pater
504 502 535 528 et
551 496 713 540 princeps,
738 496 811 529 2178.

392 549 450 581 Per
469 549 605 592 apostoli
626 549 723 589 Petri,
747 549 821 582 221.

391 603 450 635 Per
469 603 552 635 Petri
575 604 723 647 apostoli,
747 602 821 637 220.

351 686 354 689 ,
391 656 444 688 Pia
464 656 651 699 postulatio,
673 656 748 697 165,
770 657 844 690 579.

392 709 463 742 Piae
507 710 658 743 ostulatio
678 711 862 750 voluntatis,
884 711 936 752 28,
965 711 1036 751 160,
1065 711 1135 751 161,

435 753 509 792 19“,
535 753 610 792 197,
640 754 718 795 199,
743 754 822 796 221,
847 754 928 794 222,
953 755 1032 797 255,
1056 755 1135 797 259,

434 797 509 838 261,
534 797 609 838 281,
633 798 708 839 338,
732 799 808 839 416,
831 800 895 833 417
911 828 918 841 ,
950 800 1036 841 419,
1060 800 1135 841 420,

434 841 511 881 425,
534 841 614 880 436,
639 842 718 883 457,
743 843 824 884 478,
846 843 925 884 641,
950 844 1029 882 682,
1054 844 1135 885 685,

437 885 511 927 731,
525 886 599 920 815.

391 940 464 974 Piae
482 941 718 985 postulationis,
742 948 814 983 etc„
838 943 912 976 516.

391 993 580 1027 Pisanorum
601 995 754 1037 Ecclesia,
778 995 852 1031 395.

391 1047 593 1083 pistoriensis
616 1050 770 1092 Ecclesia,
793 1050 867 1085 393.

391 1101 564 1146 Postquam
586 1113 655 1144 nos,
680 1103 755 1137 337.

390 1153 564 1199 Postquam
585 1167 745 1201 supernae
766 1158 992 1199 miserationis,
1015 1157 1090 1192 327.

392 1207 584 1242 Potestatem
606 1210 739 1252 ligandi,
764 1210 839 1251 130,
866 1211 939 1252 132,
964 1211 1038 1252 139,
1061 1211 1135 1251 154,

435 1251 510 1294 207,
535 1252 610 1294 243,
635 1254 709 1296 576,
734 1254 808 1289 617.

391 1308 603 1351 Praeceptum
628 1309 768 1349 Domini,
792 1308 867 1343 322.

390 1361 650 1396 Praedecessoris
671 1363 784 1404 nostri,
808 1363 882 1397 245.

390 1414 522 1448 Praeter
541 1417 691 1458 generale
713 1416 887 1458 charitatis,
912 1416 986 1451 182.

391 1467 572 1512 Privilegia,
596 1468 670 1503 531.

390 1521 606 1556 Prudentibus
623 1523 812 1566 virginibus,
837 1523 911 1557 802.

754 1612 778 1652 Q

391 1701 478 1741 Quae
499 1712 516 1735 a
535 1702 692 1747 partibus,
717 1702 791 1736 216.

390 1754 477 1794 Quae
497 1765 515 1789 a
535 1756 850 1800 praedecessoribus,
875 1755 948 1791 629.

391 1809 477 1849 Quae
498 1809 537 1842 ab
562 1809 704 1843 Ecclesia
723 1810 790 1851 Dei,
814 1809 889 1843 544.

390 1862 477 1902 Quae
498 1863 537 1895 ad
558 1873 682 1906 pacem,
707 1862 782 1903 370,
806 1862 880 1896 438.

390 1916 477 1955 Quae
496 1921 525 1949 et
546 1923 665 1960 quanta
686 1927 773 1957 cura,
797 1916 849 1950 98.

390 1969 477 2008 Quae
496 1969 662 2011 religionis
687 1970 815 2011 intuitu,
839 1969 913 2004 312.

390 2022 477 2062 Quae
497 2023 595 2056 semel
614 2023 706 2063 iuste,
732 2022 806 2056 250.

348 2121 351 2123 .
390 2076 476 2116 Quae
496 2076 586 2110 vobis
604 2082 633 2110 et
655 2077 818 2115 fratribus,
839 2077 913 2110 467.

390 2131 490 2170 Quam
513 2130 663 2171 fideliter,
688 2130 762 2164 102.

391 2184 592 2228 Quamquam
619 2185 658 2218 ad
678 2185 925 2229 propulsandas,
950 2185 1002 2219 64.

391 2238 592 2282 Quamquam
614 2238 712 2272 Sedes
733 2239 929 2282 Apostolica,
950 2239 1002 2272 41.

391 2291 540 2330 Quamvis
560 2292 646 2324 circa
667 2302 779 2325 omnes
805 2293 973 2333 Ecclesiae,
995 2293 1046 2326 56.

391 2344 540 2383 Quamvis
561 2356 656 2377 curae
677 2345 857 2389 pastoralis,
884 2345 957 2379 744.

392 2398 541 2436 Quamvis
562 2399 806 2440 ecclesiasticae,
828 2398 879 2432 54.

392 2452 524 2490 Quando
545 2452 629 2485 inter
647 2452 825 2495 religiosas,
850 2452 923 2486 594.

371 2547 374 2551 ⁴
392 2504 658 2548 Quandoquidem
681 2506 806 2540 divinae
827 2506 1059 2550 providentiae,
1083 2506 1136 2540 36.

393 2557 676 2601 Quandoquidem,
697 2570 836 2602 superna
858 2560 1047 2603 disponente
1074 2561 1137 2594 cle-

437 2602 567 2641 mentia,
592 2600 665 2634 121.

392 2655 515 2694 Quanta
537 2655 625 2688 cordi
648 2662 768 2695 nostro,
792 2656 866 2690 405.

974 240 1156 264 BULLARIUM
1177 240 1330 264 ROMANUM

1171 301 1315 341 Quantae
1334 301 1508 344 dignitatis,
1533 301 1606 335 630.

1171 354 1295 394 Quanto
1317 356 1475 389 fervorem
1490 356 1669 389 devotionis
1686 362 1820 397 vestrae,
1842 356 1914 389 742.

1172 408 1296 447 Quanto
1318 409 1401 442 inter
1422 410 1600 452 religiosos,
1625 409 1699 443 594.

1154 461 1296 505 ,Quanto
1317 463 1539 496 Laterancnsis
1559 463 1710 503 Ecclesia,
1734 463 1808 496 247.

1155 515 1331 563 ¹Quantum
1353 517 1616 560 praedecessores
1637 517 1750 557 nostri,
1775 517 1848 550 522.

1155 566 1332 611 {Quantum
1351 577 1459 603 sancta
1480 571 1624 604 Romana
1644 571 1796 612 Ecclesia,
1819 571 1893 605 518.

1155 623 1334 664 {Quatenus
1355 625 1533 658 devotionis
1554 626 1730 665 sinceritas,
1753 625 1828 659 635.

1155 677 1453 717 Quemadmodum
1481 679 1662 723 aequitatis,
1687 679 1760 712 755.

1173 730 1454 770 Quemadmodum
1476 743 1513 765 ex
1533 732 1640 775 gestis,
1664 732 1738 765 412.

1173 784 1454 824 Quemadmodum
1476 786 1556 829 regi,
1579 786 1632 819 44.

1173 838 1453 877 Quemadmodum
1480 840 1575 874 Sedes
1601 840 1796 885 Apostolica,
1820 840 1894 874 378.

1174 891 1356 933 Querelam,
1381 892 1455 926 167.

1174 947 1255 987 Quia
1272 948 1473 981 consuetudo
1491 947 1521 981 S.
1546 949 1581 982 R.
1606 948 1654 987 E.,
1676 948 1727 981 97.

1174 1000 1254 1040 Quia
1275 1001 1489 1042 documentis,
1514 1001 1588 1035 229.

1174 1054 1253 1094 Quia
1272 1054 1469 1088 monasterio
1490 1054 1542 1089 SS.
1565 1055 1740 1096 Trinitatis,
1764 1054 1838 1089 188.

1174 1107 1254 1147 Quia
1274 1107 1391 1141 nostris
1411 1108 1622 1152 temporibus,
1644 1107 1718 1142 125.

1156 1161 1254 1201 *Quia
1274 1161 1369 1195 officii
1392 1162 1492 1195 nostri
1517 1168 1575 1202 est,
1600 1161 1652 1195 76.

1156 1217 1157 1251 i
1174 1215 1253 1255 Quia
1274 1222 1303 1249 tc
1323 1216 1474 1260 speciale,
1499 1215 1572 1249 127.

1174 1268 1254 1308 Quia
1274 1269 1368 1302 unius
1389 1269 1455 1302 veri
1477 1269 1583 1312 Regis,
1606 1268 1681 1303 584.

1174 1322 1232 1362 Qui
1253 1322 1422 1365 religiosos
1443 1323 1538 1362 fovet,
1561 1322 1636 1356 448.

1174 1375 1265 1415 Quod
1286 1386 1344 1420 per
1365 1376 1561 1420 aspirantem
1582 1376 1729 1419 gratiam,
1754 1376 1828 1410 431.

1174 1429 1331 1469 Quoniam
1354 1430 1394 1463 ad
1415 1430 1625 1470 audientiam,
1650 1429 1723 1463 728.

1174 1474 1333 1514 Quoniam
1351 1475 1391 1508 ad
1412 1474 1618 1515 memoriam,
1643 1474 1695 1508 68.

1173 1518 1332 1558 Quoniam
1354 1519 1516 1559 decorem,
1537 1518 1611 1552 811.

1173 1563 1332 1602 Quoniam
1354 1563 1460 1596 divina
1480 1563 1603 1597 favente
1624 1564 1805 1605 clementia,
1829 1564 1881 1598 21.

1173 1607 1332 1647 Quoniam
1365 1607 1491 1641 divinae
1526 1608 1740 1642 miserationis
1775 1609 1918 1643 clemen-

1219 1652 1272 1691 tia,
1296 1651 1348 1685 34.

1173 1705 1330 1745 Quoniam
1341 1705 1467 1739 divinae
1476 1706 1692 1740 miserationis
1700 1706 1917 1751 respectu,33.

1174 1758 1331 1798 Quoniam
1354 1769 1430 1802 erga
1450 1760 1674 1800 reverentiam,
1698 1759 1750 1793 66.

1174 1812 1331 1852 Quoniam
1355 1813 1386 1846 in
1407 1823 1484 1855 agro
1502 1813 1641 1853 Domini,
1665 1813 1739 1847 805.

1156 1866 1331 1906 tQuoniam
1352 1867 1497 1910 pervenit
1519 1867 1557 1900 ad
1578 1878 1648 1906 nos,
1670 1867 1743 1900 111.

1156 1935 1158 1953 t
1175 1919 1333 1959 Quoniam
1354 1931 1413 1964 pro
1434 1931 1544 1953 amore
1566 1920 1716 1959 iustitiae,
1732 1920 1784 1954 84.

1157 1991 1159 1996 =
1175 1973 1332 2013 Quoniam
1350 1973 1430 2007 sicut
1452 1985 1572 2013 rerum,
1599 1973 1672 2008 748.

1157 2026 1158 2048 ³
1175 2027 1333 2067 Quoniam
1354 2028 1422 2061 sine
1442 2039 1535 2061 verae
1548 2028 1635 2061 cultu
1650 2028 1826 2071 religionis,
1842 2029 1917 2069 446,

1157 2111 1159 2119 ,
1220 2071 1303 2109 485,
1343 2072 1426 2109 519,
1469 2071 1552 2108 534,
1594 2071 1678 2111 537,
1718 2072 1798 2113 550,
1838 2072 1917 2113 631,

1221 2116 1294 2149 711.

1156 2176 1158 2201 ,i
1175 2161 1260 2200 Quos
1280 2161 1487 2205 dispensatio,
1512 2161 1586 2194 442.

1156 2205 1259 2244 tQuos
1280 2206 1484 2249 omnipotens
1504 2206 1669 2241 Dominus.
1693 2206 1767 2239 429.

1156 2267 1158 2290 ι,
1175 2249 1257 2289 Quot
1277 2250 1481 2289 mutationes,
1499 2249 1573 2283 334.

1156 2291 1327 2334 {Quotiens
1347 2305 1365 2327 a
1389 2294 1493 2334 nobis,
1517 2294 1592 2335 466,
1618 2294 1691 2335 769,
1716 2294 1790 2328 825.

1156 2338 1339 2387 Quotiens,
1364 2343 1434 2377 etc„
1461 2338 1537 2371 655.

1156 2383 1326 2440 [Quotiens
1348 2383 1426 2416 illud
1452 2394 1468 2415 a
1489 2384 1601 2421 nobis,
1626 2383 1707 2425 384,
1730 2383 1812 2423 401,
1836 2383 1917 2423 556,

1156 2455 1157 2462 ,
1219 2426 1294 2465 606,
1316 2427 1394 2467 652,
1416 2427 1491 2467 680,
1517 2427 1595 2464 692,
1621 2427 1701 2465 698,
1734 2428 1812 2467 747,
1838 2427 1916 2463 756.

1155 2478 1157 2513 ,1
1220 2471 1293 2510 773,
1318 2472 1392 2511 796,
1416 2471 1490 2505 808.

1155 2525 1303 2564 'tQuoties
1323 2536 1340 2558 a
1363 2525 1514 2558 fratribus
1532 2525 1643 2565 nostri,
1668 2525 1742 2558 642.

1153 2566 1302 2609 {Quoties
1322 2581 1340 2602 a
1360 2570 1453 2602 nobis
1477 2570 1608 2613 petitur,
1631 2569 1707 2608 466,
1731 2569 1804 2603 825.

1155 2612 1156 2615 ’
1174 2614 1305 2653 Quoties
1325 2624 1362 2647 ea
1382 2614 1475 2647 nobis
1495 2620 1659 2658 petuntur,
1679 2613 1732 2653 36,
1756 2613 1808 2648 37.

1154 2658 1303 2698 lotiones
1324 2669 1371 2698 ea,
1393 2669 1474 2702 quae
1496 2659 1535 2691 ad
1561 2669 1684 2702 pacem,
1709 2657 1782 2691 671.
