2180 3205
62 218 110 249 An.
127 221 156 248 C.
177 220 241 247 wia

88 732 206 755 Exordium.

70 1028 218 1051 Bonusterinm

57 1060 94 1081 eut»
104 1061 237 1087 protectione

63 1090 124 1112 Senia
139 1090 231 1117 Aposto-

57 1121 110 1144 [κιο
116 1122 238 1150 ιυεοίρίιυη

94 1520 191 1549 Romaque

68 1552 138 1572 omnia
154 1552 222 1573 eidem

67 1581 223 1607 confirmatur:

67 1870 170 1896 Nonnulla
185 1878 236 1895 enu-

55 1906 167 1926 merantur,

893 224 1003 248 LUCtth
1027 226 1048 248 ΙΙ
1073 225 1120 248 Pr.

1674 219 1743 253 4853

298 274 396 305 beram
421 275 481 305 sore
505 275 634 306 declarat
661 276 806 314 Pontifex,
839 279 918 308 salvo
941 279 1004 308 iure
1048 280 1215 325 Anastasii‚
1249 293 1328 328 quae
1351 290 1423 317 sunt
1458 282 1487 318 in
1520 283 1628 319 eadem
1657 285 1793 327 civitate,

297 319 426 349 matricis
460 319 615 350 Ecclesiae.
649 338 688 343 —
718 321 1003 352 lixcommunicatio-

295 373 360 392 nem
394 363 535 393 adversus
565 364 638 394 illud
670 366 931 403 molestantes3—
953 366 1005 396 Be—

296 408 488 437 nedictionem
510 408 748 439 benefactoribus
764 410 913 448 elargitur.

254 469 347 497 Lucius
378 470 518 506 episcopus
538 478 632 499 servus
656 478 793 501 servorum
822 472 876 505 Dei,
898 473 1004 501 dilectis

298 518 363 547 filiis
375 519 584 548 Gnidoniabbati
597 520 755 548 monasterii
766 520 855 549 Sancti
868 521 1003 554 Iohannis.

299 568 408 605 quadiu
427 568 563 596 Parmensi
578 568 643 596 urbe
655 568 737 596 situm
755 570 806 600 est.
826 569 935 604 eiusque
948 569 1003 597 sra-

299 618 398 650 trtbus.
416 619 473 646 tam
492 618 681 654 praesentibus
706 624 784 653 quam
804 617 905 646 tuturis
926 626 1002 655 regu·

298 667 396 695 tat-iter
415 667 501 695 vitam
517 664 659 702 professis.
679 666 708 694 in
727 668 896 702 perpetuum.

303 724 459 767 Quoniam
479 724 547 759 siue
563 736 652 759 rei-ae
667 724 751 758 cultu
772 725 930 772 religionis
947 738 1002 761 uec

253 774 390 809 caritatis
412 774 513 809 unitas
533 781 635 820 potest
657 773 839 813 subsistere,
863 786 919 809 nec
936 775 1003 810 Deo

253 831 375 870 gratum
403 823 542 858 exhiberi
576 823 748 862 servitium,
777 824 903 870 expedit
932 837 1004 871 apo-

253 872 381 908 stolicae
421 872 612 912 auctoritati,
651 872 813 918 religiosas
854 886 1002 920 personas

253 921 396 968 diligere,
418 930 449 956 et
471 922 548 962 loca,
573 922 602 955 in
624 921 740 968 quibus
754 921 870 957 diiinis
891 931 1000 957 vat-ant

253 970 374 1015 officiis,
393 970 483 1005 Sedis
506 971 705 1017 Apostolieae
732 971 907 1007 munimine
931 985 1003 1006 eon-

253 1020 369 1055 fovere.
398 1020 553 1067 ldeoque,
580 1020 683 1054 dilecti
713 1020 742 1054 in
772 1020 907 1056 Domino
936 1021 1000 1060 filii.

255 1070 364 1105 vestris
387 1069 625 1105 rationabilibus
649 1069 914 1116 postulationibus
936 1070 1001 1105 cle-

254 1127 374 1154 menter
395 1119 580 1158 annuimus;
607 1127 636 1153 et
657 1119 931 1164 praedecessorum
949 1133 1001 1154 no-

251 1176 404 1207 strorum,
443 1168 542 1203 felicis
576 1169 743 1202 memoriae.
779 1168 939 1204 paschalis
972 1178 1001 1204 et

250 1217 437 1257 Innocentii,
460 1217 676 1252 Romanorum
705 1217 911 1258 Pontificum,
949 1231 1000 1254 ve-

250 1267 351 1314 stigiis
373 1267 582 1305 inhaerentes,
616 1266 779 1301 ecclesiam
811 1266 917 1302 Sancti
950 1267 1000 1301 ln-

250 1315 374 1358 hannis,
398 1316 428 1350 in
448 1328 508 1363 qua
535 1315 641 1350 dii-ino
665 1316 831 1363 mancipati
854 1317 929 1351 estis
948 1317 1000 1351 ob-

250 1365 372 1413 sequio,
400 1365 459 1400 sub
486 1365 567 1400 beati
598 1364 681 1399 Petri
706 1372 737 1400 et
767 1374 871 1400 nostra
895 1374 1000 1413 prote-

250 1415 355 1450 ctione
387 1415 595 1461 suscipimus,
628 1422 659 1448 et
692 1415 865 1461 praesentis
891 1416 997 1462 scripti

251 1464 362 1511 pagina
380 1464 631 1503 communimus,
654 1472 837 1503 statuentes,
862 1472 893 1498 ut
911 1477 998 1510 quas-

250 1525 387 1561 cumque
422 1514 650 1560 possessiones,
677 1525 895 1561 quaecumque
918 1514 998 1548 bona

250 1562 543 1609 impraesentiarum
575 1563 655 1597 inste
682 1570 711 1596 et
745 1564 895 1598 canonice
924 1575 997 1609 pos-

249 1612 343 1656 sidet,
369 1619 423 1647 aut
446 1612 476 1646 in
505 1611 644 1647 futurum
671 1612 877 1647 concessione
905 1612 1000 1647 Pon-

250 1660 382 1702 tificum,
404 1661 568 1707 largitione
592 1673 701 1707 regum
731 1661 777 1696 vel
801 1662 998 1708 principum,

249 1710 408 1746 oblatione
429 1710 581 1751 fidelium,
607 1723 661 1745 seu
684 1710 753 1746 aliis
780 1711 869 1746 iustis
884 1711 997 1752 modis,

249 1759 317 1795 Deo
332 1760 479 1807 propitio,
506 1760 620 1807 poterit
638 1760 783 1807 adipisci,
806 1760 894 1795 firma
912 1760 999 1795 vobis

250 1810 423 1857 vestrisque
455 1809 704 1853 successoribus,
731 1817 761 1844 et
787 1809 903 1844 illibata
928 1822 999 1856 per-

249 1866 416 1900 maneant;
446 1860 477 1892 in
501 1860 618 1905 quibus
641 1859 717 1893 haec
745 1859 880 1906 propriis
901 1859 998 1893 duxi-

248 1919 321 1943 mus
359 1907 563 1955 exprimenda
603 1907 780 1942 vocabulis:
822 1908 851 1942 in
886 1908 996 1943 eodem

248 1957 432 2005 episcopatu
460 1957 621 1992 Parmensi
658 1957 822 1992 eeclesiam
857 1956 890 1992 S.
925 1957 1000 1992 Ste-

249 2006 356 2053 phani,
382 2019 463 2054 quae
484 2014 532 2040 est
564 2006 594 2040 in
630 2005 749 2053 BurgO,
776 2006 940 2042 ecclesiam
964 2006 998 2042 S.

247 2055 410 2091 Michaelis
431 2055 471 2090 de
493 2057 588 2099 Arcu,
609 2055 773 2090 ecclesiam
796 2055 902 2091 Sancti
921 2056 999 2090 Ste-

249 2104 345 2152 phani
369 2105 407 2140 de
425 2105 562 2148 Torano,
585 2104 749 2139 ecclesiam
770 2104 875 2139 Sancti
892 2104 998 2139 Savini

248 2165 320 2188 cum
339 2162 438 2195 curte,
461 2153 625 2189 ecclesiam
654 2153 762 2189 Sancti
785 2154 944 2188 Laurentii
961 2154 999 2188 de

248 2201 443 2248 Ramusello,
473 2210 608 2238 castrum
637 2202 812 2238 Ramnselli
845 2215 916 2238 cnm
947 2215 1001 2238 ec-

248 2251 355 2294 clesia,
386 2260 522 2287 castrum
550 2251 657 2287 Sancti
692 2251 804 2286 Vitalis
837 2264 908 2286 cum
947 2264 1001 2286 ec-

249 2301 342 2337 clesia
375 2310 405 2336 et
432 2309 538 2342 curte,
573 2301 739 2336 ecclesiam
775 2301 813 2335 de
839 2300 999 2346 Gainaco,

249 2350 414 2386 ecclesiam
436 2350 544 2386 Sancti
567 2349 711 2385 Silvestri
735 2350 773 2384 de
794 2350 911 2394 Insula,
945 2362 1000 2385 ec-

248 2399 375 2435 clesiam
408 2400 514 2435 Sancti
550 2399 721 2434 Salvatoris
747 2399 786 2434 de
817 2399 1000 2445 Sanguineo

248 2461 320 2484 cum
349 2457 450 2484 castro
476 2456 507 2483 et
529 2456 635 2492 curte,
663 2448 742 2483 duas
773 2457 876 2496 partes
905 2450 1001 2484 curtis

248 2497 382 2539 Sat-eae,
410 2507 439 2533 et
461 2497 544 2545 quod
579 2499 658 2532 iuste
686 2498 715 2532 in
749 2497 887 2532 Ecclesia
912 2498 999 2532 eius-

249 2546 321 2582 dem
344 2547 403 2582 loci
427 2547 566 2584 habetis,
593 2547 755 2588 ecclesiam
789 2546 923 2581 Sanctae
955 2547 1000 2581 lu-

250 2597 362 2642 stinae,
384 2597 550 2632 ecelesiam
566 2595 673 2631 Sancti
688 2596 834 2644 Prosperi
848 2604 878 2631 et
892 2595 998 2631 Sancti

1045 330 1208 364 ecclesiam
1227 332 1334 365 Sancti
1357 331 1469 371 lacobi,
1492 342 1631 380 quaeest
1647 334 1675 368 iu
1692 336 1794 381 capite

1047 378 1166 421 l'outis,
1195 381 1357 415 ecclesiam
1381 382 1486 416 Sancti
1511 383 1592 418 l'etri
1622 383 1661 417 de
1690 383 1794 431 Burgo

1046 428 1151 462 Sancti
1186 429 1352 469 Domnini,
1389 431 1560 466 Ecclesiam
1589 432 1627 467 de
1660 433 1793 468 lhoiin-

1045 477 1148 521 ciano,
1177 477 1348 513 Ecclesiam
1373 479 1411 513 de
1433 481 1564 515 (Ias-adei
1588 495 1658 516 cum
1688 483 1795 517 ‹imni-

1047 526 1104 560 bns
1126 538 1232 561 earum
1258 529 1466 573 pertinentiis,
1489 531 1652 565 ecclesiam
1683 533 1791 567 Sancti

1045 575 1192 612 Matthaei
1221 576 1259 611 dc
1282 578 1394 622 Callia,
1429 580 1592 614 ecclesiam
1621 582 1653 614 S.
1679 582 1791 616 Melani

1045 637 1115 659 cum
1140 626 1305 661 medietate
1329 626 1422 674 Burgi
1439 637 1469 663 ct
1484 638 1618 676 quatuor
1632 630 1792 672 donnbus,

1045 673 1219 709 Ecclesiam
1243 675 1281 710 de
1298 675 1430 711 Paterno
1446 691 1517 712 cum
1534 687 1635 713 castro
1650 688 1679 713 et
1692 690 1792 724 curte,

1045 723 1208 758 ecclesiam
1232 725 1338 759 Sancti
1367 726 1528 761 Michaelis
1554 728 1593 762 ‹le
1622 728 1735 769 Filino,
1762 739 1793 765 ct

1044 772 1127 819 quod
1153 774 1232 808 iuste
1261 774 1380 809 habt-tis
1408 775 1438 809 in
1466 776 1596 812 ecclesia
1615 777 1648 812 S.
1665 778 1791 825 Georgii

1044 822 1082 856 de
1119 822 1235 857 pratis:
1274 824 1302 857 in
1332 824 1479 869 Regiensi
1509 838 1580 860 vero
1607 828 1791 874 episcopatu

1043 871 1206 906 ecclesiam
1241 871 1349 907 Sancti
1382 874 1561 909 Michaelis:
1593 876 1621 910 in
1652 876 1789 913 Lunensi

1043 921 1224 968 episcopatu
1266 923 1429 957 ecelesiam
1469 924 1602 959 Sanctae
1638 925 1791 969 Iustinae,

1043 970 1206 1005 eeclesiam
1243 971 1281 1005 de
1315 971 1502 1008 Carallaria:
1543 974 1571 1008 in
1607 975 1790 1022 episcopatu

1044 1019 1226 1055 l'istoricnsi
1251 1022 1473 1056 monasterium
1495 1022 1601 1057 Sancti
1626 1024 1792 1061 Bartholo-

1043 1069 1120 1102 maei
1149 1082 1219 1104 cum
1248 1071 1378 1105 ecclesia
1401 1070 1534 1106 Sanctae
1557 1073 1683 1113 Mariae,
1711 1087 1791 1122 quae

1042 1126 1087 1152 est
1111 1118 1140 1152 in
1166 1119 1282 1165 But-go,
1305 1128 1333 1154 et
1348 1120 1478 1156 ecclesia
1507 1122 1641 1157 Sanctae
1663 1123 1790 1166 Mariae,

1042 1180 1121 1213 qnae
1144 1177 1188 1203 est
1214 1178 1298 1204 extra
1328 1177 1460 1215 portam,
1488 1171 1651 1206 ecclesiam
1682 1172 1789 1209 Sancti

1043 1216 1271 1252 bartholomaei
1305 1219 1342 1252 <le
1366 1218 1532 1260 Travallio,
1567 1221 1731 1256 ecclesiam
1754 1223 1788 1258 S.

1044 1265 1190 1301 Domniui
1215 1267 1252 1302 dc
1272 1267 1400 1314 Impolis
1412 1281 1482 1303 cum
1498 1276 1586 1304 curte
1601 1278 1631 1305 et
1644 1272 1790 1307 omnibus

1041 1316 1106 1349 suis
1130 1317 1343 1362 pertinentiis,
1378 1318 1542 1353 ecclesiam
1564 1318 1699 1355 Sanctae
1723 1321 1790 1355 Ma-

1042 1365 1103 1399 riae
1125 1365 1164 1399 de
1186 1366 1366 1412 Cupie-iano,
1389 1367 1552 1402 ecclesiam
1576 1368 1610 1403 S.
1628 1369 1791 1406 Michaelis

1041 1414 1079 1448 de
1104 1414 1192 1449 Valle
1219 1415 1360 1450 Nebulae
1394 1427 1464 1451 cum
1500 1418 1646 1453 omnibus
1680 1431 1788 1455 earum

1041 1464 1238 1510 pertinentiis
1282 1465 1428 1500 Decimas
1455 1478 1600 1513 quoque,
1635 1480 1650 1502 a
1674 1469 1790 1504 discre-

1042 1513 1124 1547 tione
1138 1513 1354 1548 Parmensium
1367 1515 1588 1562 episcoporum
1601 1519 1788 1553 monasterio

1041 1570 1142 1596 vestro
1164 1574 1347 1603 concessas,
1375 1564 1464 1598 vobis
1486 1566 1694 1602 nihilominus
1719 1580 1786 1603 con-

1042 1612 1212 1646 firmamus.
1240 1612 1324 1647 Sane
1348 1612 1386 1648 de
1408 1613 1587 1658 laboribus,
1620 1628 1700 1662 quos
1723 1630 1788 1664 pro-

1042 1661 1118 1707 priis
1141 1661 1286 1696 manibus
1310 1670 1363 1696 ant
1384 1664 1564 1710 sumptibus
1585 1665 1700 1711 colitis,
1734 1679 1788 1702 seu

1040 1709 1078 1745 de
1101 1711 1302 1746 nutrimentis
1335 1720 1508 1747 vestrorum
1536 1713 1739 1756 animalium,
1772 1729 1789 1752 a

1040 1759 1129 1794 vobis
1155 1760 1294 1796 decimas
1320 1760 1402 1808 exigi
1433 1762 1647 1809 prohibemus.
1683 1764 1790 1807 Quae-

1040 1821 1177 1856 cumque
1196 1822 1268 1845 vero
1282 1810 1378 1845 libera
1398 1823 1532 1858 persona
1547 1812 1583 1847 ad
1604 1825 1658 1848 vos
1673 1815 1789 1860 venire,

1040 1866 1070 1893 et
1093 1859 1254 1905 religionis
1279 1859 1421 1895 habitum
1445 1861 1606 1909 suscipere
1640 1864 1789 1905 voluerit,

1040 1908 1197 1943 licentiam
1213 1909 1241 1943 ei
1259 1909 1474 1945 concedimus.
1499 1910 1700 1958 Sepulturam
1717 1926 1789 1960 quo-

1040 1969 1102 2004 que
1125 1958 1224 2004 ipsius
1250 1957 1310 1993 loci
1335 1959 1463 1994 liberam
1486 1971 1554 1994 esse
1573 1962 1788 2007 concedimus,

1041 2015 1073 2040 ut
1088 2007 1280 2054 quicumque
1297 2020 1331 2042 se
1347 2007 1411 2043 illic
1432 2010 1559 2056 sepeliri
1581 2010 1788 2053 decreverint,

1041 2056 1100 2090 nisi
1129 2056 1207 2091 forte
1228 2058 1492 2092 excommunicati
1525 2058 1650 2103 fuerint,
1679 2073 1787 2095 eornm

1041 2105 1221 2150 devotioni,
1253 2114 1283 2140 et
1310 2114 1467 2141 extremae
1495 2108 1646 2143 voluntati
1684 2110 1789 2145 nullus

1041 2154 1185 2189 obsistat:
1214 2155 1298 2189 salvo
1323 2163 1425 2190 tamen
1458 2156 1525 2191 iure
1559 2158 1699 2193 matricis
1726 2159 1789 2194 Ec-

1041 2203 1164 2238 clesiae.
1185 2203 1258 2238 Dect
1272 2205 1396 2239 snmus
1413 2217 1499 2252 ergo,
1519 2214 1553 2240 ut
1570 2208 1643 2241 nulli
1659 2209 1789 2244 omnino

1042 2252 1205 2287 hominum
1234 2253 1334 2297 liceat,
1370 2253 1451 2289 idem
1481 2256 1707 2291 monasterinm
1741 2266 1789 2292 te-

1042 2314 1126 2336 mere
1154 2302 1347 2348 perturbare,
1382 2311 1434 2337 aut
1468 2304 1536 2338 eius
1571 2306 1789 2352 possessiones

1041 2350 1173 2391 auferre,
1197 2351 1242 2386 vel
1261 2351 1380 2387 ablatas
1398 2352 1543 2394 retinere,
1564 2355 1718 2395 minnere,
1742 2357 1788 2391 vel

1042 2400 1214 2435 temerariis
1243 2401 1458 2437 vexationibus
1485 2402 1630 2449 fatigare,
1653 2405 1707 2438 scd
1726 2418 1790 2440 om-

1043 2450 1092 2484 nia
1113 2450 1231 2496 integra
1245 2459 1481 2493 conserventur,
1501 2464 1622 2494 eorum,
1647 2467 1700 2500 pro
1716 2468 1791 2501 qno-

1043 2511 1111 2532 rum
1138 2499 1366 2545 gubernatione
1393 2508 1423 2535 et
1449 2501 1698 2537 substentatione
1718 2517 1791 2538 con-

1041 2559 1126 2582 cessa
1154 2556 1237 2590 sunt,
1262 2549 1368 2583 usibus
1394 2551 1584 2585 omnimodis
1613 2552 1787 2598 profutura:

1041 2597 1123 2632 salva
1142 2598 1317 2633 dioecesani
1337 2599 1475 2647 episcopi
1495 2601 1643 2636 canonica
1659 2602 1788 2648 institia,

1809 229 1856 257 An.
1876 230 1905 258 C.
1926 231 1991 258 tl't't

1817 1481 1832 1501 A
1847 1482 1973 1502 demnatum

1811 1515 1914 1534 solutione
1932 1520 1953 1531 ι’(

1804 1546 1872 1567 mitur,
1883 1550 1991 1570 propriis>-

1804 1581 1843 1602 [μισ
1863 1576 1883 1595 ei
1908 1581 1989 1595 consu»

1804 1607 1887 1627 duntur⁴

1816 1922 1948 1949 Sepulturam
1966 1929 1986 1943 in

1811 1954 1884 1974 codem
1901 1959 1982 1974 coeno-

1804 1985 1837 2004 bio
1853 1986 1948 2011 cuiquam
1965 1985 1989 2005 li-

1804 2016 1874 2036 ber-im
1887 2015 1931 2036 tore
1948 2017 1988 2035 de-

1803 2046 1868 2066 clarat
1883 2045 1987 2069 Pontum

1817 2172 1878 2192 Salvo
1889 2173 1932 2192 iuie
1943 2179 1989 2192 ma-

1804 2204 1863 2223 tricis
1871 2202 1987 2224 Ecclesiae.
