2180 3205
189 219 238 246 An.
256 218 283 244 C.
305 219 371 246 ¹2³9
435 221 506 254 808
975 227 1161 250 nummum

707 280 821 317 XCVI.

385 354 575 388 Monasterio
608 354 718 388 Sancti
738 352 876 386 Nazarii
907 351 1138 385 Lunrishamen.

436 404 601 440 dioecesis,
637 403 720 446 qnod
754 402 809 435 sub
838 402 1023 445 protectione
1049 401 1139 434 Sedis

434 453 544 496 Apost.
565 452 747 495 suscipitur,
782 452 863 484 bona
893 450 999 484 omnia
1026 450 1140 491 confir-

434 508 572 543 mantur,
606 501 816 544 nonnullaque
845 500 1049 533 conceduntur
1076 499 1141 544 pri-

436 551 547 594 vilegia
566 553 620 593 (l).

655 622 870 653 SUMMARIUM

387 689 556 720 Exordium.
575 706 615 712 —-
631 689 752 719 Monast.
776 689 832 718 sub
852 688 938 718 Sedis
956 687 1141 726 Apostolicae
1162 698 1163 701 ¹

429 735 609 773 protectione
626 732 1068 772 suscipitPP.—Disciplinam
1082 741 1143 761 mo-

429 779 573 808 nasticam
586 777 793 807 inviolabiliter
803 776 954 806 observari
967 777 1093 806 mandat.
1104 793 1142 798 —
1162 780 1164 804 ἱ

429 823 531 854 Eidem
543 823 619 853 bona
633 822 729 851 omniu
749 821 912 850 confirmat.
927 837 966 842 —
978 820 999 849 A
1013 820 1143 849 decima·
1162 806 1165 845 i

429 877 494 898 rum
513 868 671 903 solutione,
693 883 732 888 -
752 865 787 895 Et
808 865 844 895 ab
869 865 1025 895 interdicto
1050 873 1142 903 gene-

430 913 483 942 rali
500 911 609 941 eximit.
621 909 861 949 —Sepulturam
878 909 919 939 ibi
936 908 1059 938 liberam
1077 918 1143 938 esse

431 956 574 986 decernit.
586 955 741 993 —Aliqua
756 955 907 993 privilegia
924 953 1052 992 benigne
1070 953 1145 982 elar-

432 1002 521 1039 gitur.
538 1017 577 1021 —
595 999 718 1029 Abbatis
735 999 910 1028 electionem
929 999 964 1027 ad
984 997 1144 1027 monachos
1166 1007 1167 1029 ς

432 1049 565 1084 spectare
598 1043 709 1073 definit.
745 1060 784 1065 —
812 1042 967 1072 Decretum
1001 1041 1144 1071 immuni-

432 1090 498 1119 tatis
517 1088 552 1118 ab
569 1087 649 1117 omni
667 1086 861 1122 molestia;—
873 1085 943 1115 Cum
960 1086 1056 1115 solitis
1073 1095 1146 1124 poe-

432 1133 550 1164 nalibus
577 1131 834 1161 conclusionibus.
853 1147 891 1152 —
912 1130 1070 1159 Alexandri
1093 1129 1147 1160 ΡΙ).
1166 1139 1169 1154 ι

433 1183 459 1207 et
477 1177 506 1207 S.
525 1177 559 1206 R.
576 1176 654 1206 Eccl.
673 1175 869 1205 cardinalium
899 1174 1145 1214 subscriptiones.
1166 1156 1170 1222 1

392 1243 543 1272 Alexander
563 1243 703 1278 episcopus
723 1249 818 1271 servus
835 1248 974 1271 serverum
996 1241 1057 1274 Ilei,
1082 1241 1148 1270 dile·

438 1294 483 1321 cto
499 1292 554 1320 filio
573 1291 719 1327 sigehardo
755 1290 847 1319 abbati
869 1289 1033 1318 monasterii
1059 1290 1150 1320 sancti

438 1341 548 1369 Nazarii
566 1340 795 1374 Laurishamensi‚
815 1340 928 1376 eiusque
938 1339 1074 1369 fratribus
1090 1341 1150 1368 tam

438 1389 627 1425 praesentibus
647 1396 727 1425 quam
754 1389 861 1418 futuris
879 1389 1034 1425 regularem
1063 1389 1151 1418 vitam

439 1439 584 1475 professis,
601 1439 629 1467 in
643 1439 817 1475 perpetuum.

445 1503 602 1544 Quotiens
628 1502 704 1536 illud
734 1515 751 1537 a
782 1502 875 1537 nobis
897 1502 1027 1550 petitur,
1065 1503 1150 1550 quod

237 1557 356 1578 Exordium
398 1551 542 1598 religioni
564 1560 594 1586 et
620 1551 778 1586 honestati
801 1552 972 1587 convenire
993 1552 1152 1599 dignosci-

399 1610 460 1642 tur,
484 1602 588 1635 animo
617 1613 674 1635 nos
707 1601 797 1635 decet
824 1601 932 1635 libenti
960 1601 1151 1646 concedere,

399 1659 429 1684 et
457 1650 632 1697 petentium
668 1650 834 1685 desideriis
866 1662 1044 1697 congruum
1084 1651 1153 1685 suf-

399 1700 533 1745 fragium
568 1699 732 1746 impertiri.
761 1699 955 1746 Eapropter,
991 1699 1096 1734 dilecti
1120 1700 1153 1734 in

203 1744 390 1803 silisssaiifiosiiiiff
402 1748 540 1783 Domino
556 1748 621 1789 filii,
646 1749 755 1783 vestris
775 1749 866 1783 iustis
888 1748 1154 1795 postulationibus

205 1798 575 1848 egumenumclementer
606 1799 788 1837 annuimus,
824 1806 854 1832 et
876 1797 1049 1845 praefatum
1086 1810 1155 1832 mo-

205 1837 347 1864 ²¹¹²²¹⁹¹²PR
403 1848 586 1887 naslerium,
614 1847 645 1881 in
676 1859 739 1894 quo
766 1846 872 1882 divino
899 1847 973 1881 estis
1001 1847 1154 1894 obsequio

403 1896 586 1943 mancipati,
607 1896 668 1930 sub
690 1896 771 1930 beati
793 1895 879 1930 Petri
901 1904 931 1931 et
959 1905 1063 1930 nostra
1087 1908 1157 1943 pro-

403 1946 541 1980 tectione
567 1945 772 1992 suscipimus,
800 1953 831 1980 et
852 1946 1027 1992 praesentis
1045 1946 1154 1992 scripti

406 1995 570 2042 privilegio
591 1995 844 2035 communimus3
872 1995 904 2029 in
927 1995 1039 2041 primis
1060 1995 1158 2041 siqui-

209 2043 394 2095 mffifflipcfla‘ffln·
405 2044 477 2078 dem
504 2052 690 2085 statuentes,
719 2051 752 2078 ut
773 2043 851 2078 ordo
873 2044 1078 2085 monasticus,
1101 2044 1155 2090 qui

210 2092 336 2140 vioialirlner
354 2104 394 2124 ob·
406 2093 583 2128 secundum
606 2093 663 2128 Dei
679 2094 823 2127 timorem
846 2101 877 2127 et
895 2092 976 2127 beati
992 2092 1155 2127 Benedicti

210 2142 290 2156 ‘mm
301 2136 392 2156 ⁰³⁴¹¹¹d³¹³
407 2142 548 2188 regulam
577 2143 608 2176 in
645 2150 746 2177 vestro
773 2142 966 2176 monasterio
994 2142 1159 2176 institutus

407 2204 476 2226 csse
503 2191 719 2238 dignoscitur,
755 2191 915 2239 perpetuis
936 2191 1053 2226 ibidem
1076 2199 1159 2225 tem-

408 2241 540 2287 poribus
577 2240 799 2276 inviolabiliter
833 2240 1026 2275 observetur.
1063 2240 1160 2275 Prae-

409 2297 492 2325 terea
509 2302 727 2338 quascumque
747 2290 975 2337 possessiones,
993 2301 1162 2336 quaecum-

409 2351 469 2386 que
497 2339 579 2374 bona
601 2340 684 2375 idem
714 2340 938 2374 monasterium
965 2339 1161 2386 impraesen-

411 2390 522 2423 tiarum
546 2398 624 2424 iuste
645 2397 675 2424 et
697 2389 848 2424 canonice
871 2388 1026 2435 possidet,
1053 2395 1107 2422 aut
1128 2388 1159 2421 in

409 2436 548 2472 futurum
584 2440 791 2473 concessione
828 2437 1039 2478 Pontificum,
1069 2437 1162 2483 largi-

411 2487 495 2521 tione
522 2499 649 2534 regum,
688 2489 735 2522 vel
768 2487 966 2535 principum,
1003 2485 1162 2520 oblatione

412 2536 570 2581 fidolium,
605 2549 662 2571 seu
688 2538 758 2571 aliis
786 2538 877 2571 iustis
917 2534 1030 2580 modis,
1069 2546 1163 2582 prae-

448 2602 487 2637 (l)
504 2601 589 2629 Edidit
610 2602 750 2635 Fretoerus,
768 2606 839 2637 «ἤιξ’.
858 2602 980 2633 Palatin.,
996 2609 1054 2636 pag.
1072 2600 1133 2627 185.

225 2288 295 2308 Eidem
341 2287 396 2308 bona

213 2324 282 2337 ninnin
315 2319 395 2339 conlit-

213 2354 261 2369 mat.

1160 609 1162 614 ,
1181 573 1261 617 suis,
1282 581 1371 607 vetus
1394 571 1619 606 monasterium
1641 583 1713 606 cum
1733 570 1934 617 pertinentiis

1160 622 1162 629 '
1182 623 1260 663 suis,
1282 621 1435 669 capellani
1450 633 1522 655 cum
1538 619 1736 667 pertinentiis
1750 619 1826 654 suis.
1848 618 1933 653 Sane

1166 1036 1167 1046 2
1187 1015 1328 1054 sionem,
1363 1023 1393 1049 et
1425 1013 1456 1048 in
1480 1021 1582 1048 vestro
1604 1011 1795 1047 monasterio
1821 1011 1940 1057 absque

1168 1309 1354 1355 :religionis
1391 1307 1573 1348 discedere;
1611 1307 1825 1342 discedentem
1868 1317 1941 1340 vero

1191 226 1354 249 nonaxon
1943 223 1992 248 An.
2011 220 2038 248 C.
2060 221 2128 248 ¹¹79

1181 287 1282 314 stante
1317 278 1472 322 Domino,
1505 278 1618 324 poterit
1653 277 1803 324 adipisci,
1843 277 1931 311 firma

1181 328 1272 363 vobis
1293 327 1467 374 vestrisque
1499 326 1738 361 successoribus
1763 334 1793 361 et
1815 325 1930 361 illibata

1181 384 1401 424 permaneant:
1429 376 1462 410 in
1484 375 1601 422 quibus
1622 375 1700 409 haec
1722 375 1858 422 propriis
1871 374 1932 409 du-

1181 426 1286 460 ximus
1312 424 1516 472 exprimenda
1544 423 1721 459 vocabulis:
1756 423 1860 458 locum
1883 423 1933 470 ip-

1181 487 1250 510 sum
1265 502 1273 515 ,
1300 475 1331 509 in
1354 485 1418 521 quo
1452 473 1680 521 praescriptum
1704 472 1931 507 monasterium

1181 531 1400 559 constructum
1415 531 1462 558 est
1479 535 1554 557 cum
1569 521 1718 557 omnibus
1735 521 1933 568 pertinentiis

1184 671 1340 706 novalium
1378 678 1571 709 vestrorum,
1598 681 1678 716 quae
1705 668 1840 715 propriis
1866 679 1934 702 ma-

1184 720 1278 754 nibus
1298 727 1352 754 aut
1378 719 1558 766 sumptibus
1580 718 1698 756 colitis,
1725 717 1790 752 sive
1811 717 1850 751 de
1871 729 1934 750 nu-

1185 769 1342 804 trimentis
1378 776 1552 803 vestrorum
1586 766 1789 810 animalium,
1828 765 1935 800 nullus

1184 819 1316 853 omnino
1347 830 1364 852 a
1396 817 1485 852 vobis
1523 816 1663 851 decimas
1700 815 1747 850 vel
1782 814 1936 862 primitias

1185 867 1310 914 exigere
1334 874 1522 914 praesumat.
1549 865 1658 900 Liceat
1679 876 1808 912 quoque
1829 863 1936 905 vobis,

1186 917 1316 951 clericos
1343 923 1372 951 et
1393 915 1490 950 laicos
1515 927 1532 950 e
1563 914 1690 950 saeculo
1717 913 1873 959 fugientes
1897 912 1938 946 li-

1188 966 1279 1000 beros
1305 973 1335 1000 et
1368 965 1531 999 absolutos
1565 964 1704 1010 recipere
1730 963 1770 997 ad
1803 973 1939 997 conver-

1959 679 1976 700 Δ
2004 678 2136 703 deciman-'2

1947 709 2053 731 solutione
2060 725 2066 737 ,
2134 708 2137 709 ⁷

1188 1063 1439 1098 contradictione
1474 1062 1615 1109 qualibet
1649 1062 1794 1096 retinere.
1821 1059 1940 1095 Prohi-

1189 1113 1302 1148 bemus
1328 1113 1472 1159 insuper,
1496 1119 1529 1146 ut
1554 1110 1632 1146 nulli
1658 1110 1789 1145 fratrum
1812 1116 1941 1144 vestro-

1190 1175 1259 1197 rum
1289 1170 1358 1208 post
1388 1161 1501 1196 factam
1528 1161 1561 1195 in
1589 1161 1657 1195 loco
1691 1167 1795 1194 vestro
1817 1157 1942 1206 profes-

1189 1212 1312 1246 sionem
1335 1210 1381 1245 sas
1407 1210 1464 1251 sit,
1499 1209 1539 1244 de
1572 1209 1683 1244 eodem
1716 1208 1788 1243 loco
1821 1207 1941 1254 absque

1190 1260 1316 1295 licentia
1344 1259 1464 1294 abbatis
1489 1259 1538 1293 sui
1561 1258 1622 1293 nisi
1645 1258 1776 1293 obtentu
1797 1256 1941 1292 arctioris

1191 1359 1261 1393 sine
1282 1357 1444 1393 communi
1466 1357 1628 1392 literarum
1659 1364 1833 1391 vestrarum
1863 1355 1943 1389 ca'u-

1192 1408 1278 1442 tione
1300 1406 1407 1442 nullus
1428 1406 1542 1441 audeat
1565 1406 1710 1440 retinere.
1732 1404 1815 1439 Cum
1834 1411 1940 1438 autem

1192 1456 1338 1503 generale
1358 1455 1561 1490 interdictum
1584 1462 1684 1490 terrae
1717 1453 1823 1497 fuerit,
1848 1452 1941 1488 liceat

1193 1505 1293 1546 vobis,
1315 1505 1431 1540 clausis
1456 1504 1571 1544 ianuis,
1604 1515 1667 1538 non
1700 1502 1832 1550 pulsatis
1853 1513 1942 1537 cam-

1192 1555 1295 1602 panis,
1316 1553 1451 1589 exclusis
1475 1552 1650 1588 interdictis
1670 1560 1701 1587 et
1721 1551 1942 1586 excommuni-

1961 1458 1987 1480 Bt
1993 1459 2018 1480 ab
2024 1459 2141 1481 interdicto

1954 1489 2050 1517 generati
2059 1489 2139 1512 exi-it.

1171 1631 1175 1650 :
1193 1604 1287 1648 catis,
1315 1614 1486 1651 suppressa
1508 1613 1585 1637 voce
1610 1601 1711 1636 officia
1732 1600 1835 1635 divina
1857 1599 1943 1635 cele-

1171 1664 1175 1700 2
1193 1653 1294 1688 brare.
1325 1652 1527 1699 Sepulturam
1550 1662 1679 1698 quoque
1700 1649 1799 1698 ipsius
1824 1649 1885 1684 loci
1903 1648 1944 1683 li-
1968 1655 2144 1684 Sepultura-nin

1194 1702 1302 1737 beram
1329 1713 1398 1737 esse
1419 1700 1638 1743 concedimus,
1661 1707 1696 1733 ut
1716 1710 1824 1734 eorum
1847 1687 2144 1740 ᾶθνο-ῗξξζῗωεω

1195 1751 1286 1794 tioni,
1308 1758 1338 1785 et
1364 1759 1522 1784 extremae
1549 1748 1712 1792 voluntati,
1738 1747 1793 1794 qui
1816 1759 1850 1782 se
1883 1747 1946 1782 illic

1196 1800 1321 1846 sepeliri
1350 1798 1605 1842 deliberaverint,
1632 1797 1692 1832 nisi
1714 1797 1792 1831 sorte
1818 1808 1948 1831 excom-

1198 1849 1347 1884 municati
1372 1849 1418 1883 vel
1441 1847 1598 1882 interdicti
1630 1847 1704 1890 sint,
1730 1845 1838 1880 nullus
1859 1845 1947 1880 obsi-

1197 1906 1273 1933 stat:
1303 1898 1385 1932 salva
1417 1905 1521 1932 tamen
1548 1896 1663 1931 iustitia
1691 1895 1812 1930 illarum
1835 1894 1948 1929 Eccle-

1197 1948 1327 1991 siarum,
1353 1959 1369 1981 a
1388 1945 1504 1993 quibus
1525 1953 1723 1980 mortuorum
1744 1955 1876 1991 corpora
1897 1955 1948 1978 as-

1198 2004 1378 2031 sumuntur.
1405 1995 1455 2030 Ad
1481 1995 1557 2029 liaec
1580 1994 1668 2029 vobis
1690 2006 1729 2028 ex
1756 1993 1948 2038 benignitate

1199 2045 1291 2080 Sedis
1328 2044 1528 2091 Apostolicae
1562 2043 1784 2089 indulgemus,
1819 2049 1854 2076 ut
1879 2042 1948 2077 sine

1199 2095 1315 2129 damno
1341 2094 1515 2128 vicinarum
1548 2092 1762 2127 Ecclesiarum
1797 2091 1892 2126 cellas
1918 2091 1948 2126 in

1199 2144 1278 2178 locis
1293 2144 1417 2183 vestris,
1435 2142 1484 2177 vel
1504 2141 1639 2177 oratoria
1657 2139 1861 2176 construendi
1875 2151 1949 2175 cum

1201 2205 1330 2228 assensu
1355 2191 1535 2227 dioecesani
1557 2191 1698 2238 episcopi
1720 2189 1879 2238 licentiam
1897 2189 1952 2224 ha-

1202 2242 1311 2277 beatis.
1338 2240 1550 2276 Proliibemus
1576 2241 1727 2286 insuper,
1760 2251 1799 2274 ne
1821 2246 1877 2279 tu,
1907 2237 1950 2272 fili

1201 2291 1309 2335 abbas,
1337 2290 1385 2326 vel
1406 2289 1498 2330 alius,
1533 2290 1766 2336 possessiones,
1800 2287 1950 2328 decimas,

1202 2341 1404 2384 oblationes,
1431 2351 1488 2374 seu
1518 2339 1577 2373 alia
1603 2338 1684 2373 bona
1711 2337 1812 2384 ipsius
1838 2348 1951 2371 mona-

1203 2390 1288 2424 sterii
1302 2390 1340 2424 ad
1356 2400 1496 2424 mensam
1518 2387 1651 2428 abbatis,
1673 2387 1738 2422 sive
1753 2386 1789 2421 ad
1807 2385 1951 2420 victualia
1978 2393 2053 2429 Atina·
2079 2392 2150 2428 »tivi—J

1204 2439 1352 2479 fratrum,
1387 2437 1521 2472 iustitias
1547 2436 1812 2475 obedientiarum,
1839 2443 1892 2469 aut
1912 2434 1950 2470 ad
1964 2424 2150 2480 ¹2¹}{‡}„„',',‘”'‘'3

1205 2488 1438 2535 praeposituras
1469 2486 1679 2534 pertinentia,
1719 2484 1951 2528 inbeneficare,

1204 2537 1352 2577 vendere,
1375 2537 1498 2574 locare,
1524 2535 1572 2570 vel
1598 2535 1659 2570 alio
1690 2533 1784 2568 modo
1810 2532 1952 2580 quolibet

1205 2587 1274 2622 sine
1295 2585 1454 2622 communi
1478 2585 1607 2620 fratrum
1629 2595 1785 2620 consensu
1821 2583 1866 2617 vel
1890 2593 1953 2616 ma·
