2180 3205
234 271 281 296 An.
301 272 328 296 C.
350 272 415 297 1170

535 262 547 282 )

483 268 548 294 10⁹-

429 326 600 359 Yerulanae
621 324 762 362 civitatis,
794 323 958 358 ecclesiam
994 323 1026 358 S.
1054 323 1166 370 Angeli

429 376 457 408 in
482 382 586 407 inante
608 374 645 407 tle
667 373 820 412 Corneto,
848 373 1012 409 ecclesiam
1044 372 1077 408 S.
1097 372 1168 407 Sal-

428 424 539 457 valoris
565 431 593 456 vt
621 422 784 456 ecclesiam
821 421 953 456 Sanctae
987 422 1102 457 Mariae
1129 422 1168 456 de

426 471 611 517 Regitur-nio
634 472 662 505 in
692 471 846 506 territorio
869 472 984 506 Montis
1013 472 1046 506 S.
1074 471 1168 506 Ioan-

427 522 485 560 nis,
508 521 669 563 ecclesiam
703 520 737 555 S.
768 520 886 555 Nic-olai
914 521 944 555 in
967 531 1068 556 castro
1099 522 1166 556 Βη-

427 570 517 611 lmci,
547 570 710 605 ecclesiam
744 571 778 604 S.
800 570 927 605 Ioannis
947 578 978 605 et
1003 571 1166 605 ecclesiam

425 620 458 653 S.
478 619 618 654 Silvestri
637 632 707 653 cum
729 619 948 665 amphiteatro,
970 620 1054 667 quod
1076 620 1168 666 vulgo

424 670 654 716 Apperitiatnm
684 669 816 707 dicitur,
843 670 872 703 in
908 671 1060 708 territorio
1087 669 1168 704 Fru-

424 719 582 753 sinonensi
611 718 772 752 ecelesiam
795 718 829 752 S.
857 719 985 759 Crucis,
1018 719 1047 752 in
1077 720 1169 754 terri-

424 769 502 802 torio
535 768 713 813 Anagnino,
747 768 910 802 ecclesiam
938 768 972 802 S.
1009 768 1166 803 Vincentii

425 819 506 851 iuxta
529 826 664 852 castrum
700 817 812 851 Morrei
841 818 870 851 in
895 817 972 851 valle
998 818 1167 858 Orbetana,

423 877 452 901 et
474 867 640 901 ecclesiam
662 866 697 900 S.
719 867 824 901 Manui
847 867 930 901 iuxta
958 876 1093 901 castrum
1113 868 1166 902 Ca-

424 917 494 951 stnli
519 917 548 950 in
578 916 729 950 territorio
751 916 937 957 marsicano,
964 928 1035 951 cum
1063 918 1167 951 omni-

424 965 484 1000 bus
520 965 766 1013 supradictarum
801 965 1004 1000 ecclesiarum
1043 979 1168 1014 perma-

426 1016 549 1058 nentiis,
577 1015 753 1049 nmlendina
781 1015 817 1049 ad
845 1015 1022 1060 Arinulam,
1049 1024 1080 1051 et
1105 1017 1167 1056 ilia,

425 1078 503 1112 quae
526 1065 646 1099 liabetis
668 1065 696 1098 in
726 1065 880 1099 territorio
906 1064 1084 1106 Castrensi;
1112 1079 1168 1101 ru-

426 1115 520 1150 sticos
541 1117 645 1153 etiam,
672 1122 701 1148 et
725 1114 940 1153 haereditates,
963 1127 1039 1162 quas
1054 1116 1082 1150 in
1097 1117 1169 1150 civi-

427 1173 487 1199 tat(¹
510 1163 675 1201 Verulana.
698 1172 728 1198 ct
748 1172 849 1198 castro
870 1164 1001 1208 Baliuei,
1028 1178 1062 1199 ac
1078 1179 1169 1200 mon-

427 1215 466 1248 tis
489 1214 521 1249 S.
550 1213 675 1248 loannis
695 1214 798 1261 quiete
821 1214 970 1248 hactenus
991 1216 1168 1260 possedisse

429 1264 588 1299 videmini.
616 1263 736 1298 l’ascua
763 1271 793 1297 et
827 1276 917 1297 usum
955 1264 1108 1307 sylvarum
1137 1266 1166 1300 in

328 1308 413 1353 ''¹¹,ff‘j
427 1322 490 1348 toto
513 1313 668 1349 territorio
689 1313 862 1355 Castrensi,
888 1322 918 1347 et
935 1304 1166 1360 Montis-Nigri,

342 1372 367 1416 1¹:
381 1366 411 1415 τ’
426 1376 536 1409 pascua
566 1373 595 1397 el
631 1376 721 1396 USUUI
757 1363 912 1409 sylval'ssss]
947 1371 976 1397 Ol.
999 1372 1092 1398 [ΟῘὶΙΙΠ
1115 1377 1168 1398 Css·

404 1412 612 1448 'stcllatnram
646 1413 745 1458 ipsius
772 1412 1006 1458 Montis—Nigri,
1033 1423 1063 1448 et
1090 1414 1167 1448 ultra

245 2451 395 2470 nonasterium

228 2481 409 2507 sotiApnstotime

226 2514 275 2533 Seni
293 2512 408 2532 subiectum

227 2552 239 2564 a
254 2544 311 2563 nullo
330 2542 408 2563 turbari

422 1476 529 1498 muros
553 1463 746 1497 adiacentem
777 1470 903 1495 centum
930 1474 1051 1508 passus,
1088 1463 1167 1498 sicut

422 1513 495 1547 inde
517 1511 680 1548 descendit
698 1511 736 1545 ab
760 1519 889 1557 utraque
913 1520 998 1557 parte
1022 1513 1050 1545 in
1069 1513 1166 1547 rivum

420 1570 449 1596 ct
465 1563 597 1597 circuitu
617 1573 723 1595 versus
738 1560 941 1607 Aquilonem,
964 1561 1065 1606 ipsum
1085 1575 1166 1608 prae-

420 1611 562 1658 cipitium
587 1611 722 1654 montis,
757 1618 787 1644 et
813 1617 928 1644 terrain
958 1611 987 1644 iu
1011 1612 1167 1646 territorio

421 1662 588 1707 supradicti
626 1661 758 1699 montis,
792 1668 943 1706 quantum
971 1660 1034 1694 duo
1068 1671 1166 1696 aratra

421 1711 577 1745 sulliciunt
592 1709 748 1743 laborare:
766 1709 931 1743 ecclesiam
945 1708 978 1743 S.
992 1710 1166 1750 Benedicti,

421 1773 491 1794 cnm
515 1759 663 1794 omnibns
688 1759 883 1805 pertinentiis
905 1758 990 1798 suis,
1015 1767 1044 1794 et
1065 1760 1168 1794 cccle-

422 1809 498 1843 siam
515 1810 548 1845 S.
577 1809 687 1854 Angcli
712 1807 750 1842 de
772 1807 926 1843 Mcruleto
947 1820 1020 1842 cum
1039 1809 1168 1855 capellis

422 1868 452 1893 et
481 1859 676 1903 pertinentiis
709 1858 786 1900 suis,
824 1870 903 1904 quae
935 1858 1040 1893 omnia
1069 1859 1168 1894 felicis

423 1921 592 1944 memoriae
628 1917 714 1955 pater
747 1915 777 1942 et
812 1907 1036 1954 praedecessor
1063 1916 1168 1943 noster

423 1957 585 1999 fingenius
605 1959 687 2004 Papa
710 1956 799 1991 robis
821 1957 849 1990 in
869 1956 1029 1992 Ecclesiae
1051 1967 1169 1993 vestrae

423 2007 619 2042 dedicatione
655 2007 822 2049 concessit,
858 2015 888 2040 et
921 2007 1107 2042 Anastasius
1138 2017 1169 2043 et

423 2056 571 2092 Hadrian.
602 2058 693 2092 Rom.
731 2055 899 2090 Pontifices
920 2068 978 2091 suo
1005 2056 1168 2103 privilegio

424 2106 626 2147 roborarunt,
654 2105 742 2140 robis
770 2105 941 2152 vestrisque
974 2108 1168 2142 successori-

424 2156 481 2190 bus
509 2157 714 2191 nibilominus
741 2155 976 2190 confirmamus.
1011 2155 1169 2191 Concam-

425 2205 510 2239 liium
538 2218 677 2253 qnoque,
707 2204 790 2251 quod
813 2217 884 2239 cum
918 2204 1076 2240 Verulano
1097 2207 1168 2253 epi-

385 2267 542 2302 ·7scopo,
577 2265 607 2290 et
640 2254 798 2290 canonicis
832 2253 864 2288 S.
900 2253 1039 2299 Erasnii,
1076 2265 1168 2303 atque

423 2304 580 2349 quondam
604 2304 757 2351 Gregorio
779 2303 909 2339 custode
931 2305 1061 2345 castelli,
1083 2306 1167 2352 quod

423 2363 558 2389 castrum
582 2355 771 2397 nominatur,
799 2353 1022 2389 rationabiliter
1040 2354 1167 2395 fecistis,

424 2402 535 2437 suturis
557 2402 752 2451 temporibus
771 2403 989 2437 intiolabiliter
1010 2403 1167 2439 observari

425 2453 644 2500 praecipimus.
667 2453 842 2488 Statuimns
860 2462 1030 2499 praeterea,
1051 2463 1083 2489 ut
1100 2467 1168 2489 mo—

426 2503 592 2536 nasterium
615 2512 766 2543 instrum,
800 2502 882 2549 quod
905 2502 942 2535 ad
973 2503 1021 2537 ius
1043 2513 1072 2537 et
1095 2516 1168 2549 pro-

1001 269 1100 291 BULLA
1106 269 1187 292 tttUM
1215 269 1305 291 ROMA
1311 270 1327 292 N
1333 270 1376 292 tm

1205 322 1379 358 subiacere.
1402 323 1450 357 Ad
1466 324 1541 359 haec
1559 323 1756 359 advertentes
1773 323 1952 367 statuimus,

1207 382 1240 406 ut
1256 372 1330 406 nulli
1349 372 1585 420 archiepiscopo
1616 373 1664 408 vel
1690 374 1840 419 episcopo
1862 373 1950 408 liceat

1209 422 1380 467 praefatum
1417 424 1640 457 monasterium
1665 423 1863 459 interdicere.
1898 431 1951 457 aut

1208 471 1238 505 in
1266 483 1320 505 vos
1345 484 1442 518 asque
1468 473 1650 506 auctoritate
1676 471 1810 506 Romani
1835 471 1951 506 Ponti-

1209 521 1276 555 licis
1318 521 1474 556 interdic-ti
1517 521 1563 556 vel
1617 521 1951 556 excommunicationis

1208 570 1393 604 senteutiam
1412 571 1619 617 proniulgare.
1634 570 1846 605 Nihilominus
1857 571 1949 605 etiam

1208 619 1376 666 apostolica
1397 621 1578 655 auctoritate
1598 620 1812 667 proliibemuS,
1836 628 1868 654 ut
1886 620 1953 654 nul-

1210 676 1256 703 ·jus
1282 669 1454 716 quamlibet
1479 670 1642 704 ecclesiam
1669 669 1707 704 ad
1730 669 1811 704 idem
1840 681 1952 704 mona-

1208 719 1336 753 sterinm
1366 720 1585 765 pertinentem,
1611 731 1691 766 quae
1715 720 1864 766 populum
1889 732 1950 754 non

1208 768 1318 808 babet,
1341 768 1505 803 interdicto
1531 769 1688 803 subiicere
1709 769 1838 810 audeat;
1871 781 1952 815 quo-

1208 818 1322 857 minus,
1345 818 1369 852 si
1397 818 1467 865 quis
1495 818 1622 852 fratrum
1646 826 1818 853 vestrorum
1835 817 1950 852 ibidem

1207 880 1243 901 ex
1271 867 1440 902 devotione
1474 876 1598 902 cantare
1633 867 1786 911 voluerit,
1818 867 1952 903 exclusis

1207 917 1487 951 excninmunicatis
1521 925 1551 951 et
1578 917 1771 961 interdictis,
1805 917 1950 952 cantandi

1208 966 1336 1000 liberam
1365 966 1474 1000 lrabeat
1496 966 1683 1002 facultatem.
1706 966 1870 1002 Praeterea
1898 979 1951 1014 per

1207 1015 1321 1049 decreti
1356 1016 1448 1050 liuius
1471 1016 1615 1063 paginam
1639 1016 1788 1051 duximus
1809 1024 1952 1051 statuen-

1207 1065 1294 1105 dum,
1324 1074 1354 1099 nt
1376 1065 1484 1100 fratres
1507 1066 1596 1100 vestri
1619 1066 1648 1100 in
1667 1078 1868 1113 quocumque
1884 1066 1952 1101 loco

1209 1116 1299 1161 positi
1328 1115 1453 1158 suerint,
1475 1116 1515 1150 ab
1540 1116 1626 1149 omni
1652 1115 1818 1150 saecularis
1848 1128 1949 1150 servi-

1209 1165 1258 1206 tii,
1294 1173 1324 1199 et
1351 1165 1491 1205 actione,
1519 1174 1546 1199 et
1583 1164 1621 1199 ab
1653 1165 1738 1199 omni
1773 1166 1952 1211 gravamine

1209 1215 1385 1249 mundanae
1407 1215 1617 1261 oppressionis
1638 1215 1701 1249 sint
1723 1214 1810 1249 liberi
1838 1224 1867 1250 et
1890 1215 1950 1250 im-

1209 1276 1330 1298 munes.
1364 1264 1447 1298 Sane
1480 1264 1620 1298 laborum
1658 1272 1845 1305 vestrorum,
1872 1277 1953 1311 qnos

1209 1314 1342 1360 propriis
1377 1313 1521 1348 manibus
1547 1322 1599 1348 aut
1624 1313 1805 1360 sumptibus
1830 1314 1952 1356 colitis,

1207 1376 1262 1397 sen
1284 1363 1322 1397 de
1346 1364 1545 1397 nutrimentis
1567 1363 1749 1398 animalium
1767 1374 1953 1405 vestrorum,

1208 1412 1314 1446 nulius
1334 1426 1351 1447 a
1374 1413 1459 1447 robis
1488 1412 1626 1448 decimas
1657 1413 1781 1457 exigere
1817 1425 1952 1460 praesu—

1208 1471 1280 1496 mat.
1302 1462 1372 1496 Paci
1396 1475 1521 1509 quoque
1543 1471 1572 1497 et
1598 1462 1809 1509 tranquillitati
1835 1471 1953 1498 vestrae

1208 1520 1332 1558 paterna
1357 1512 1533 1558 provisione
1557 1511 1720 1558 providere
1734 1513 1884 1557 volentes,
1901 1525 1952 1548 au-

1207 1562 1349 1596 ctoritate
1382 1562 1552 1608 apostolica
1582 1561 1772 1605 inhibemus,
1808 1575 1847 1596 ne
1881 1564 1952 1609 quis

1208 1611 1358 1645 terminos
1396 1611 1435 1645 ab
1469 1611 1578 1646 eodem
1614 1618 1811 1646 antecessore
1846 1620 1952 1647 nostro

1206 1661 1287 1695 circa
1307 1661 1483 1695 monasterii
1505 1661 1595 1695 vestri
1614 1660 1766 1696 ambitum
1782 1661 1952 1703 institutos,

1207 1718 1237 1744 et
1260 1712 1330 1744 500
1353 1710 1452 1756 passis
1473 1710 1513 1744 ab
1534 1723 1570 1744 eo
1593 1710 1755 1754 distantes,
1777 1711 1952 1757 transgredi

1207 1759 1336 1794 audeat:
1366 1772 1423 1794 nec
1456 1760 1546 1799 infra,
1583 1759 1700 1794 furtum
1727 1768 1779 1794 aut
1815 1762 1953 1806 rapinam

1209 1808 1320 1848 facere,
1342 1809 1502 1844 hominem
1525 1821 1648 1855 capere,
1671 1809 1717 1844 vel
1739 1809 1873 1856 aliquam
1894 1811 1955 1845 rio-

1208 1858 1332 1893 lentiam
1360 1871 1516 1894 exercere.
1560 1858 1594 1893 Si
1627 1866 1729 1894 autem
1764 1858 1888 1904 fecerit,
1924 1868 1954 1894 et

1207 1908 1349 1943 secundo
1370 1909 1500 1944 tertiove
1518 1908 1742 1948 commonitus,
1764 1909 1955 1944 satisfactio—

1209 1970 1279 1992 nem
1307 1970 1479 2004 congruam
1517 1958 1666 1993 exhibere
1712 1959 1954 2005 contempserit,

1209 2015 1367 2054 tamquam
1389 2008 1559 2053 sacrilegus
1592 2007 1764 2049 iudicetur,
1795 2017 1826 2044 ct
1847 2009 1954 2043 distri·

1208 2057 1321 2091 ctionis
1341 2057 1570 2092 ecclesiasticae
1596 2057 1864 2093 animadversione
1886 2058 1955 2105 ple-

1208 2115 1319 2141 ctatur.
1354 2106 1500 2142 Clu-isma
1526 2119 1617 2146 vero,
1646 2106 1759 2141 Oleum
1794 2116 1952 2148 sanetum,

1208 2156 1460 2192 consecrationes
1485 2157 1640 2200 altarium,
1662 2169 1716 2191 seu
1741 2157 1952 2202 basilicarum,

1208 2206 1421 2241 ordinationes
1442 2207 1681 2245 monachorum,
1707 2207 1760 2252 qui
1787 2206 1826 2241 ad
1847 2219 1953 2241 sacros

1208 2255 1334 2290 ordines
1357 2255 1471 2290 fuerint
1494 2255 1709 2302 promovendi,
1731 2268 1746 2289 a
1766 2255 1953 2292 dioecesano

1207 2305 1387 2352 suscipietis
1408 2306 1568 2354 episcopo,
1590 2305 1614 2340 si
1634 2305 1762 2352 quidem
1781 2305 1953 2341 catholicus

1209 2354 1318 2393 suerit,
1346 2363 1375 2389 et
1410 2367 1443 2390 ca
1472 2355 1568 2401 gratis
1601 2363 1630 2389 ct
1657 2355 1776 2401 absque
1802 2356 1952 2402 pravitate

1207 2403 1309 2451 aliqua
1333 2404 1420 2439 vobis
1454 2404 1584 2439 voluerit
1612 2404 1778 2445 exliibere;
1799 2404 1950 2452 alioquin,

1207 2453 1299 2488 liceat
1318 2453 1404 2488 robis
1426 2453 1625 2493 catholicum,
1646 2466 1740 2501 quem
1768 2454 1951 2500 malueritis,

1208 2503 1294 2537 adire
1321 2504 1503 2544 antistitem,
1524 2504 1576 2550 qui
1600 2503 1747 2538 nimirum
1768 2512 1870 2539 nostra
1889 2504 1951 2538 fut-

227 2576 301 2602 qwis
345 2579 409 2600 lme-
426 2551 587 2597 prietatem
612 2552 648 2586 B.
677 2552 760 2586 Petri
786 2552 939 2598 pertinere
961 2552 1167 2598 dignoscitur,
1186 2575 1189 2606 Ι
1209 2562 1257 2587 tus
1277 2553 1478 2597 auctoritate,
1503 2552 1587 2600 quod
1615 2553 1811 2600 postulatur,
1843 2553 1950 2588 indul-

227 2610 286 2627 ¹e¹¹u
295 2605 410 2632 ⁹0⁵⁵ede-
425 2599 500 2634 null}
517 2601 746 2636 ecclesiasticae
766 2601 809 2635 rel
829 2601 979 2635 saeculari
1005 2614 1166 2648 personae,
1186 2608 1189 2633 ἰ
1206 2610 1286 2648 goat.
1313 2601 1423 2649 Neque
1448 2603 1490 2637 illi
1527 2603 1685 2648 episcopo,
1711 2610 1763 2636 aut
1783 2602 1950 2649 episcopo-

425 2657 640 2696 praeteruuam
677 2650 820 2686 Romano
851 2650 1015 2697 Pontifici,
1056 2651 1168 2688 debeat
1184 2637 1190 2704 l
1208 2664 1277 2686 rum
1300 2652 1443 2687 ministro
1464 2651 1594 2687 facultas
1614 2654 1670 2697 sit,
1705 2651 1736 2686 in
1762 2651 1890 2700 capellis
1909 2651 1949 2687 ad

227 2637 300 2658 clarat.

1968 267 2015 294 An.
2034 267 2063 294 G.
2084 267 2151 295 ¹170

1979 1073 2003 1094 131
2012 1074 2054 1094 alia
2066 1078 2149 1100 quoqne

1924 1116 1930 1122 ·
1966 1104 2076 1131 privilegia
2108 1105 2150 1124 tri-

1965 1136 2024 1160 buit,
2057 1135 2150 1156 anathe-

1965 1170 2020 1187 mate
2039 1167 2148 1193 proposito

1967 1201 2041 1218 contra
2058 1198 2151 1218 violato-

1966 1234 2008 1249 res.

1988 2120 2120 2143 Dioecesano

1967 2158 2018 2173 vero
2048 2154 2150 2179 episeopo

1966 2184 2050 2204 subiicit
2069 2185 2089 2204 in
2104 2184 2151 2211 spi-

1966 2214 2082 2235 ritualibus.
