2180 3205
33 257 82 284 Λη.
103 256 131 284 C.
151 256 216 284 1115

72 421 215 443 Excomniuni-

32 449 122 470 cationis
146 454 214 474 poena

33 477 106 496 nonin
129 475 214 495 violato-

33 507 66 523 re·
96 501 214 523 huiusmodi

31 527 135 556 privilegii
147 529 214 549 mina-

32 558 72 576 tur.

57 2297 180 2322 hominm.

860 262 1035 286 msanLts
1056 262 1080 284 11
1102 262 1151 284 PP.

243 321 324 356 senti
340 321 502 368 episcopm
515 320 644 367 eiusque
653 319 890 354 successoribus
905 319 991 353 lirma

242 382 369 426 semper
400 378 432 405 et
465 370 581 405 illibata
609 378 824 416 permaneant.
864 368 896 403 Si
931 380 991 415 qua

242 419 338 466 igitur
351 432 382 453 in
398 419 537 454 fututum
558 418 769 454 ecclesiastica
787 418 992 452 saccularisie

242 480 389 515 persona,
419 468 500 503 hanc
523 477 645 503 nostrae
667 467 902 502 constitutionis
930 478 993 512 pa·-

240 518 345 563 ginam
368 517 483 558 sciens,
508 526 615 552 contra
643 529 711 552 eam
748 524 865 551 temere
887 515 992 549 venire

239 570 422 611 tentaverit,
449 566 590 601 secundo
618 569 749 601 tertiove
781 564 990 607 commonita,

240 616 266 650 si
289 628 352 651 non
375 616 586 651 satisfactione
608 626 746 660 congrua
765 613 991 655 emendaverit

240 666 405 712 potestatis
423 665 615 711 honorisque
638 665 686 698 sui
706 663 857 709 dignitate
876 671 990 702 careat,

239 726 391 761 reamque
425 726 459 749 se
493 713 602 747 divino
629 713 745 747 iudicio
781 714 915 746 existtre
952 712 990 745 de

239 771 416 810 perpetrata
438 763 602 809 iniquitate
635 770 816 806 cognoscat,
850 770 879 795 et
902 774 916 794 a
939 773 990 795 sa-

238 813 414 847 cratissimo
448 811 590 858 Corpore
617 819 647 845 et
677 810 841 855 Sanguine
876 810 931 844 Dei
960 818 989 844 et

237 860 365 902 D9mini
394 860 618 908 Redemptoris
645 860 742 894 nostri
766 859 834 893 lesu
870 858 988 893 Christi

237 910 337 945 aliena
358 910 422 948 fiat,
443 919 537 956 atque
552 911 581 943 in
605 918 747 944 extremo
769 909 913 943 examine
940 909 989 942 di-

236 960 362 994 strictae
385 960 496 994 ultioni
525 959 695 994 subiaceat.
724 958 856 992 Cunctis
883 966 987 992 autem

236 1009 339 1043 eidem
362 1008 511 1043 Teatinae
531 1008 691 1042 Ecclesiae
711 1008 775 1041 iura
790 1007 988 1041 servantibus

236 1058 277 1092 sit
301 1070 358 1105 pax
382 1057 421 1092 D.
444 1057 481 1091 N.
504 1057 527 1091 I.
551 1056 588 1092 C.
617 1065 772 1104 quatenus
796 1066 826 1091 et
850 1056 986 1090 fructum

237 1106 288 1141 hic
316 1107 415 1141 bonae
449 1107 580 1141 actionis
611 1106 802 1153 percipiant,
838 1114 867 1140 et
904 1106 985 1152 apud

236 1156 411 1190 districtum
428 1156 568 1190 Iudicem
588 1157 726 1203 praemia
742 1163 888 1190 aeternae
904 1156 988 1202 pacis

237 1205 407 1239 inveniant.
431 1207 544 1239 Amen.

285 1254 355 1289 Dat.
393 1254 563 1288 Beneventi
602 1266 656 1300 per
683 1266 809 1288 manum
837 1253 988 1288 Iohannis

235 1302 360 1337 diaconi
390 1315 435 1337 xv
468 1303 528 1337 kal.
563 1304 687 1349 augusti
717 1303 886 1338 indictione
913 1314 987 1343 vui,

237 1352 356 1387 incarn.
389 1352 528 1392 Domini,
555 1364 637 1386 anno
662 1364 766 1386 mcxv.

308 1408 370 1439 Dat.
388 1409 435 1439 die
455 1409 490 1439 18
515 1409 577 1438 iulii
601 1418 677 1438 anno
697 1408 812 1437 Domini
832 1408 918 1445 1115,

474 1453 576 1492 pontis.
595 1462 672 1482 anno
695 1461 750 1482 xvt.

583 1587 648 1623 LV.

234 1665 508 1711 Augustodunensi
542 1664 695 1697 Ecclesiae
732 1664 803 1697 iura
846 1675 882 1697 ac
908 1663 988 1696 bona

393 1717 498 1748 omnia
523 1715 746 1758 confirmantur
769 1715 826 1755 tl).

505 1785 720 1817 SUMMARtmt

235 1843 403 1874 Exordium.
420 1859 460 1866 —
476 1842 664 1873 Confirmatio
682 1842 826 1872 honorum
854 1841 889 1871 ad
912 1840 988 1870 hanc

274 1887 437 1924 Ecclesiam
451 1887 670 1926 pertinentium.
688 1902 728 1908 —
745 1885 823 1915 Bona
843 1886 915 1914 haec
937 1894 989 1914 ne-

275 1933 347 1962 mini
371 1933 457 1962 liceat
475 1932 602 1967 auferre,
618 1931 757 1964 alienare,
780 1935 833 1960 etc.
855 1929 910 1958 sub
927 1930 988 1968 pri—

276 1976 401 2006 vationis
417 1986 432 2005 a
457 1977 597 2014 dignitate
624 1980 652 2005 et
674 1974 988 2004 excommunicationis

275 2029 379 2059 poena.
400 2037 440 2042 —
456 2019 511 2049 PP.
531 2019 720 2058 subscriptio.

235 2086 372 2115 Paschalis
391 2086 531 2121 episcopus
547 2093 641 2114 servus
655 2078 793 2113 servm-uni
804 2084 860 2117 Dei,
878 2090 989 2112 venera·

280 2135 330 2164 bili
343 2135 429 2164 fratri
441 2135 592 2170 sthephano
608 2133 839 2169 augustodunensi
856 2133 988 2168 episcopo,

281 2184 391 2220 eiusque
414 2184 614 2212 successoribus
637 2183 763 2211 canonice
781 2181 989 2213 substituendis,

280 2233 310 2261 in
328 2234 500 2269 perpetuum.

285 2295 381 2331 Iustis
399 2295 479 2330 votis
502 2307 667 2330 assensum
691 2293 853 2341 praebere
877 2292 990 2327 iustis—

237 2357 299 2393 que
334 2345 541 2400 petitionibus
563 2356 654 2378 aures
688 2342 897 2377 accomodate
934 2353 991 2375 nos

236 2394 395 2434 convenit,
427 2406 480 2440 qut
508 2392 581 2427 licet
607 2391 742 2438 indigni,
776 2391 912 2425 iustitiae
935 2402 993 2424 cu-

236 2443 344 2478 stodes
375 2450 469 2489 atque
503 2453 676 2496 praecones
704 2441 736 2474 in
761 2439 884 2474 excelsa
913 2451 991 2485 apo-

237 2492 389 2527 stolorum
412 2492 590 2538 principum
614 2489 697 2523 Petri
713 2496 743 2523 et
759 2488 846 2522 Pauli
863 2487 990 2542 specula

238 2541 344 2588 positi,
367 2540 505 2575 Domino
532 2540 732 2586 disponente
765 2537 990 2583 conspicimur.

272 2602 313 2636 (1)
328 2602 369 2628 Ex
384 2609 435 2628 ms.
453 2602 485 2628 D.
503 2602 593 2629 veros
596 2600 638 2628 aih
654 2598 738 2626 edidit
750 2598 873 2626 Nicotaus
882 2597 993 2624 Cotetus

240 2640 340 2668 Concil.
359 2645 424 2669 tom.
442 2648 493 2667 xu.

1665 249 1736 283 279
1807 244 1858 271 An.
1879 246 1905 273 C.
1926 247 1992 274 1116

1035 317 1112 352 Tuis
1139 317 1246 363 igitur,
1279 316 1373 352 frater
1400 316 1431 351 in
1464 316 1591 352 Christo
1623 316 1786 351 carissime

1034 366 1206 412 Stephane,
1241 367 1331 401 iustis
1359 366 1561 413 petitionibus
1587 375 1784 407 annuentes,

1034 424 1173 450 sanctam
1190 416 1511 461 Augustodunensem
1527 415 1715 454 Ecclesiam,
1733 415 1784 449 cui

1034 465 1172 499 Domino
1205 473 1331 499 auctore
1368 465 1549 511 praesides,
1582 464 1785 509 Apostolicae

1034 513 1128 548 Sedis
1170 514 1354 547 auctoritate
1389 514 1560 547 munimus.
1608 513 1784 548 Statuimus
1813 519 1991 554 Cnt‘irrnatintm-

1034 563 1131 605 enim,
1165 571 1198 596 ut
1221 562 1349 609 oppida,
1383 563 1490 605 villae,
1523 575 1578 597 seu
1611 562 1783 604 ecclcsiae,
1808 548 1991 620 ἴηῖίίὶῗιίἰιῖῖῗὲς-

1833 608 1864 620 ΙἸ
1898 608 1923 620 Μ’,

1035 612 1309 657 possessionesve,
1345 623 1423 657 quas
1451 612 1699 658 praedecessoris
1721 613 1779 656 tui,

1034 661 1195 707 Aganonis
1239 661 1455 707 temporibus,
1503 660 1782 706 Augustodunensi

1034 710 1196 744 Ecclesiae
1220 723 1274 757 per
1298 719 1380 743 tuam
1398 710 1581 743 industriam
1602 718 1783 757 recuperata

1034 760 1082 793 vel
1106 760 1365 806 adquisita'sunt,
1388 759 1535 793 videlicet
1556 759 1685 793 ccclesia
1700 759 1783 794 San-

1033 817 1099 843 ctae
1128 809 1253 845 Mariac,
1276 818 1304 841 et
1328 807 1434 842 Sancti
1451 808 1556 842 Lazari
1577 808 1615 841 de
1632 809 1781 853 Aralone,

1031 867 1061 892 et
1083 869 1218 892 castrum
1254 857 1422 892 'l'oilonum
1450 870 1521 891 cum
1545 870 1654 891 eorum
1685 858 1783 904 perti-

1034 909 1166 942 nentiis:
1196 908 1241 942 vel
1267 906 1459 950 infuturum
1489 919 1545 953 per
1571 906 1629 941 Dei
1651 907 1781 951 gratiam

1032 957 1208 1003 recuperari
1244 956 1290 991 vel
1318 956 1439 1002 adquiri
1474 956 1553 989 iuste
1582 957 1783 1003 legitimeque

1031 1007 1209 1052 contigerit,
1245 1006 1348 1052 quieta
1381 1017 1506 1050 semper
1539 1013 1570 1039 et
1608 1006 1726 1051 integra
1751 1006 1780 1039 in

1031 1056 1170 1089 eiusdem
1207 1055 1370 1089 Ecclesiae
1407 1055 1474 1088 iure
1509 1067 1545 1088 ac
1580 1055 1782 1101 possessione

1033 1114 1246 1150 permaneant.
1277 1104 1485 1138 Decernimus
1513 1115 1599 1149 ergo,
1633 1112 1668 1137 ut
1703 1104 1780 1137 nulli
1810 1108 1885 1147 „⁴:4³2

1031 1155 1160 1188 omnino
1187 1154 1279 1188 liceat
1305 1153 1447 1187 eamdem
1472 1152 1640 1186 Ecclesiam
1666 1162 1782 1186 temere
1810 1155 1862 1200 ᾆξ’
1892 1163 1917 1174 “¹
1935 1162 1968 1199 ‘m'

1033 1203 1225 1249 perturbare,
1253 1211 1305 1236 ant
1327 1203 1394 1236 eius
1414 1202 1631 1248 possessiones
1645 1202 1780 1242 ausen-re,
1819 1215 1823 1226 ι
1841 1214 1845 1226 1

1033 1254 1076 1285 rel
1105 1253 1221 1286 ablatas
1249 1252 1399 1293 retinere,
1425 1251 1577 1289 minuere,
1607 1251 1652 1284 vel
1678 1260 1780 1284 teine-

1031 1302 1120 1335 rariis
1150 1301 1365 1336 texationibns
1401 1300 1538 1343 fatigare.
1575 1299 1638 1333 Sed
1675 1300 1777 1334 omnia

1032 1351 1150 1395 integra
1191 1358 1434 1386 conserventur,
1470 1357 1530 1381 tam
1568 1349 1645 1387 tuis,
1686 1361 1779 1395 quani

1030 1399 1216 1433 clericora‘m
1239 1409 1267 1433 et
1288 1410 1460 1444 pauperum
1478 1397 1586 1430 usibus
1607 1397 1779 1442 profutura.

1030 1448 1062 1483 Si
1092 1462 1152 1495 qua
1177 1450 1206 1482 in
1236 1448 1373 1482 futurum
1401 1446 1610 1480 ecclesiastica
1639 1448 1781 1479 saecula-

1032 1498 1110 1531 risx'e
1134 1510 1278 1544 persona,
1302 1499 1382 1531 hanc
1401 1503 1524 1529 nostrae
1547 1496 1782 1529 constitutionis

1033 1553 1176 1597 paginam
1205 1552 1320 1590 sciens,
1347 1559 1455 1585 contra
1489 1562 1555 1583 eam
1585 1558 1700 1583 temere
1724 1562 1779 1584 ve-

1031 1605 1096 1638 nire
1133 1605 1317 1643 tentaverit,
1359 1603 1498 1637 secundo
1533 1611 1662 1637 tertiove
1689 1616 1780 1637 coin-

1032 1659 1160 1701 monita,
1179 1658 1204 1692 si
1221 1670 1282 1691 non
1298 1657 1510 1691 satisfactione
1524 1669 1660 1702 congrua
1675 1669 1780 1690 einen-

1030 1713 1161 1755 daverit,
1193 1712 1355 1758 potestatis
1377 1711 1569 1756 honorisque
1601 1710 1647 1744 sui
1672 1709 1781 1755 digui-

1031 1775 1092 1800 tate
1125 1774 1246 1810 careat,
1279 1777 1426 1811 reamque
1453 1776 1487 1798 se
1521 1763 1627 1798 divino
1666 1764 1781 1797 iudicio

1030 1820 1161 1854 existere
1187 1818 1226 1853 de
1260 1825 1437 1865 perpetrata
1464 1817 1629 1863 iniquitate
1661 1828 1784 1861 cogno-

1030 1880 1106 1916 scat,
1129 1880 1159 1907 et
1186 1885 1200 1907 a
1228 1871 1438 1905 sacratissimo
1461 1870 1603 1916 Corpore
1632 1877 1662 1903 et
1696 1870 1784 1903 San-

1030 1927 1125 1973 guine
1151 1925 1210 1960 Dei
1232 1933 1261 1960 et
1282 1924 1411 1959 Domini
1433 1924 1657 1970 Redemptoris
1681 1922 1779 1956 nostri

1031 1981 1101 2015 Iesu
1123 1980 1240 2014 Christi
1264 1980 1363 2014 aliena
1385 1979 1443 2022 sit,
1470 1987 1563 2025 atque
1587 1978 1616 2011 in
1641 1985 1782 2011 extremo

1031 2034 1173 2069 examine
1194 2033 1354 2068 districtae
1374 2033 1482 2067 ultioni
1502 2031 1672 2066 subiaceat.
1699 2030 1782 2065 Cun-

1031 2088 1089 2122 ctis
1115 2095 1218 2122 autem
1241 2086 1342 2121 eidem
1366 2082 1528 2120 Ecclesiae
1551 2084 1629 2118 iusta
1652 2096 1781 2118 serran-

1032 2142 1116 2175 tibus
1137 2142 1177 2175 sit
1204 2153 1264 2187 pax
1284 2140 1412 2174 Domini
1437 2139 1534 2174 nostri
1556 2138 1627 2172 Iesu
1649 2137 1781 2177 Christi,

1032 2204 1185 2242 qnatenus
1206 2202 1237 2228 et
1269 2193 1321 2227 hic
1355 2193 1491 2226 fructum
1515 2191 1615 2225 honae
1649 2190 1781 2224 actionis

1033 2247 1218 2294 percipiant,
1251 2254 1282 2279 et
1315 2245 1400 2292 apud
1425 2244 1602 2278 districtum
1638 2243 1778 2277 Iudicem

1034 2300 1169 2346 praemia
1191 2307 1337 2334 aeternae
1360 2298 1446 2345 pacis
1468 2297 1640 2331 inveniant.
1667 2297 1782 2336 Amen,

1033 2365 1137 2388 amen.

1085 2407 1156 2440 Eoo
1196 2405 1380 2439 Pascfflus
1416 2402 1588 2437 catholicae

1626 2401 1787 2436 Ecclesiae
1808 2404 1991 2430 PP.subsci-iptio.

1034 2472 1049 2495 θ
1076 2472 1129 2496 tsc.
1158 2472 1199 2493 ss.

1054 2474 1199 2548 pDatum
1222 2512 1325 2546 Later.
1350 2522 1405 2557 per
1426 2521 1553 2545 manum
1580 2508 1730 2543 Iohannis
1751 2509 1786 2543 S

1035 2568 1074 2602 R.
1093 2567 1129 2600 E.
1150 2566 1272 2600 diaconi
1294 2564 1473 2599 cardinalis.
1493 2575 1526 2597 ac
1544 2562 1786 2603 bibliothecis-²,5

1037 2634 1061 2656 ιι
1076 2621 1146 2656 idus
1170 2619 1284 2660 martii,
1304 2618 1476 2652 indictione
1497 2629 1540 2659 lx,
1564 2615 1788 2651 iucarnationis
