2180 3205
222 288 272 315 An.
288 289 314 315 C,
338 289 404 316 ¹170

228 844 335 865 Aliususiu
345 845 396 865 Sri-

214 878 395 897 tiamsimoniaet

227 908 366 927 vcvtesiasuc·
363 913 387 927 ae

213 939 336 964 disciplinae
361 940 396 959 in-

213 969 347 989 observantia
357 976 395 990 ex-

213 1001 260 1020 orti.

221 1539 265 1564 [luto
276 1539 296 1559 nt
306 1542 326 1559 ut
341 1544 391 1565 per-

208 1576 289 1589 nitiosa
318 1574 338 1590 et
366 1576 391 1590 e-

210 1601 289 1627 xemplu
318 1607 356 1621 uos*
360 1602 391 1621 iav

208 1635 342 1658 ‹outtugaul;

221 2431 253 2452 lns
256 2431 389 2452 titulilaico-

226 2470 250 2482 ιιιι
271 2466 290 2482 ct
326 2468 389 2482 u-ecu

265 2479 318 2528 indic
349 2493 390 2513 c-le

208 2654 230 2668 ιι
216 2623 314 2667 miii-lius..¹

472 278 540 312 736

420 345 498 378 vitae
518 343 641 387 merito,
677 355 738 377 non
767 342 797 376 in
826 353 956 388 operum
988 340 1161 380 sanctitate,

417 394 470 427 sed
491 393 520 427 in
545 392 688 440 pastorali
711 404 782 426 cura
809 399 838 426 et
860 390 1012 436 dignitate
1034 401 1161 424 succes-

416 443 526 487 simus,
548 442 676 476 verbum
700 441 824 481 salutis,
857 440 1052 486 evangelium
1075 440 1160 473 cliri-

415 492 532 527 stianae
564 500 656 538 atquc
677 490 847 526 catholicae
875 490 1008 524 veritatis
1030 501 1160 523 annun-

414 541 533 576 ciemus
560 541 620 581 liis,
642 541 695 588 qui
720 541 829 587 longe,
852 546 882 573 et
905 539 952 573 his
973 539 1024 586 qui
1050 550 1158 585 prope,

413 603 528 626 nomen
550 591 757 638 apostolicum
781 602 842 624 non
867 589 957 623 inane
977 600 1078 635 neque
1094 600 1159 622 nu-

413 640 486 675 dum
521 649 552 676 et
586 641 616 675 in
648 641 712 675 sola
744 651 817 674 voce
844 646 1006 694 gerentem
1044 637 1098 671 scd
1128 638 1156 671 in

412 691 595 726 executione
632 689 725 724 officii
759 697 790 723 et
815 689 942 723 veritate
975 688 1098 734 operis,
1127 687 1156 721 in

411 749 563 788 quantum
581 739 670 774 nobis
682 738 768 773 Deus
783 738 914 779 dederit,
937 736 1156 783 adimplentes

460 789 650 824 Audivimus
684 789 790 827 enim,
828 797 858 822 et
894 787 1058 822 audientes
1094 797 1155 820 nou

413 840 572 887 potuimus
604 851 666 873 non
702 838 828 882 dolere,
854 837 937 884 quod
974 835 1056 891 apud
1093 847 1156 875 ιο5,

411 896 471 923 tam
495 889 526 923 in
548 888 651 924 Svetia
679 887 835 931 videlicet,
857 899 949 934 quam
977 886 1008 919 in
1031 884 1156 924 Gothia

410 951 445 973 ex
475 939 570 973 nimia
596 946 626 972 ct
649 949 793 984 perversa
815 948 878 970 non
907 935 1067 979 libertate,
1101 934 1156 968 sed

409 988 560 1023 abusione
588 987 693 1034 potius
717 995 748 1022 et
783 985 948 1020 insolentia
984 985 1155 1028 laicorum,

409 1037 604 1073 consuetudo
627 1036 762 1084 pessima
789 1044 819 1070 et
840 1034 1033 1070 detestabilis
1056 1034 1157 1068 inole-

410 1088 463 1133 vit,
489 1100 526 1122 ex
549 1099 608 1134 qua
636 1087 727 1121 etiam
757 1085 851 1119 multa
876 1085 979 1119 illicita
1000 1095 1156 1131 provene-

408 1145 491 1178 runt,
513 1145 543 1171 et
561 1134 641 1171 mala
661 1148 723 1170 non
745 1136 847 1170 solum
870 1134 1020 1174 enormia,
1044 1146 1154 1167 verum

407 1187 499 1221 etiam
522 1185 728 1221 intolerabilia
748 1184 953 1232 pullularunt.
976 1183 1037 1230 Ipsi
1058 1184 1154 1224 euim,

409 1236 497 1271 vobis
519 1235 717 1278 inconsultis,
744 1235 826 1269 sicut
848 1234 979 1278 dicitur,
1001 1242 1053 1267 aut
1076 1245 1156 1267 con-

406 1286 546 1333 temptis,
567 1285 745 1320 concedunt
765 1292 796 1319 et
814 1283 979 1319 confeiunt
995 1283 1154 1323 ecclesias,

405 1335 523 1391 quibus
545 1335 670 1370 volunt:
694 1335 797 1369 omnia
820 1333 1003 1389 simoniace,
1022 1333 1085 1366 sive
1101 1345 1154 1378 per

405 1385 591 1431 pecuniam,
631 1385 695 1420 sive
732 1396 787 1432 per
822 1383 969 1431 privatam
1004 1382 1153 1429 gratiam,

405 1435 452 1469 vel
476 1435 583 1470 odium
611 1443 752 1481 agentes

455 1484 500 1519 Ex
521 1484 579 1519 hoc
594 1492 697 1519 autem
722 1483 817 1518 multa
842 1482 990 1516 dicuntur
1005 1489 1066 1516 tam
1084 1482 1152 1528 ipso

405 1543 474 1568 actu
495 1547 588 1581 quam
611 1534 756 1580 exemplo
779 1533 887 1567 nociva
917 1539 948 1565 et
978 1531 1151 1578 perniciosa

406 1584 599 1630 contingere.
632 1583 773 1625 Quilibet
806 1582 889 1616 enim
918 1590 947 1615 et
974 1581 1153 1615 undecum-

405 1646 466 1681 que
483 1633 629 1668 sacerdos
643 1633 828 1671 adveniens,
851 1632 923 1666 licet
945 1630 1152 1664 ordinationis

405 1696 480 1718 suae
514 1683 636 1719 nullum
668 1682 779 1717 habeat
814 1680 1050 1724 testimonium,
1084 1680 1150 1714 solo

406 1732 551 1768 mandato
572 1745 628 1767 seu
652 1740 729 1767 nutu
748 1730 840 1766 ctiam
860 1731 1024 1773 laicorum,
1046 1729 1148 1764 diviua

404 1783 434 1817 in
458 1783 567 1817 salutis
593 1794 701 1816 eorum
731 1792 869 1828 suaeque
893 1757 1065 1827 periculiim
1097 1791 1150 1814 ce—

403 1832 523 1866 lebrare
565 1831 746 1878 praesumit.
794 1830 885 1865 Unde
920 1841 1148 1876 nonnunquam

403 1882 518 1926 evenit,
546 1889 579 1916 ut
601 1881 745 1916 monaclii
774 1879 913 1926 fugitivi,
941 1879 986 1913 vel
1014 1878 1149 1912 homici-

403 1931 479 1975 dae,
501 1944 555 1966 seu
578 1930 773 1977 quibuslibet
796 1929 905 1964 irretiti
927 1937 957 1963 et
972 1929 1068 1963 notati
1085 1941 1151 1964 sce-

403 1980 542 2025 leribus,
579 1989 630 2015 aut
664 1981 693 2014 in
721 1979 851 2026 gradum
888 1977 1052 2013 sacerdotii
1086 1991 1147 2012 nou

404 2031 556 2077 promoti,
584 2030 757 2065 sacerdotio
784 2028 871 2075 fungi
907 2028 1024 2063 nefaria
1056 2028 1149 2062 nimis

403 2088 434 2114 et
454 2080 624 2114 damnabili
648 2078 903 2126 praesumptione
920 2090 981 2112 non
999 2084 1147 2112 metuant.

402 2128 543 2171 Quilibet
558 2141 641 2170 vero,
663 2129 709 2163 vel
729 2128 858 2163 omnino
872 2140 981 2162 carens
996 2127 1149 2168 Ecclesia,

401 2179 449 2214 vel
478 2191 646 2226 pauperem
675 2177 803 2221 liabens,
837 2186 867 2212 et
888 2177 1031 2212 ambiens
1052 2177 1149 2211 ditio-

401 2240 484 2272 rem,
518 2227 749 2275 potentioribus
780 2228 819 2262 de
844 2227 989 2274 parocliia
1011 2227 1080 2261 data
1104 2227 1148 2261 vel

402 2278 554 2325 promissa
583 2290 731 2325 pecunia,
765 2278 861 2312 alium
892 2289 955 2311 non
991 2276 1150 2311 erubescit

402 2336 463 2362 tam
486 2327 686 2374 impudenter
699 2339 794 2373 quam
809 2326 915 2361 illicite
936 2326 1148 2373 supplantare

450 2377 583 2412 Accedit
616 2376 652 2411 ad
688 2377 781 2417 liaec,
808 2375 893 2422 quod
924 2376 1046 2419 clerici,
1085 2376 1151 2410 sive

403 2426 460 2473 ipsi
483 2427 632 2461 adversus
666 2425 773 2466 laicos,
804 2426 869 2460 sive
904 2425 973 2459 laici
1001 2425 1151 2460 adversus

403 2488 457 2510 eos
478 2475 644 2522 litigantes,
666 2474 802 2522 experiri
825 2474 980 2509 voluerint
999 2474 1149 2510 laicorum

306 2562 314 2573 5
322 2500 516 2573 mijiudicia
539 2525 663 2566 subire3
685 2534 714 2559 ct
736 2524 911 2559 secundum
936 2525 1074 2571 ipsorum
1104 2525 1152 2558 in-

336 2592 367 2604 m·
385 2600 388 2609 ,
404 2574 508 2608 stituta
531 2575 596 2610 sive
619 2575 704 2621 leges
733 2586 824 2620 agere
850 2574 896 2608 vel
919 2573 1088 2608 defendere
1118 2586 1151 2608 se

368 2623 570 2668 Ἰὀοςιιιιίιιικ
611 2624 674 2658 Nec
710 2624 810 2657 solum
845 2623 999 2657 inferioris
1032 2623 1152 2658 ordinis

406 2672 510 2707 clerici
535 2672 648 2707 talibus
684 2673 804 2707 iniuriis
839 2673 1017 2719 fatigantur;
1045 2685 1150 2708 verum

995 285 1094 308 nULLA
1101 286 1131 307 R]
1138 285 1183 307 ΠΜ
1209 283 1370 307 nonnum!

1968 282 2016 309 An.
2031 282 2059 309 c.
2082 266 2147 310 ¹i7o

1203 339 1295 373 ctiam
1323 352 1378 374 vos
1409 339 1479 386 ipsi,
1513 338 1537 373 si
1564 338 1701 374 iustitiae
1727 339 1860 386 rigorem
1884 339 1950 374 zelo

1203 387 1259 422 Dei
1283 389 1426 423 succensi
1448 388 1616 435 aliquando
1630 389 1791 429 exercetis,
1814 388 1949 435 aliquam

1202 445 1308 472 contra
1349 451 1402 472 vos
1441 450 1566 472 causam
1603 438 1813 472 inobedientis
1845 439 1950 483 gregis

1204 487 1319 522 invidia
1349 487 1564 528 machinante,
1604 487 1650 521 vel
1685 486 1750 521 ad
1754 487 1842 533 igniti
1875 488 1948 522 ferri

1201 549 1345 582 examen,
1367 537 1415 572 vel
1437 537 1474 571 ad
1498 536 1625 583 aliquod
1642 549 1739 583 aeque
1756 536 1947 583 prohibitum

1201 594 1231 620 et
1252 587 1427 621 execrabile
1445 587 1594 621 iudicium
1611 586 1840 633 provocamini:
1866 586 1949 621 nulla

1201 636 1387 680 canonilns,
1410 637 1460 683 qui
1484 635 1513 670 id
1542 636 1726 682 prohibent,
1749 648 1802 670 seu
1827 636 1950 682 pontili-

1200 685 1258 720 cali
1282 686 1423 731 dignitati
1450 686 1586 720 exhibita
1611 687 1793 725 reverentia,
1817 686 1863 720 vel
1893 686 1949 719 lio-

1201 747 1286 770 nore.
1321 736 1368 770 Ad
1396 743 1599 781 augmentum
1633 747 1706 769 vero
1728 747 1948 782 summamque

1201 784 1371 839 malorum,
1398 785 1502 820 clerici
1528 785 1642 832 passim
1665 785 1695 818 in
1717 785 1826 819 eodem
1851 797 1948 831 regno

1201 834 1330 881 impune
1352 835 1536 876 caeduntur,
1562 834 1752 882 quandoque
1778 835 1869 869 etiam
1892 847 1948 869 oc-

1199 884 1357 919 ciduntur.
1382 884 1419 918 Et
1437 885 1564 932 quidem
1587 885 1689 932 gravia
1712 892 1785 919 sunt
1800 884 1869 928 ista,
1890 897 1947 920 nec

1199 934 1402 980 professionis
1417 947 1514 990 opera
1528 935 1716 970 christianae
1726 947 1738 975 3.
1756 934 1810 969 sed
1826 934 1946 969 inimici

1199 984 1302 1030 potius
1327 983 1442 1019 zizania
1469 984 1650 1031 reputanda.

1247 1033 1296 1068 Ad
1325 1042 1405 1080 quae
1442 1034 1591 1068 radicitus
1628 1033 1803 1072 evellenda,
1841 1040 1872 1068 et
1906 1033 1945 1068 de
1972 1045 2143 1073 Munusepisco-

1198 1083 1303 1118 medio
1330 1092 1467 1118 vestrum
1497 1084 1621 1129 penitus
1644 1083 1836 1130 extirpanda
1861 1091 1945 1118 tanto
1959 1077 2143 1129 flfsssffhfflenffig

1197 1133 1300 1167 acrius
1337 1145 1390 1167 vos
1422 1133 1512 1167 decet
1544 1141 1576 1168 et
1608 1141 1731 1179 oportet
1761 1133 1943 1178 insurgere,
1959 1140 2067 1167 imredwe

1197 1191 1314 1228 quanto
1336 1183 1436 1230 magis
1457 1182 1582 1218 desides
1609 1183 1765 1230 praelatos
1787 1182 1946 1229 negligen-

1198 1239 1306 1278 tesque
1342 1233 1513 1280 respiciunt
1548 1232 1619 1266 vitia
1661 1231 1877 1267 subditorum:
1915 1241 1946 1267 et

1196 1293 1305 1316 eorum
1334 1283 1443 1329 culpae
1465 1282 1585 1317 crimen
1619 1281 1824 1326 adscribitur,
1858 1282 1943 1329 quod

1196 1330 1234 1365 al)
1257 1331 1317 1373 his,
1340 1332 1455 1379 quibus
1483 1331 1671 1387 praesident,
1698 1339 1728 1366 et
1751 1343 1806 1378 pro
1828 1331 1944 1378 quibus

1196 1381 1288 1416 etiam
1317 1382 1466 1416 reddituri
1490 1389 1564 1416 sunt
1585 1381 1617 1415 in
1639 1390 1778 1416 extremo
1800 1381 1944 1416 examine

1196 1431 1360 1475 rationem,
1383 1440 1444 1466 tam
1468 1431 1659 1487 frequenter,
1691 1442 1784 1478 quam
1813 1430 1944 1466 licenter

1195 1487 1225 1514 et
1250 1480 1379 1528 impune
1401 1482 1627 1521 committitur,
1656 1492 1789 1515 maxime
1802 1493 1874 1515 cum
1889 1492 1944 1527 per

1195 1529 1384 1576 Piophetam
1412 1531 1554 1566 dicatur:
1586 1529 1711 1570 Clama,
1749 1542 1788 1564 ne
1818 1542 1942 1574 cesses,

1194 1580 1350 1615 annuncia
1387 1580 1503 1627 populo
1526 1592 1597 1615 meo
1618 1580 1735 1615 scelera
1758 1591 1866 1614 eorum
1882 1583 1941 1624 (a);

1193 1638 1222 1662 et
1249 1629 1336 1663 alibi:
1366 1630 1431 1664 Nisi
1461 1630 1701 1665 annunciaveris
1735 1629 1845 1675 iniquo
1879 1629 1943 1664 ini-

1192 1679 1342 1725 quitatem
1371 1692 1471 1722 suam,
1494 1680 1679 1725 sanguinem
1702 1679 1770 1713 eius
1792 1678 1830 1710 «le
1847 1691 1939 1714 manu

1193 1735 1244 1762 tua
1268 1729 1423 1776 requiram
1439 1732 1493 1774 (b),
1528 1737 1558 1764 et
1580 1730 1609 1763 in
1632 1728 1730 1763 sacris
1754 1727 1941 1774 canonibus,

1192 1791 1272 1824 quos
1311 1780 1507 1825 prudentiam
1536 1787 1668 1813 vestram
1706 1778 1850 1824 ignorare
1877 1790 1939 1813 non

1192 1828 1328 1874 expedit,
1349 1830 1500 1876 scriptum
1516 1828 1652 1875 legatur:
1671 1827 1849 1873 Negligere,
1867 1839 1938 1861 cum

1192 1878 1313 1923 possis,
1349 1878 1531 1925 perturbare
1564 1890 1744 1925 perversos,
1781 1876 1857 1910 uiliil
1892 1884 1939 1911 est

1191 1927 1273 1961 aliud
1306 1940 1398 1974 quam
1428 1927 1548 1967 sovere;
1583 1939 1640 1962 uec
1675 1934 1759 1961 caret
1791 1927 1938 1973 scrupulo

1191 1977 1346 2011 societatis
1373 1978 1523 2017 occultae,
1545 1977 1598 2023 qui
1622 1976 1786 2010 manifesto
1809 1976 1936 2010 facinori

1191 2026 1306 2060 desinit
1331 2026 1466 2061 obviare.
1492 2027 1537 2060 Ex
1559 2039 1596 2061 eo
1622 2033 1739 2069 autem,
1761 2025 1843 2072 quod
1862 2037 1937 2072 pec-
1963 2036 2054 2058 Peccata
2079 2039 2135 2058 enim

1191 2085 1257 2117 cata
1278 2088 1316 2110 ex
1339 2076 1431 2110 nimia
1454 2084 1485 2111 et
1503 2076 1651 2121 longaeva
1674 2076 1846 2111 licentiam
1865 2087 1937 2109 con·
1951 2069 2057 2124 ξζῃῗ-’Ἥ
2060 2068 2135 2118 ,Ῐζζξῖζῖᾒ

1191 2125 1388 2160 suetudinem
1417 2126 1476 2160 iarn
1500 2133 1662 2168 venerunt,
1689 2137 1760 2159 cum
1787 2126 1825 2159 sit
1852 2125 1935 2158 iuxta
1951 2130 2044 2157 Ιιυοιιᾱίε
2062 2134 2106 2148 ¹¹¹³
2096 2134 2135 2155 ¹⁵·

1191 2180 1356 2227 quemdam
1395 2180 1617 2227 philosophum
1663 2179 1826 2214 infelicitas
1859 2190 1937 2213 con-

1191 2243 1362 2276 summata;
1397 2243 1428 2269 et
1451 2235 1498 2268 vix
1527 2234 1665 2269 videatur
1687 2233 1774 2268 locus
1795 2246 1863 2268 esse
1887 2245 1937 2267 rc-

1192 2289 1313 2334 medio,
1348 2289 1413 2334 ubi,
1449 2301 1530 2337 quae
1557 2288 1683 2324 suerunt
1716 2288 1800 2330 vitia,
1835 2300 1937 2322 mores

1193 2343 1287 2385 liunt;
1317 2351 1347 2379 et
1372 2344 1455 2378 iuxta
1482 2343 1769 2391 Evangelium,qui
1794 2352 1935 2377 mortuus

1193 2397 1285 2432 suerit
1307 2398 1338 2432 in
1362 2406 1501 2446 peccato,
1523 2398 1582 2433 iam
1606 2397 1735 2439 foeteat;
1757 2397 1856 2432 multo
1875 2410 1937 2432 ma·

1193 2452 1249 2487 iori
1268 2465 1348 2500 opus
1369 2461 1416 2487 est
1430 2452 1468 2487 ad
1483 2452 1698 2487 suscitandum
1713 2463 1784 2486 cum
1799 2451 1936 2486 Domino

1194 2515 1366 2557 mortuum,
1400 2519 1461 2541 non
1484 2508 1552 2542 sine
1573 2507 1718 2554 lacrymis
1740 2514 1771 2541 et
1791 2518 1938 2553 compas-

1193 2562 1280 2596 sione
1314 2561 1487 2602 conamini,
1526 2573 1564 2595 ne
1597 2560 1821 2607 desperentur,
1855 2560 1936 2594 sicut

1193 2615 1419 2662 quatriduanus
1451 2615 1480 2649 in
1509 2621 1724 2655 monumento,
1746 2613 1861 2660 quibus
1878 2625 1936 2659 po-

1229 2685 1267 2720 (ιι)
1284 2685 1341 2711 lsai,
1360 2692 1436 2716 ινιιι,
1456 2685 1479 2710 l.
1517 2684 1556 2719 (b)
1572 2683 1666 2710 Ezech.
1684 2691 1724 2716 ιιι,
1748 2683 1788 2709 ¹8.
