<?xml version="1.0" encoding="UTF-8"?>
<!DOCTYPE html PUBLIC "-//W3C//DTD XHTML 1.0 Transitional//EN"
    "http://www.w3.org/TR/xhtml1/DTD/xhtml1-transitional.dtd">
<html xmlns="http://www.w3.org/1999/xhtml" xml:lang="en" lang="en">
 <head>
  <title>
</title>
<meta http-equiv="Content-Type" content="text/html;charset=utf-8" />
  <meta name='ocr-system' content='tesseract 3.04.00' />
  <meta name='ocr-capabilities' content='ocr_page ocr_carea ocr_par ocr_line ocrx_word'/>
</head>
<body>
  <div class='ocr_page' id='page_1' title='image "./bullarumdiplomat02cath_0860.png"; bbox 0 0 2180 3205; ppageno 0'>
   <div class='ocr_carea' id='block_1_1' title="bbox 433 248 1342 280">
    <p class='ocr_par' dir='ltr' id='par_1_1' title="bbox 433 248 1342 280">
     <span class='ocr_line' id='line_1_1' title="bbox 433 248 1342 280; baseline -0.011 0"><span class='ocrx_word' id='word_1_1' title='bbox 433 248 503 280; x_wconf 65' lang='lat'>842</span> <span class='ocrx_word' id='word_1_2' title='bbox 963 249 1153 274; x_wconf 62' lang='lat' dir='ltr'>,intumum</span> <span class='ocrx_word' id='word_1_3' title='bbox 1178 248 1342 272; x_wconf 63' lang='lat' dir='ltr'>nonnum</span> 
     </span>
    </p>
   </div>
   <div class='ocr_carea' id='block_1_2' title="bbox 376 302 1955 2283">
    <p class='ocr_par' dir='ltr' id='par_1_2' title="bbox 383 302 1918 402">
     <span class='ocr_line' id='line_1_2' title="bbox 383 302 1918 352; baseline -0.006 -4"><span class='ocrx_word' id='word_1_4' title='bbox 383 312 591 348; x_wconf 88' lang='lat' dir='ltr'>Bellnnenses</span> <span class='ocrx_word' id='word_1_5' title='bbox 630 312 771 344; x_wconf 67' lang='lat' dir='ltr'>canonici</span> <span class='ocrx_word' id='word_1_6' title='bbox 811 319 870 341; x_wconf 66' lang='lat' dir='ltr'>sut,</span> <span class='ocrx_word' id='word_1_7' title='bbox 911 306 1105 352; x_wconf 73' lang='lat' dir='ltr'>protectione</span> <span class='ocrx_word' id='word_1_8' title='bbox 1144 305 1236 339; x_wconf 77' lang='lat' dir='ltr'>Sedis</span> <span class='ocrx_word' id='word_1_9' title='bbox 1271 303 1470 350; x_wconf 67' lang='lat' dir='ltr'>Apostolicae</span> <span class='ocrx_word' id='word_1_10' title='bbox 1510 302 1737 350; x_wconf 48' lang='lat' dir='ltr'>suscipiuntur,</span> <span class='ocrx_word' id='word_1_11' title='bbox 1773 302 1918 352; x_wconf 89' lang='lat' dir='ltr'>bonaque</span> 
     </span>
     <span class='ocr_line' id='line_1_3' title="bbox 481 354 1545 402; baseline -0.008 -7"><span class='ocrx_word' id='word_1_12' title='bbox 481 361 585 395; x_wconf 88' lang='lat' dir='ltr'>omnia</span> <span class='ocrx_word' id='word_1_13' title='bbox 612 359 649 392; x_wconf 90' lang='lat' dir='ltr'>ad</span> <span class='ocrx_word' id='word_1_14' title='bbox 673 358 801 391; x_wconf 89' lang='lat' dir='ltr'>eosdem</span> <span class='ocrx_word' id='word_1_15' title='bbox 826 355 1015 402; x_wconf 72' lang='lat' dir='ltr'>pertinentia</span> <span class='ocrx_word' id='word_1_16' title='bbox 1031 354 1270 399; x_wconf 81' lang='lat' dir='ltr'>confirmantur,</span> <span class='ocrx_word' id='word_1_17' title='bbox 1298 354 1370 387; x_wconf 87' lang='grc'>626</span> <span class='ocrx_word' id='word_1_18' title='bbox 1396 354 1414 387; x_wconf 84' lang='lat' dir='ltr'>b</span> <span class='ocrx_word' id='word_1_19' title='bbox 1435 360 1465 387; x_wconf 91' lang='lat' dir='ltr'>et</span> <span class='ocrx_word' id='word_1_20' title='bbox 1486 365 1545 398; x_wconf 83' lang='lat' dir='ltr'>seq.</span> 
     </span>
    </p>

    <p class='ocr_par' dir='ltr' id='par_1_3' title="bbox 383 401 1918 497">
     <span class='ocr_line' id='line_1_4' title="bbox 383 401 1918 452; baseline -0.005 -7"><span class='ocrx_word' id='word_1_21' title='bbox 383 409 544 445; x_wconf 84' lang='lat' dir='ltr'>Benedicti</span> <span class='ocrx_word' id='word_1_22' title='bbox 571 406 629 451; x_wconf 77' lang='lat' dir='ltr'>(S.)</span> <span class='ocrx_word' id='word_1_23' title='bbox 650 406 867 452; x_wconf 85' lang='lat' dir='ltr'>Cupersanen.</span> <span class='ocrx_word' id='word_1_24' title='bbox 887 404 1113 438; x_wconf 84' lang='lat' dir='ltr'>monasterium</span> <span class='ocrx_word' id='word_1_25' title='bbox 1135 403 1195 437; x_wconf 90' lang='lat' dir='ltr'>sub</span> <span class='ocrx_word' id='word_1_26' title='bbox 1213 402 1307 438; x_wconf 90' lang='lat' dir='ltr'>tutela</span> <span class='ocrx_word' id='word_1_27' title='bbox 1328 401 1422 437; x_wconf 90' lang='lat' dir='ltr'>Sedis</span> <span class='ocrx_word' id='word_1_28' title='bbox 1437 401 1636 449; x_wconf 79' lang='lat' dir='ltr'>Apostolicae</span> <span class='ocrx_word' id='word_1_29' title='bbox 1650 401 1812 448; x_wconf 75' lang='lat' dir='ltr'>recipitur,</span> <span class='ocrx_word' id='word_1_30' title='bbox 1825 403 1918 449; x_wconf 86' lang='lat' dir='ltr'>eique</span> 
     </span>
     <span class='ocr_line' id='line_1_5' title="bbox 481 454 1232 497; baseline -0.009 -4"><span class='ocrx_word' id='word_1_31' title='bbox 481 458 562 493; x_wconf 79' lang='lat' dir='ltr'>bona</span> <span class='ocrx_word' id='word_1_32' title='bbox 588 456 693 491; x_wconf 88' lang='lat' dir='ltr'>omnia</span> <span class='ocrx_word' id='word_1_33' title='bbox 719 455 961 492; x_wconf 81' lang='lat' dir='ltr'>confirmantur,</span> <span class='ocrx_word' id='word_1_34' title='bbox 988 454 1052 487; x_wconf 85' lang='grc'>261</span> <span class='ocrx_word' id='word_1_35' title='bbox 1081 454 1099 487; x_wconf 86' lang='lat' dir='ltr'>b</span> <span class='ocrx_word' id='word_1_36' title='bbox 1121 460 1150 486; x_wconf 87' lang='lat' dir='ltr'>et</span> <span class='ocrx_word' id='word_1_37' title='bbox 1172 465 1232 497; x_wconf 82' lang='lat' dir='ltr'>seq.</span> 
     </span>
    </p>

    <p class='ocr_par' dir='ltr' id='par_1_4' title="bbox 382 499 1920 701">
     <span class='ocr_line' id='line_1_6' title="bbox 382 499 1920 549; baseline -0.005 -6"><span class='ocrx_word' id='word_1_38' title='bbox 382 507 545 542; x_wconf 73' lang='lat' dir='ltr'>Benedicti</span> <span class='ocrx_word' id='word_1_39' title='bbox 570 505 629 549; x_wconf 68' lang='lat' dir='ltr'>(S.)</span> <span class='ocrx_word' id='word_1_40' title='bbox 652 503 879 540; x_wconf 78' lang='lat' dir='ltr'>monasterium</span> <span class='ocrx_word' id='word_1_41' title='bbox 901 514 996 548; x_wconf 86' lang='lat' dir='ltr'>super</span> <span class='ocrx_word' id='word_1_42' title='bbox 1019 501 1138 536; x_wconf 86' lang='lat' dir='ltr'>Padum</span> <span class='ocrx_word' id='word_1_43' title='bbox 1160 502 1255 536; x_wconf 86' lang='lat' dir='ltr'>situm</span> <span class='ocrx_word' id='word_1_44' title='bbox 1282 501 1443 536; x_wconf 88' lang='lat' dir='ltr'>Mantuan.</span> <span class='ocrx_word' id='word_1_45' title='bbox 1473 499 1629 535; x_wconf 83' lang='lat' dir='ltr'>dioecesis</span> <span class='ocrx_word' id='word_1_46' title='bbox 1660 499 1690 534; x_wconf 89' lang='lat' dir='ltr'>in</span> <span class='ocrx_word' id='word_1_47' title='bbox 1718 499 1920 546; x_wconf 85' lang='lat' dir='ltr'>Apostolicae</span> 
     </span>
     <span class='ocr_line' id='line_1_7' title="bbox 479 549 1918 598; baseline -0.004 -8"><span class='ocrx_word' id='word_1_48' title='bbox 479 555 571 590; x_wconf 86' lang='lat' dir='ltr'>Sedis</span> <span class='ocrx_word' id='word_1_49' title='bbox 593 553 808 589; x_wconf 80' lang='lat' dir='ltr'>defensionem</span> <span class='ocrx_word' id='word_1_50' title='bbox 823 551 1005 597; x_wconf 87' lang='lat' dir='ltr'>suscipitur,</span> <span class='ocrx_word' id='word_1_51' title='bbox 1021 551 1117 598; x_wconf 89' lang='lat' dir='ltr'>eique</span> <span class='ocrx_word' id='word_1_52' title='bbox 1136 551 1215 592; x_wconf 83' lang='lat' dir='ltr'>iura,</span> <span class='ocrx_word' id='word_1_53' title='bbox 1231 550 1391 597; x_wconf 84' lang='lat' dir='ltr'>privilegia</span> <span class='ocrx_word' id='word_1_54' title='bbox 1408 559 1438 584; x_wconf 91' lang='lat' dir='ltr'>et</span> <span class='ocrx_word' id='word_1_55' title='bbox 1456 549 1538 584; x_wconf 89' lang='lat' dir='ltr'>bona</span> <span class='ocrx_word' id='word_1_56' title='bbox 1555 549 1661 583; x_wconf 89' lang='lat' dir='ltr'>omnia</span> <span class='ocrx_word' id='word_1_57' title='bbox 1681 549 1918 590; x_wconf 86' lang='lat' dir='ltr'>confirmantur,</span> 
     </span>
     <span class='ocr_line' id='line_1_8' title="bbox 479 598 1919 647; baseline -0.003 -8"><span class='ocrx_word' id='word_1_58' title='bbox 479 606 552 639; x_wconf 76' lang='lat'>256</span> <span class='ocrx_word' id='word_1_59' title='bbox 572 617 592 638; x_wconf 85' lang='grc' dir='ltr'><em>α</em></span> <span class='ocrx_word' id='word_1_60' title='bbox 615 611 646 638; x_wconf 87' lang='lat' dir='ltr'>et</span> <span class='ocrx_word' id='word_1_61' title='bbox 670 614 730 647; x_wconf 78' lang='lat' dir='ltr'>seq.</span> <span class='ocrx_word' id='word_1_62' title='bbox 753 601 922 636; x_wconf 73' lang='lat' dir='ltr'>Decretum</span> <span class='ocrx_word' id='word_1_63' title='bbox 951 600 1101 635; x_wconf 77' lang='lat' dir='ltr'>libertatis</span> <span class='ocrx_word' id='word_1_64' title='bbox 1121 608 1152 635; x_wconf 92' lang='lat' dir='ltr'>et</span> <span class='ocrx_word' id='word_1_65' title='bbox 1172 600 1382 646; x_wconf 79' lang='lat' dir='ltr'>exemptionis</span> <span class='ocrx_word' id='word_1_66' title='bbox 1404 599 1536 637; x_wconf 83' lang='lat' dir='ltr'>obtinet,</span> <span class='ocrx_word' id='word_1_67' title='bbox 1558 599 1629 632; x_wconf 79' lang='grc'>252</span> <span class='ocrx_word' id='word_1_68' title='bbox 1648 600 1665 632; x_wconf 79' lang='grc' dir='ltr'>ὁ</span> <span class='ocrx_word' id='word_1_69' title='bbox 1692 606 1723 633; x_wconf 91' lang='lat' dir='ltr'>et</span> <span class='ocrx_word' id='word_1_70' title='bbox 1744 611 1804 644; x_wconf 81' lang='lat' dir='ltr'>seq.</span> <span class='ocrx_word' id='word_1_71' title='bbox 1840 598 1919 634; x_wconf 89' lang='lat' dir='ltr'>Eius</span> 
     </span>
     <span class='ocr_line' id='line_1_9' title="bbox 480 649 1270 701; baseline -0.008 -13"><span class='ocrx_word' id='word_1_72' title='bbox 480 652 694 701; x_wconf 71' lang='lat' dir='ltr'><strong>dependentia</strong></span> <span class='ocrx_word' id='word_1_73' title='bbox 716 651 754 685; x_wconf 90' lang='lat' dir='ltr'>ab</span> <span class='ocrx_word' id='word_1_74' title='bbox 780 650 891 685; x_wconf 84' lang='lat' dir='ltr'>abbate</span> <span class='ocrx_word' id='word_1_75' title='bbox 913 649 1126 689; x_wconf 75' lang='lat' dir='ltr'>cluniacensi,</span> <span class='ocrx_word' id='word_1_76' title='bbox 1149 651 1221 683; x_wconf 76' lang='lat'>455</span> <span class='ocrx_word' id='word_1_77' title='bbox 1243 651 1270 682; x_wconf 88' lang='lat' dir='ltr'>b.</span> 
     </span>
    </p>

    <p class='ocr_par' dir='ltr' id='par_1_5' title="bbox 381 695 1918 798">
     <span class='ocr_line' id='line_1_10' title="bbox 381 695 1918 746; baseline -0.005 -8"><span class='ocrx_word' id='word_1_78' title='bbox 381 703 547 740; x_wconf 75' lang='lat' dir='ltr'>Benedicti</span> <span class='ocrx_word' id='word_1_79' title='bbox 569 702 625 746; x_wconf 67' lang='lat' dir='ltr'>(S.)</span> <span class='ocrx_word' id='word_1_80' title='bbox 647 701 687 735; x_wconf 91' lang='lat' dir='ltr'>de</span> <span class='ocrx_word' id='word_1_81' title='bbox 708 700 791 734; x_wconf 77' lang='lat' dir='ltr'>Saxo</span> <span class='ocrx_word' id='word_1_82' title='bbox 812 698 967 734; x_wconf 83' lang='lat' dir='ltr'>Laterone</span> <span class='ocrx_word' id='word_1_83' title='bbox 993 698 1315 733; x_wconf 65' lang='lat' dir='ltr'>Clusinae&#39;dioecesis</span> <span class='ocrx_word' id='word_1_84' title='bbox 1337 696 1560 732; x_wconf 84' lang='lat' dir='ltr'>monasterium</span> <span class='ocrx_word' id='word_1_85' title='bbox 1583 695 1643 731; x_wconf 89' lang='lat' dir='ltr'>sub</span> <span class='ocrx_word' id='word_1_86' title='bbox 1669 695 1762 731; x_wconf 89' lang='lat' dir='ltr'>Sedis</span> <span class='ocrx_word' id='word_1_87' title='bbox 1785 697 1918 744; x_wconf 83' lang='lat' dir='ltr'>Aposto-</span> 
     </span>
     <span class='ocr_line' id='line_1_11' title="bbox 479 747 1758 798; baseline -0.005 -11"><span class='ocrx_word' id='word_1_88' title='bbox 479 753 558 788; x_wconf 82' lang='lat' dir='ltr'>licae</span> <span class='ocrx_word' id='word_1_89' title='bbox 579 749 775 798; x_wconf 84' lang='lat' dir='ltr'>protectione</span> <span class='ocrx_word' id='word_1_90' title='bbox 799 748 960 795; x_wconf 70' lang='lat' dir='ltr'>recipitur,</span> <span class='ocrx_word' id='word_1_91' title='bbox 982 748 1113 795; x_wconf 81' lang='lat' dir='ltr'>eiusque</span> <span class='ocrx_word' id='word_1_92' title='bbox 1140 747 1222 782; x_wconf 89' lang='lat' dir='ltr'>bona</span> <span class='ocrx_word' id='word_1_93' title='bbox 1243 747 1349 782; x_wconf 91' lang='lat' dir='ltr'>omnia</span> <span class='ocrx_word' id='word_1_94' title='bbox 1371 747 1608 789; x_wconf 85' lang='lat' dir='ltr'>confirmantur,</span> <span class='ocrx_word' id='word_1_95' title='bbox 1636 747 1706 780; x_wconf 80' lang='lat'>595</span> <span class='ocrx_word' id='word_1_96' title='bbox 1728 758 1758 780; x_wconf 87' lang='grc' dir='ltr'>α.</span> 
     </span>
    </p>

    <p class='ocr_par' dir='ltr' id='par_1_6' title="bbox 381 795 1918 846">
     <span class='ocr_line' id='line_1_12' title="bbox 381 795 1918 846; baseline -0.005 -9"><span class='ocrx_word' id='word_1_97' title='bbox 381 801 614 846; x_wconf 50' lang='lat' dir='ltr'>BenedictirS.)</span> <span class='ocrx_word' id='word_1_98' title='bbox 626 798 772 845; x_wconf 78' lang='lat' dir='ltr'>regulam</span> <span class='ocrx_word' id='word_1_99' title='bbox 787 797 921 843; x_wconf 71' lang='lat' dir='ltr'>singulis</span> <span class='ocrx_word' id='word_1_100' title='bbox 939 797 1059 831; x_wconf 84' lang='lat' dir='ltr'>ordinis</span> <span class='ocrx_word' id='word_1_101' title='bbox 1075 796 1271 837; x_wconf 82' lang='lat' dir='ltr'>monasteriis</span> <span class='ocrx_word' id='word_1_102' title='bbox 1288 796 1448 832; x_wconf 86' lang='lat' dir='ltr'>literaliter</span> <span class='ocrx_word' id='word_1_103' title='bbox 1469 804 1516 830; x_wconf 90' lang='lat' dir='ltr'>est</span> <span class='ocrx_word' id='word_1_104' title='bbox 1537 795 1783 842; x_wconf 81' lang='lat' dir='ltr'>interpretanda,</span> <span class='ocrx_word' id='word_1_105' title='bbox 1803 798 1874 830; x_wconf 79' lang='lat'>835</span> <span class='ocrx_word' id='word_1_106' title='bbox 1890 797 1918 830; x_wconf 87' lang='lat' dir='ltr'>b.</span> 
     </span>
    </p>

    <p class='ocr_par' dir='ltr' id='par_1_7' title="bbox 381 844 1955 942">
     <span class='ocr_line' id='line_1_13' title="bbox 381 844 1920 894; baseline -0.005 -7"><span class='ocrx_word' id='word_1_107' title='bbox 381 851 541 886; x_wconf 89' lang='lat' dir='ltr'>Beneficia</span> <span class='ocrx_word' id='word_1_108' title='bbox 568 848 781 884; x_wconf 83' lang='lat' dir='ltr'>ecclesiastica</span> <span class='ocrx_word' id='word_1_109' title='bbox 811 859 865 894; x_wconf 87' lang='lat' dir='ltr'>per</span> <span class='ocrx_word' id='word_1_110' title='bbox 887 846 1086 881; x_wconf 75' lang='lat' dir='ltr'>investituras</span> <span class='ocrx_word' id='word_1_111' title='bbox 1123 858 1138 880; x_wconf 90' lang='lat' dir='ltr'>a</span> <span class='ocrx_word' id='word_1_112' title='bbox 1175 846 1263 880; x_wconf 90' lang='lat' dir='ltr'>laicis</span> <span class='ocrx_word' id='word_1_113' title='bbox 1296 845 1433 885; x_wconf 82' lang='lat' dir='ltr'>obtenta,</span> <span class='ocrx_word' id='word_1_114' title='bbox 1457 846 1489 879; x_wconf 92' lang='lat' dir='ltr'>in</span> <span class='ocrx_word' id='word_1_115' title='bbox 1511 846 1736 892; x_wconf 86' lang='lat' dir='ltr'>episcoporum</span> <span class='ocrx_word' id='word_1_116' title='bbox 1775 844 1920 879; x_wconf 83' lang='lat' dir='ltr'>manibus</span> 
     </span>
     <span class='ocr_line' id='line_1_14' title="bbox 480 898 1955 942; baseline -0.009 -7"><span class='ocrx_word' id='word_1_117' title='bbox 480 898 683 942; x_wconf 82' lang='lat' dir='ltr'>dimittenda,</span> <span class='ocrx_word' id='word_1_118' title='bbox 712 899 781 931; x_wconf 81' lang='grc'>710</span> <span class='ocrx_word' id='word_1_119' title='bbox 804 898 821 930; x_wconf 89' lang='lat' dir='ltr'><em>b</em></span> <span class='ocrx_word' id='word_1_120' title='bbox 844 904 873 930; x_wconf 92' lang='lat' dir='ltr'>et</span> <span class='ocrx_word' id='word_1_121' title='bbox 899 908 958 940; x_wconf 80' lang='lat' dir='ltr'>seq.</span> <span class='ocrx_word' id='word_1_122' title='bbox 1952 902 1955 903; x_wconf 45' lang='lat'><em>⁷</em></span> 
     </span>
    </p>

    <p class='ocr_par' dir='ltr' id='par_1_8' title="bbox 382 942 1920 1094">
     <span class='ocr_line' id='line_1_15' title="bbox 382 942 1920 990; baseline -0.005 -6"><span class='ocrx_word' id='word_1_123' title='bbox 382 950 607 986; x_wconf 83' lang='lat' dir='ltr'>Beneventana</span> <span class='ocrx_word' id='word_1_124' title='bbox 629 946 772 981; x_wconf 84' lang='lat' dir='ltr'>Ecclesia</span> <span class='ocrx_word' id='word_1_125' title='bbox 794 944 854 979; x_wconf 90' lang='lat' dir='ltr'>sub</span> <span class='ocrx_word' id='word_1_126' title='bbox 881 946 1015 979; x_wconf 86' lang='lat' dir='ltr'>tuitione</span> <span class='ocrx_word' id='word_1_127' title='bbox 1040 944 1076 978; x_wconf 89' lang='lat' dir='ltr'>B.</span> <span class='ocrx_word' id='word_1_128' title='bbox 1107 943 1190 978; x_wconf 84' lang='lat' dir='ltr'>Petri</span> <span class='ocrx_word' id='word_1_129' title='bbox 1220 943 1403 990; x_wconf 81' lang='lat' dir='ltr'>suscipitur;</span> <span class='ocrx_word' id='word_1_130' title='bbox 1431 942 1514 990; x_wconf 86' lang='lat' dir='ltr'>pallii</span> <span class='ocrx_word' id='word_1_131' title='bbox 1544 956 1634 978; x_wconf 87' lang='lat' dir='ltr'>usum</span> <span class='ocrx_word' id='word_1_132' title='bbox 1662 943 1730 977; x_wconf 89' lang='lat' dir='ltr'>eius</span> <span class='ocrx_word' id='word_1_133' title='bbox 1760 943 1920 989; x_wconf 86' lang='lat' dir='ltr'>archiepi-</span> 
     </span>
     <span class='ocr_line' id='line_1_16' title="bbox 480 991 1919 1046; baseline -0.006 -12"><span class='ocrx_word' id='word_1_134' title='bbox 480 999 587 1046; x_wconf 84' lang='lat' dir='ltr'>scopis</span> <span class='ocrx_word' id='word_1_135' title='bbox 608 996 804 1038; x_wconf 81' lang='lat' dir='ltr'>conceditur,</span> <span class='ocrx_word' id='word_1_136' title='bbox 831 995 963 1040; x_wconf 88' lang='lat' dir='ltr'>ipsaque</span> <span class='ocrx_word' id='word_1_137' title='bbox 992 994 1021 1027; x_wconf 94' lang='lat' dir='ltr'>in</span> <span class='ocrx_word' id='word_1_138' title='bbox 1052 993 1152 1032; x_wconf 91' lang='lat' dir='ltr'>bonis,</span> <span class='ocrx_word' id='word_1_139' title='bbox 1176 993 1308 1033; x_wconf 82' lang='lat' dir='ltr'>iuribus,</span> <span class='ocrx_word' id='word_1_140' title='bbox 1334 993 1527 1039; x_wconf 86' lang='lat' dir='ltr'>caeterisque</span> <span class='ocrx_word' id='word_1_141' title='bbox 1551 992 1699 1028; x_wconf 83' lang='lat' dir='ltr'>omnibus</span> <span class='ocrx_word' id='word_1_142' title='bbox 1729 992 1833 1027; x_wconf 78' lang='lat' dir='ltr'>debita</span> <span class='ocrx_word' id='word_1_143' title='bbox 1859 991 1919 1027; x_wconf 77' lang='lat' dir='ltr'>frui</span> 
     </span>
     <span class='ocr_line' id='line_1_17' title="bbox 479 1045 1063 1094; baseline -0.014 -11"><span class='ocrx_word' id='word_1_144' title='bbox 479 1046 704 1094; x_wconf 78' lang='lat' dir='ltr'>tranquillitate</span> <span class='ocrx_word' id='word_1_145' title='bbox 725 1046 916 1087; x_wconf 77' lang='lat' dir='ltr'>decernitur,</span> <span class='ocrx_word' id='word_1_146' title='bbox 940 1045 1010 1076; x_wconf 78' lang='lat'>599</span> <span class='ocrx_word' id='word_1_147' title='bbox 1032 1055 1063 1076; x_wconf 84' lang='lat' dir='ltr'>a.</span> 
     </span>
    </p>

    <p class='ocr_par' dir='ltr' id='par_1_9' title="bbox 379 1090 1703 1146">
     <span class='ocr_line' id='line_1_18' title="bbox 379 1090 1703 1146; baseline -0.007 -13"><span class='ocrx_word' id='word_1_148' title='bbox 379 1098 515 1146; x_wconf 82' lang='lat' dir='ltr'>Benigni</span> <span class='ocrx_word' id='word_1_149' title='bbox 539 1098 594 1141; x_wconf 51' lang='lat' dir='ltr'>iS.)</span> <span class='ocrx_word' id='word_1_150' title='bbox 618 1093 861 1129; x_wconf 87' lang='lat' dir='ltr'>Fructuariense</span> <span class='ocrx_word' id='word_1_151' title='bbox 882 1092 1119 1126; x_wconf 84' lang='lat' dir='ltr'>monasterium.</span> <span class='ocrx_word' id='word_1_152' title='bbox 1143 1093 1176 1125; x_wconf 73' lang='grc' dir='ltr'>Γ.</span> <span class='ocrx_word' id='word_1_153' title='bbox 1200 1090 1442 1126; x_wconf 69' lang='lat' dir='ltr'>Fructuariense</span> <span class='ocrx_word' id='word_1_154' title='bbox 1466 1091 1703 1127; x_wconf 80' lang='lat' dir='ltr'>monasterium.</span> 
     </span>
    </p>

    <p class='ocr_par' dir='ltr' id='par_1_10' title="bbox 379 1139 1924 1237">
     <span class='ocr_line' id='line_1_19' title="bbox 379 1139 1917 1193; baseline -0.005 -12"><span class='ocrx_word' id='word_1_155' title='bbox 379 1147 563 1193; x_wconf 79' lang='lat' dir='ltr'>Berengarii</span> <span class='ocrx_word' id='word_1_156' title='bbox 590 1147 833 1180; x_wconf 82' lang='lat' dir='ltr'>instrumentum</span> <span class='ocrx_word' id='word_1_157' title='bbox 856 1141 1037 1175; x_wconf 84' lang='lat' dir='ltr'>donationis</span> <span class='ocrx_word' id='word_1_158' title='bbox 1066 1143 1161 1176; x_wconf 84' lang='lat' dir='ltr'>laetae</span> <span class='ocrx_word' id='word_1_159' title='bbox 1191 1140 1231 1174; x_wconf 89' lang='lat' dir='ltr'>de</span> <span class='ocrx_word' id='word_1_160' title='bbox 1256 1141 1380 1175; x_wconf 86' lang='lat' dir='ltr'>civitate</span> <span class='ocrx_word' id='word_1_161' title='bbox 1404 1140 1633 1176; x_wconf 76' lang='lat' dir='ltr'>Tarraconensi</span> <span class='ocrx_word' id='word_1_162' title='bbox 1667 1139 1831 1180; x_wconf 76' lang='lat' dir='ltr'>Romanae</span> <span class='ocrx_word' id='word_1_163' title='bbox 1848 1139 1917 1175; x_wconf 84' lang='lat' dir='ltr'>Ec-</span> 
     </span>
     <span class='ocr_line' id='line_1_20' title="bbox 478 1189 1924 1237; baseline -0.008 -6"><span class='ocrx_word' id='word_1_164' title='bbox 478 1196 605 1237; x_wconf 86' lang='lat' dir='ltr'>clesiae,</span> <span class='ocrx_word' id='word_1_165' title='bbox 634 1195 703 1228; x_wconf 75' lang='lat'>156</span> <span class='ocrx_word' id='word_1_166' title='bbox 726 1195 755 1227; x_wconf 78' lang='lat' dir='ltr'>b.</span> <span class='ocrx_word' id='word_1_167' title='bbox 788 1192 822 1225; x_wconf 75' lang='lat' dir='ltr'>V.</span> <span class='ocrx_word' id='word_1_168' title='bbox 851 1198 915 1225; x_wconf 82' lang='lat' dir='ltr'>not.</span> <span class='ocrx_word' id='word_1_169' title='bbox 939 1191 975 1224; x_wconf 80' lang='lat' dir='ltr'>ad</span> <span class='ocrx_word' id='word_1_170' title='bbox 998 1189 1076 1225; x_wconf 93' lang='lat' dir='ltr'>calc.</span> <span class='ocrx_word' id='word_1_171' title='bbox 1098 1191 1215 1225; x_wconf 88' lang='lat' dir='ltr'>colum.</span> <span class='ocrx_word' id='word_1_172' title='bbox 1242 1189 1344 1224; x_wconf 90' lang='lat' dir='ltr'>eiusd.</span> <span class='ocrx_word' id='word_1_173' title='bbox 1917 1192 1924 1200; x_wconf 55' lang='lat'>⁸</span> 
     </span>
    </p>

    <p class='ocr_par' dir='ltr' id='par_1_11' title="bbox 378 1240 1510 1287">
     <span class='ocr_line' id='line_1_21' title="bbox 378 1240 1510 1287; baseline -0.004 -7"><span class='ocrx_word' id='word_1_174' title='bbox 378 1245 562 1282; x_wconf 86' lang='lat' dir='ltr'>Berbardus</span> <span class='ocrx_word' id='word_1_175' title='bbox 587 1244 759 1279; x_wconf 68' lang='lat' dir='ltr'>Toletauus</span> <span class='ocrx_word' id='word_1_176' title='bbox 776 1240 1037 1287; x_wconf 80' lang='lat' dir='ltr'>archiepiscopus</span> <span class='ocrx_word' id='word_1_177' title='bbox 1057 1240 1152 1286; x_wconf 87' lang='lat' dir='ltr'>pallio</span> <span class='ocrx_word' id='word_1_178' title='bbox 1176 1249 1358 1283; x_wconf 76' lang='lat' dir='ltr'>exornatur,</span> <span class='ocrx_word' id='word_1_179' title='bbox 1380 1241 1451 1274; x_wconf 80' lang='grc'>215</span> <span class='ocrx_word' id='word_1_180' title='bbox 1479 1253 1510 1275; x_wconf 87' lang='grc' dir='ltr'>α.</span> 
     </span>
    </p>

    <p class='ocr_par' dir='ltr' id='par_1_12' title="bbox 378 1287 1920 1432">
     <span class='ocr_line' id='line_1_22' title="bbox 378 1287 1920 1339; baseline -0.005 -9"><span class='ocrx_word' id='word_1_181' title='bbox 378 1295 534 1332; x_wconf 87' lang='lat' dir='ltr'>Bernardi</span> <span class='ocrx_word' id='word_1_182' title='bbox 562 1294 620 1339; x_wconf 55' lang='lat' dir='ltr'>(S.)</span> <span class='ocrx_word' id='word_1_183' title='bbox 647 1289 908 1327; x_wconf 75' lang='lat' dir='ltr'>Claraeralleusis</span> <span class='ocrx_word' id='word_1_184' title='bbox 941 1289 1063 1323; x_wconf 87' lang='lat' dir='ltr'>abbatis</span> <span class='ocrx_word' id='word_1_185' title='bbox 1086 1289 1196 1324; x_wconf 85' lang='lat' dir='ltr'>merita</span> <span class='ocrx_word' id='word_1_186' title='bbox 1227 1289 1258 1322; x_wconf 88' lang='lat' dir='ltr'>in</span> <span class='ocrx_word' id='word_1_187' title='bbox 1289 1288 1405 1323; x_wconf 87' lang='lat' dir='ltr'>Sedem</span> <span class='ocrx_word' id='word_1_188' title='bbox 1431 1288 1660 1336; x_wconf 86' lang='lat' dir='ltr'>Apostolicam,</span> <span class='ocrx_word' id='word_1_189' title='bbox 1683 1289 1754 1326; x_wconf 76' lang='lat'>426</span> <span class='ocrx_word' id='word_1_190' title='bbox 1783 1289 1813 1323; x_wconf 81' lang='lat' dir='ltr'>b.</span> <span class='ocrx_word' id='word_1_191' title='bbox 1840 1287 1920 1322; x_wconf 90' lang='lat' dir='ltr'>Eius</span> 
     </span>
     <span class='ocr_line' id='line_1_23' title="bbox 477 1337 1920 1381; baseline -0.006 -1"><span class='ocrx_word' id='word_1_192' title='bbox 477 1343 674 1381; x_wconf 87' lang='lat' dir='ltr'>canonizatio</span> <span class='ocrx_word' id='word_1_193' title='bbox 700 1350 730 1376; x_wconf 88' lang='lat' dir='ltr'>et</span> <span class='ocrx_word' id='word_1_194' title='bbox 753 1339 861 1375; x_wconf 86' lang='lat' dir='ltr'>relatio</span> <span class='ocrx_word' id='word_1_195' title='bbox 890 1339 920 1372; x_wconf 93' lang='lat' dir='ltr'>in</span> <span class='ocrx_word' id='word_1_196' title='bbox 952 1350 1118 1373; x_wconf 79' lang='lat' dir='ltr'>numerum</span> <span class='ocrx_word' id='word_1_197' title='bbox 1153 1346 1334 1372; x_wconf 85' lang='lat' dir='ltr'>sauctorum</span> <span class='ocrx_word' id='word_1_198' title='bbox 1366 1337 1582 1374; x_wconf 81' lang='lat' dir='ltr'>confessorum</span> <span class='ocrx_word' id='word_1_199' title='bbox 1616 1349 1688 1373; x_wconf 90' lang='lat' dir='ltr'>cum</span> <span class='ocrx_word' id='word_1_200' title='bbox 1721 1337 1920 1376; x_wconf 72' lang='lat' dir='ltr'>institutione</span> 
     </span>
     <span class='ocr_line' id='line_1_24' title="bbox 477 1391 1026 1432; baseline -0.018 -2"><span class='ocrx_word' id='word_1_201' title='bbox 477 1406 554 1430; x_wconf 91' lang='lat' dir='ltr'>suae</span> <span class='ocrx_word' id='word_1_202' title='bbox 572 1391 756 1431; x_wconf 80' lang='lat' dir='ltr'>festivitatis,</span> <span class='ocrx_word' id='word_1_203' title='bbox 780 1392 851 1423; x_wconf 84' lang='lat'>684</span> <span class='ocrx_word' id='word_1_204' title='bbox 874 1401 893 1422; x_wconf 92' lang='grc' dir='ltr'><em>α</em></span> <span class='ocrx_word' id='word_1_205' title='bbox 915 1397 945 1422; x_wconf 89' lang='lat' dir='ltr'>et</span> <span class='ocrx_word' id='word_1_206' title='bbox 967 1400 1026 1432; x_wconf 82' lang='lat' dir='ltr'>seq.</span> 
     </span>
    </p>

    <p class='ocr_par' dir='ltr' id='par_1_13' title="bbox 378 1435 1920 1540">
     <span class='ocr_line' id='line_1_25' title="bbox 378 1435 1920 1481; baseline -0.006 -2"><span class='ocrx_word' id='word_1_207' title='bbox 378 1444 562 1481; x_wconf 85' lang='lat' dir='ltr'>Bernardus</span> <span class='ocrx_word' id='word_1_208' title='bbox 593 1441 690 1477; x_wconf 88' lang='lat' dir='ltr'>abbas</span> <span class='ocrx_word' id='word_1_209' title='bbox 727 1437 931 1474; x_wconf 80' lang='lat' dir='ltr'>Massiliensis</span> <span class='ocrx_word' id='word_1_210' title='bbox 957 1437 1162 1471; x_wconf 85' lang='lat' dir='ltr'>commissum</span> <span class='ocrx_word' id='word_1_211' title='bbox 1195 1436 1289 1471; x_wconf 86' lang='lat' dir='ltr'>habet</span> <span class='ocrx_word' id='word_1_212' title='bbox 1323 1444 1356 1471; x_wconf 90' lang='lat' dir='ltr'>ut</span> <span class='ocrx_word' id='word_1_213' title='bbox 1389 1436 1529 1472; x_wconf 86' lang='lat' dir='ltr'>obtineat</span> <span class='ocrx_word' id='word_1_214' title='bbox 1559 1435 1759 1471; x_wconf 83' lang='lat' dir='ltr'>securitatem</span> <span class='ocrx_word' id='word_1_215' title='bbox 1799 1435 1920 1472; x_wconf 80' lang='lat' dir='ltr'>itineris</span> 
     </span>
     <span class='ocr_line' id='line_1_26' title="bbox 476 1485 1421 1540; baseline -0.012 -10"><span class='ocrx_word' id='word_1_216' title='bbox 476 1493 636 1540; x_wconf 84' lang='lat' dir='ltr'>Gregorio</span> <span class='ocrx_word' id='word_1_217' title='bbox 662 1489 719 1524; x_wconf 74' lang='lat' dir='ltr'>Vll</span> <span class='ocrx_word' id='word_1_218' title='bbox 737 1488 800 1523; x_wconf 87' lang='lat' dir='ltr'>PP.</span> <span class='ocrx_word' id='word_1_219' title='bbox 824 1488 853 1521; x_wconf 90' lang='lat' dir='ltr'>in</span> <span class='ocrx_word' id='word_1_220' title='bbox 876 1486 1079 1521; x_wconf 76' lang='lat' dir='ltr'>Germaniam</span> <span class='ocrx_word' id='word_1_221' title='bbox 1100 1486 1145 1520; x_wconf 82' lang='lat' dir='ltr'>ire</span> <span class='ocrx_word' id='word_1_222' title='bbox 1168 1485 1295 1531; x_wconf 73' lang='lat' dir='ltr'>volenti,</span> <span class='ocrx_word' id='word_1_223' title='bbox 1317 1488 1363 1521; x_wconf 92' lang='lat'>80</span> <span class='ocrx_word' id='word_1_224' title='bbox 1391 1499 1421 1520; x_wconf 89' lang='grc' dir='ltr'>α.</span> 
     </span>
    </p>

    <p class='ocr_par' dir='ltr' id='par_1_14' title="bbox 378 1535 1916 1581">
     <span class='ocr_line' id='line_1_27' title="bbox 378 1535 1916 1581; baseline -0.007 -3"><span class='ocrx_word' id='word_1_225' title='bbox 378 1543 628 1579; x_wconf 78' lang='lat' dir='ltr'>Bernhomiense</span> <span class='ocrx_word' id='word_1_226' title='bbox 647 1537 871 1575; x_wconf 88' lang='lat' dir='ltr'>monasterium</span> <span class='ocrx_word' id='word_1_227' title='bbox 887 1535 1109 1570; x_wconf 85' lang='lat' dir='ltr'>Cameracens.</span> <span class='ocrx_word' id='word_1_228' title='bbox 1125 1535 1281 1570; x_wconf 88' lang='lat' dir='ltr'>dioecesis</span> <span class='ocrx_word' id='word_1_229' title='bbox 1292 1535 1515 1581; x_wconf 81' lang='lat' dir='ltr'>Asssigimiensi</span> <span class='ocrx_word' id='word_1_230' title='bbox 1532 1535 1650 1579; x_wconf 87' lang='lat' dir='ltr'>unitur,</span> <span class='ocrx_word' id='word_1_231' title='bbox 1667 1536 1737 1571; x_wconf 86' lang='grc'>512</span> <span class='ocrx_word' id='word_1_232' title='bbox 1757 1536 1776 1573; x_wconf 79' lang='grc' dir='ltr'>Ι)</span> <span class='ocrx_word' id='word_1_233' title='bbox 1800 1542 1830 1576; x_wconf 86' lang='lat' dir='ltr'>et</span> <span class='ocrx_word' id='word_1_234' title='bbox 1855 1547 1916 1581; x_wconf 77' lang='lat' dir='ltr'>seq.</span> 
     </span>
    </p>

    <p class='ocr_par' dir='ltr' id='par_1_15' title="bbox 377 1584 1918 1689">
     <span class='ocr_line' id='line_1_28' title="bbox 377 1584 1918 1630; baseline -0.006 -3"><span class='ocrx_word' id='word_1_235' title='bbox 377 1592 660 1629; x_wconf 83' lang='lat' dir='ltr'>Bernriedensium</span> <span class='ocrx_word' id='word_1_236' title='bbox 687 1587 911 1624; x_wconf 80' lang='lat' dir='ltr'>canonicorum</span> <span class='ocrx_word' id='word_1_237' title='bbox 940 1586 970 1619; x_wconf 93' lang='lat' dir='ltr'>in</span> <span class='ocrx_word' id='word_1_238' title='bbox 992 1585 1134 1620; x_wconf 83' lang='lat' dir='ltr'>Ecclesia</span> <span class='ocrx_word' id='word_1_239' title='bbox 1156 1584 1189 1619; x_wconf 93' lang='lat' dir='ltr'>S.</span> <span class='ocrx_word' id='word_1_240' title='bbox 1210 1584 1334 1619; x_wconf 81' lang='lat' dir='ltr'>Martini</span> <span class='ocrx_word' id='word_1_241' title='bbox 1355 1587 1531 1630; x_wconf 75' lang='lat' dir='ltr'>Angusten.</span> <span class='ocrx_word' id='word_1_242' title='bbox 1560 1584 1718 1622; x_wconf 85' lang='lat' dir='ltr'>dioecesis</span> <span class='ocrx_word' id='word_1_243' title='bbox 1739 1584 1918 1626; x_wconf 58' lang='lat' dir='ltr'>institutum</span> 
     </span>
     <span class='ocr_line' id='line_1_29' title="bbox 477 1632 1916 1689; baseline -0.006 -12"><span class='ocrx_word' id='word_1_244' title='bbox 477 1643 620 1689; x_wconf 84' lang='lat' dir='ltr'>regulare</span> <span class='ocrx_word' id='word_1_245' title='bbox 630 1638 833 1687; x_wconf 72' lang='lat' dir='ltr'>approbatur,</span> <span class='ocrx_word' id='word_1_246' title='bbox 848 1647 964 1681; x_wconf 87' lang='lat' dir='ltr'>eosque</span> <span class='ocrx_word' id='word_1_247' title='bbox 976 1635 1035 1669; x_wconf 88' lang='lat' dir='ltr'>sub</span> <span class='ocrx_word' id='word_1_248' title='bbox 1052 1634 1245 1681; x_wconf 84' lang='lat' dir='ltr'>protectione</span> <span class='ocrx_word' id='word_1_249' title='bbox 1260 1646 1314 1669; x_wconf 89' lang='lat' dir='ltr'>sua</span> <span class='ocrx_word' id='word_1_250' title='bbox 1328 1634 1457 1680; x_wconf 79' lang='lat' dir='ltr'>suscipit</span> <span class='ocrx_word' id='word_1_251' title='bbox 1471 1633 1652 1681; x_wconf 76' lang='lat' dir='ltr'>Apostolica</span> <span class='ocrx_word' id='word_1_252' title='bbox 1673 1632 1786 1676; x_wconf 78' lang='lat' dir='ltr'>Sedes,</span> <span class='ocrx_word' id='word_1_253' title='bbox 1802 1636 1871 1674; x_wconf 76' lang='grc'>528</span> <span class='ocrx_word' id='word_1_254' title='bbox 1887 1646 1916 1668; x_wconf 89' lang='grc' dir='ltr'>α.</span> 
     </span>
    </p>

    <p class='ocr_par' dir='ltr' id='par_1_16' title="bbox 377 1682 1918 1739">
     <span class='ocr_line' id='line_1_30' title="bbox 377 1682 1918 1739; baseline -0.007 -11"><span class='ocrx_word' id='word_1_255' title='bbox 377 1692 471 1727; x_wconf 73' lang='lat' dir='ltr'>Beria</span> <span class='ocrx_word' id='word_1_256' title='bbox 496 1692 603 1739; x_wconf 82' lang='lat' dir='ltr'>regina</span> <span class='ocrx_word' id='word_1_257' title='bbox 625 1702 641 1724; x_wconf 89' lang='lat' dir='ltr'>a</span> <span class='ocrx_word' id='word_1_258' title='bbox 663 1688 812 1734; x_wconf 86' lang='lat' dir='ltr'>Philippo</span> <span class='ocrx_word' id='word_1_259' title='bbox 834 1685 847 1719; x_wconf 90' lang='lat' dir='ltr'>l</span> <span class='ocrx_word' id='word_1_260' title='bbox 868 1684 989 1719; x_wconf 82' lang='lat' dir='ltr'>Galliae</span> <span class='ocrx_word' id='word_1_261' title='bbox 1003 1695 1074 1730; x_wconf 81' lang='lat' dir='ltr'>rege</span> <span class='ocrx_word' id='word_1_262' title='bbox 1085 1683 1279 1730; x_wconf 84' lang='lat' dir='ltr'>repudiatur,</span> <span class='ocrx_word' id='word_1_263' title='bbox 1304 1686 1370 1717; x_wconf 68' lang='lat'>147</span> <span class='ocrx_word' id='word_1_264' title='bbox 1387 1696 1416 1718; x_wconf 89' lang='grc' dir='ltr'>α.</span> <span class='ocrx_word' id='word_1_265' title='bbox 1449 1684 1481 1716; x_wconf 90' lang='lat' dir='ltr'>V.</span> <span class='ocrx_word' id='word_1_266' title='bbox 1498 1692 1562 1718; x_wconf 86' lang='lat' dir='ltr'>not.</span> <span class='ocrx_word' id='word_1_267' title='bbox 1577 1682 1614 1718; x_wconf 86' lang='lat' dir='ltr'>ad</span> <span class='ocrx_word' id='word_1_268' title='bbox 1636 1683 1713 1717; x_wconf 89' lang='lat' dir='ltr'>calc.</span> <span class='ocrx_word' id='word_1_269' title='bbox 1733 1682 1835 1723; x_wconf 74' lang='lat' dir='ltr'>eiusd.</span> <span class='ocrx_word' id='word_1_270' title='bbox 1856 1682 1918 1717; x_wconf 84' lang='lat' dir='ltr'>col.</span> 
     </span>
    </p>

    <p class='ocr_par' dir='ltr' id='par_1_17' title="bbox 377 1731 1919 1834">
     <span class='ocr_line' id='line_1_31' title="bbox 377 1731 1919 1780; baseline -0.008 -2"><span class='ocrx_word' id='word_1_271' title='bbox 377 1741 528 1777; x_wconf 83' lang='lat' dir='ltr'>Bertrada</span> <span class='ocrx_word' id='word_1_272' title='bbox 554 1752 636 1775; x_wconf 85' lang='lat' dir='ltr'>uxor</span> <span class='ocrx_word' id='word_1_273' title='bbox 655 1737 768 1773; x_wconf 85' lang='lat' dir='ltr'>Folcbi</span> <span class='ocrx_word' id='word_1_274' title='bbox 789 1734 915 1770; x_wconf 85' lang='lat' dir='ltr'>comitis</span> <span class='ocrx_word' id='word_1_275' title='bbox 941 1733 1180 1779; x_wconf 76' lang='lat' dir='ltr'>Andegaveusis</span> <span class='ocrx_word' id='word_1_276' title='bbox 1207 1732 1501 1780; x_wconf 19' lang='lat' dir='ltr'>uubittphilippum</span> <span class='ocrx_word' id='word_1_277' title='bbox 1531 1731 1544 1766; x_wconf 91' lang='lat'>1</span> <span class='ocrx_word' id='word_1_278' title='bbox 1571 1731 1691 1767; x_wconf 84' lang='lat' dir='ltr'>Galliae</span> <span class='ocrx_word' id='word_1_279' title='bbox 1716 1743 1839 1778; x_wconf 79' lang='lat' dir='ltr'>regem,</span> <span class='ocrx_word' id='word_1_280' title='bbox 1865 1732 1919 1779; x_wconf 81' lang='lat' dir='ltr'>qui</span> 
     </span>
     <span class='ocr_line' id='line_1_32' title="bbox 475 1780 1705 1834; baseline -0.01 -8"><span class='ocrx_word' id='word_1_281' title='bbox 475 1791 602 1825; x_wconf 76' lang='lat' dir='ltr'>Ber-tam</span> <span class='ocrx_word' id='word_1_282' title='bbox 625 1788 769 1834; x_wconf 83' lang='lat' dir='ltr'>reginam</span> <span class='ocrx_word' id='word_1_283' title='bbox 791 1784 1022 1831; x_wconf 81' lang='lat' dir='ltr'>repudiaverat,</span> <span class='ocrx_word' id='word_1_284' title='bbox 1045 1785 1110 1816; x_wconf 79' lang='lat'>147</span> <span class='ocrx_word' id='word_1_285' title='bbox 1139 1784 1167 1816; x_wconf 88' lang='lat' dir='ltr'>b.</span> <span class='ocrx_word' id='word_1_286' title='bbox 1196 1783 1231 1815; x_wconf 72' lang='lat' dir='ltr'>V.</span> <span class='ocrx_word' id='word_1_287' title='bbox 1259 1790 1324 1817; x_wconf 89' lang='lat' dir='ltr'>not.</span> <span class='ocrx_word' id='word_1_288' title='bbox 1347 1782 1385 1816; x_wconf 86' lang='lat' dir='ltr'>ad</span> <span class='ocrx_word' id='word_1_289' title='bbox 1408 1781 1485 1816; x_wconf 89' lang='lat' dir='ltr'>calc.</span> <span class='ocrx_word' id='word_1_290' title='bbox 1513 1781 1616 1817; x_wconf 77' lang='lat' dir='ltr'>eiusd.</span> <span class='ocrx_word' id='word_1_291' title='bbox 1645 1780 1705 1816; x_wconf 90' lang='lat' dir='ltr'>col.</span> 
     </span>
    </p>

    <p class='ocr_par' dir='ltr' id='par_1_18' title="bbox 378 1829 1917 1926">
     <span class='ocr_line' id='line_1_33' title="bbox 378 1829 1917 1884; baseline -0.008 -9"><span class='ocrx_word' id='word_1_292' title='bbox 378 1840 584 1884; x_wconf 82' lang='lat' dir='ltr'>Bertrandus,</span> <span class='ocrx_word' id='word_1_293' title='bbox 601 1846 692 1873; x_wconf 87' lang='lat' dir='ltr'>antea</span> <span class='ocrx_word' id='word_1_294' title='bbox 717 1836 887 1883; x_wconf 84' lang='lat' dir='ltr'>episcopus</span> <span class='ocrx_word' id='word_1_295' title='bbox 909 1833 1143 1877; x_wconf 80' lang='lat' dir='ltr'>Nemausensis,</span> <span class='ocrx_word' id='word_1_296' title='bbox 1170 1831 1330 1867; x_wconf 88' lang='lat' dir='ltr'>Ecclesiae</span> <span class='ocrx_word' id='word_1_297' title='bbox 1351 1830 1550 1866; x_wconf 87' lang='lat' dir='ltr'>Narbonensi</span> <span class='ocrx_word' id='word_1_298' title='bbox 1571 1829 1762 1878; x_wconf 87' lang='lat' dir='ltr'>praeficitur,</span> <span class='ocrx_word' id='word_1_299' title='bbox 1792 1832 1860 1870; x_wconf 75' lang='lat'>154</span> <span class='ocrx_word' id='word_1_300' title='bbox 1888 1831 1917 1864; x_wconf 80' lang='lat' dir='ltr'>b.</span> 
     </span>
     <span class='ocr_line' id='line_1_34' title="bbox 478 1884 932 1926; baseline -0.022 -1"><span class='ocrx_word' id='word_1_301' title='bbox 478 1889 577 1925; x_wconf 89' lang='lat' dir='ltr'>Pallio</span> <span class='ocrx_word' id='word_1_302' title='bbox 599 1894 780 1926; x_wconf 77' lang='lat' dir='ltr'>exornatur,</span> <span class='ocrx_word' id='word_1_303' title='bbox 805 1884 874 1917; x_wconf 81' lang='grc'>156</span> <span class='ocrx_word' id='word_1_304' title='bbox 902 1895 932 1917; x_wconf 88' lang='lat' dir='ltr'>a.</span> 
     </span>
    </p>

    <p class='ocr_par' dir='ltr' id='par_1_19' title="bbox 377 1930 1659 1981">
     <span class='ocr_line' id='line_1_35' title="bbox 377 1930 1659 1981; baseline -0.009 -5"><span class='ocrx_word' id='word_1_305' title='bbox 377 1939 532 1975; x_wconf 89' lang='lat' dir='ltr'>Besuensi</span> <span class='ocrx_word' id='word_1_306' title='bbox 552 1937 744 1973; x_wconf 84' lang='lat' dir='ltr'>monasterio</span> <span class='ocrx_word' id='word_1_307' title='bbox 770 1932 988 1981; x_wconf 86' lang='lat' dir='ltr'>possessiones</span> <span class='ocrx_word' id='word_1_308' title='bbox 1010 1939 1040 1967; x_wconf 90' lang='lat' dir='ltr'>et</span> <span class='ocrx_word' id='word_1_309' title='bbox 1062 1931 1130 1966; x_wconf 86' lang='lat' dir='ltr'>iura</span> <span class='ocrx_word' id='word_1_310' title='bbox 1156 1930 1395 1972; x_wconf 76' lang='lat' dir='ltr'>confirmantur,</span> <span class='ocrx_word' id='word_1_311' title='bbox 1416 1931 1482 1964; x_wconf 83' lang='grc'>251</span> <span class='ocrx_word' id='word_1_312' title='bbox 1510 1942 1530 1964; x_wconf 90' lang='lat' dir='ltr'><em>a</em></span> <span class='ocrx_word' id='word_1_313' title='bbox 1544 1938 1575 1965; x_wconf 94' lang='lat' dir='ltr'>et</span> <span class='ocrx_word' id='word_1_314' title='bbox 1600 1942 1659 1975; x_wconf 81' lang='lat' dir='ltr'>seq.</span> 
     </span>
    </p>

    <p class='ocr_par' dir='ltr' id='par_1_20' title="bbox 377 1980 1262 2026">
     <span class='ocr_line' id='line_1_36' title="bbox 377 1980 1262 2026; baseline -0.011 -2"><span class='ocrx_word' id='word_1_315' title='bbox 377 1988 569 2025; x_wconf 89' lang='lat' dir='ltr'>Bibonensis</span> <span class='ocrx_word' id='word_1_316' title='bbox 584 1986 729 2022; x_wconf 84' lang='lat' dir='ltr'>Ecclesia</span> <span class='ocrx_word' id='word_1_317' title='bbox 754 1982 905 2018; x_wconf 87' lang='lat' dir='ltr'>Militensi</span> <span class='ocrx_word' id='word_1_318' title='bbox 931 1980 1110 2026; x_wconf 83' lang='lat' dir='ltr'>subiicitur,</span> <span class='ocrx_word' id='word_1_319' title='bbox 1139 1981 1208 2014; x_wconf 83' lang='grc'>529</span> <span class='ocrx_word' id='word_1_320' title='bbox 1231 1993 1262 2014; x_wconf 91' lang='grc' dir='ltr'>α.</span> 
     </span>
    </p>

    <p class='ocr_par' dir='ltr' id='par_1_21' title="bbox 376 2027 1695 2085">
     <span class='ocr_line' id='line_1_37' title="bbox 376 2027 1695 2085; baseline -0.009 -11"><span class='ocrx_word' id='word_1_321' title='bbox 376 2038 502 2085; x_wconf 81' lang='lat' dir='ltr'>Bigami</span> <span class='ocrx_word' id='word_1_322' title='bbox 523 2046 555 2073; x_wconf 93' lang='lat' dir='ltr'>et</span> <span class='ocrx_word' id='word_1_323' title='bbox 575 2036 741 2072; x_wconf 84' lang='lat' dir='ltr'>viduarum</span> <span class='ocrx_word' id='word_1_324' title='bbox 770 2031 872 2068; x_wconf 90' lang='lat' dir='ltr'>mariti</span> <span class='ocrx_word' id='word_1_325' title='bbox 896 2043 913 2066; x_wconf 89' lang='grc'>3</span> <span class='ocrx_word' id='word_1_326' title='bbox 934 2031 1031 2065; x_wconf 88' lang='lat' dir='ltr'>sacris</span> <span class='ocrx_word' id='word_1_327' title='bbox 1058 2030 1224 2065; x_wconf 86' lang='lat' dir='ltr'>ordinibus</span> <span class='ocrx_word' id='word_1_328' title='bbox 1250 2037 1324 2064; x_wconf 87' lang='lat' dir='ltr'>sunt</span> <span class='ocrx_word' id='word_1_329' title='bbox 1345 2027 1543 2075; x_wconf 80' lang='lat' dir='ltr'>segregandi,</span> <span class='ocrx_word' id='word_1_330' title='bbox 1572 2030 1641 2064; x_wconf 83' lang='lat'>199</span> <span class='ocrx_word' id='word_1_331' title='bbox 1663 2041 1695 2064; x_wconf 85' lang='lat' dir='ltr'>a.</span> 
     </span>
    </p>

    <p class='ocr_par' dir='ltr' id='par_1_22' title="bbox 376 2077 1686 2128">
     <span class='ocr_line' id='line_1_38' title="bbox 376 2077 1686 2128; baseline -0.008 -6"><span class='ocrx_word' id='word_1_332' title='bbox 376 2087 563 2123; x_wconf 86' lang='lat' dir='ltr'>Bisuntiuae</span> <span class='ocrx_word' id='word_1_333' title='bbox 597 2085 759 2121; x_wconf 87' lang='lat' dir='ltr'>Ecclesiae</span> <span class='ocrx_word' id='word_1_334' title='bbox 781 2083 815 2118; x_wconf 90' lang='lat' dir='ltr'>S.</span> <span class='ocrx_word' id='word_1_335' title='bbox 839 2080 993 2128; x_wconf 87' lang='lat' dir='ltr'>Stephani</span> <span class='ocrx_word' id='word_1_336' title='bbox 1019 2079 1157 2126; x_wconf 81' lang='lat' dir='ltr'>dignitas</span> <span class='ocrx_word' id='word_1_337' title='bbox 1178 2079 1318 2114; x_wconf 85' lang='lat' dir='ltr'>matricis</span> <span class='ocrx_word' id='word_1_338' title='bbox 1335 2077 1631 2122; x_wconf 78' lang='lat' dir='ltr'>adiudicatur‚280</span> <span class='ocrx_word' id='word_1_339' title='bbox 1658 2080 1686 2112; x_wconf 86' lang='lat' dir='ltr'>b.</span> 
     </span>
    </p>

    <p class='ocr_par' dir='ltr' id='par_1_23' title="bbox 376 2125 1921 2283">
     <span class='ocr_line' id='line_1_39' title="bbox 376 2125 1921 2179; baseline -0.007 -8"><span class='ocrx_word' id='word_1_340' title='bbox 376 2136 584 2173; x_wconf 88' lang='lat' dir='ltr'>Bituricensis</span> <span class='ocrx_word' id='word_1_341' title='bbox 603 2134 747 2170; x_wconf 82' lang='lat' dir='ltr'>Ecclesia</span> <span class='ocrx_word' id='word_1_342' title='bbox 770 2131 828 2167; x_wconf 90' lang='lat' dir='ltr'>sub</span> <span class='ocrx_word' id='word_1_343' title='bbox 856 2130 1053 2179; x_wconf 84' lang='lat' dir='ltr'>protectione</span> <span class='ocrx_word' id='word_1_344' title='bbox 1075 2129 1278 2177; x_wconf 80' lang='lat' dir='ltr'>Apostolicae</span> <span class='ocrx_word' id='word_1_345' title='bbox 1310 2127 1403 2163; x_wconf 90' lang='lat' dir='ltr'>Sedis</span> <span class='ocrx_word' id='word_1_346' title='bbox 1434 2127 1624 2175; x_wconf 89' lang='lat' dir='ltr'>suscipitur;</span> <span class='ocrx_word' id='word_1_347' title='bbox 1660 2126 1764 2162; x_wconf 90' lang='lat' dir='ltr'>eidem</span> <span class='ocrx_word' id='word_1_348' title='bbox 1800 2125 1921 2161; x_wconf 82' lang='lat' dir='ltr'>confir-</span> 
     </span>
     <span class='ocr_line' id='line_1_40' title="bbox 476 2175 1920 2233; baseline -0.01 -11"><span class='ocrx_word' id='word_1_349' title='bbox 476 2195 580 2221; x_wconf 89' lang='lat' dir='ltr'>matur</span> <span class='ocrx_word' id='word_1_350' title='bbox 614 2185 766 2233; x_wconf 89' lang='lat' dir='ltr'>primatus</span> <span class='ocrx_word' id='word_1_351' title='bbox 807 2182 837 2215; x_wconf 89' lang='lat' dir='ltr'>in</span> <span class='ocrx_word' id='word_1_352' title='bbox 875 2179 1108 2214; x_wconf 88' lang='lat' dir='ltr'>Bituricensem</span> <span class='ocrx_word' id='word_1_353' title='bbox 1145 2186 1175 2213; x_wconf 86' lang='lat' dir='ltr'>et</span> <span class='ocrx_word' id='word_1_354' title='bbox 1209 2176 1472 2224; x_wconf 83' lang='lat' dir='ltr'>Burdigalensem</span> <span class='ocrx_word' id='word_1_355' title='bbox 1513 2177 1709 2224; x_wconf 81' lang='lat' dir='ltr'>provincias3</span> <span class='ocrx_word' id='word_1_356' title='bbox 1757 2175 1827 2210; x_wconf 88' lang='lat' dir='ltr'>eius</span> <span class='ocrx_word' id='word_1_357' title='bbox 1869 2187 1920 2208; x_wconf 86' lang='lat' dir='ltr'>ar-</span> 
     </span>
     <span class='ocr_line' id='line_1_41' title="bbox 476 2223 1919 2283; baseline -0.01 -12"><span class='ocrx_word' id='word_1_358' title='bbox 476 2236 681 2283; x_wconf 88' lang='lat' dir='ltr'>chiepiscopo</span> <span class='ocrx_word' id='word_1_359' title='bbox 708 2232 793 2280; x_wconf 88' lang='lat' dir='ltr'>pallii</span> <span class='ocrx_word' id='word_1_360' title='bbox 823 2238 854 2265; x_wconf 90' lang='lat' dir='ltr'>et</span> <span class='ocrx_word' id='word_1_361' title='bbox 889 2229 992 2265; x_wconf 88' lang='lat' dir='ltr'>crucis</span> <span class='ocrx_word' id='word_1_362' title='bbox 1022 2229 1124 2264; x_wconf 76' lang='lat' dir='ltr'>vexilli</span> <span class='ocrx_word' id='word_1_363' title='bbox 1158 2240 1250 2263; x_wconf 91' lang='lat' dir='ltr'>usum</span> <span class='ocrx_word' id='word_1_364' title='bbox 1284 2239 1340 2275; x_wconf 91' lang='lat' dir='ltr'>per</span> <span class='ocrx_word' id='word_1_365' title='bbox 1367 2226 1465 2261; x_wconf 88' lang='lat' dir='ltr'>dictas</span> <span class='ocrx_word' id='word_1_366' title='bbox 1503 2225 1680 2273; x_wconf 87' lang='lat' dir='ltr'>provincias</span> <span class='ocrx_word' id='word_1_367' title='bbox 1721 2223 1919 2268; x_wconf 82' lang='lat' dir='ltr'>conceditur,</span> 
     </span>
    </p>
   </div>
   <div class='ocr_carea' id='block_1_3' title="bbox 376 2287 1921 2376">
    <p class='ocr_par' dir='ltr' id='par_1_24' title="bbox 376 2287 1921 2376">
     <span class='ocr_line' id='line_1_42' title="bbox 477 2287 1881 2320; baseline -0.017 0"><span class='ocrx_word' id='word_1_368' title='bbox 477 2287 548 2320; x_wconf 79' lang='lat'>594</span> <span class='ocrx_word' id='word_1_369' title='bbox 571 2287 588 2319; x_wconf 85' lang='lat' dir='ltr'><strong><em>b</em></strong></span> <span class='ocrx_word' id='word_1_370' title='bbox 615 2293 645 2320; x_wconf 75' lang='grc' dir='ltr'>ει</span> <span class='ocrx_word' id='word_1_371' title='bbox 666 2296 694 2318; x_wconf 70' lang='lat' dir='ltr'>se</span> <span class='ocrx_word' id='word_1_372' title='bbox 720 2309 726 2316; x_wconf 94' lang='lat'><strong>.</strong></span> <span class='ocrx_word' id='word_1_373' title='bbox 1874 2307 1881 2310; x_wconf 18' lang='grc' dir='ltr'>ῃ</span> 
     </span>
     <span class='ocr_line' id='line_1_43' title="bbox 376 2296 1921 2376; baseline -0.01 -5"><span class='ocrx_word' id='word_1_374' title='bbox 376 2335 562 2371; x_wconf 84' lang='lat' dir='ltr'>Blaziliense</span> <span class='ocrx_word' id='word_1_375' title='bbox 584 2296 809 2368; x_wconf 65' lang='lat' dir='ltr'>monastqerium</span> <span class='ocrx_word' id='word_1_376' title='bbox 837 2328 898 2364; x_wconf 88' lang='lat' dir='ltr'>sub</span> <span class='ocrx_word' id='word_1_377' title='bbox 917 2327 1117 2376; x_wconf 87' lang='lat' dir='ltr'>protectione</span> <span class='ocrx_word' id='word_1_378' title='bbox 1139 2327 1251 2376; x_wconf 81' lang='lat' dir='ltr'>Apost.</span> <span class='ocrx_word' id='word_1_379' title='bbox 1274 2325 1368 2363; x_wconf 87' lang='lat' dir='ltr'>Sedis</span> <span class='ocrx_word' id='word_1_380' title='bbox 1390 2325 1573 2373; x_wconf 81' lang='lat' dir='ltr'>suscipitur,</span> <span class='ocrx_word' id='word_1_381' title='bbox 1592 2325 1684 2372; x_wconf 89' lang='lat' dir='ltr'>eique</span> <span class='ocrx_word' id='word_1_382' title='bbox 1695 2322 1921 2359; x_wconf 84' lang='lat' dir='ltr'>confirmantur</span> 
     </span>
    </p>
   </div>
   <div class='ocr_carea' id='block_1_4' title="bbox 378 2381 1919 2475">
    <p class='ocr_par' dir='ltr' id='par_1_25' title="bbox 378 2381 1919 2475">
     <span class='ocr_line' id='line_1_44' title="bbox 476 2381 954 2422; baseline -0.015 -3"><span class='ocrx_word' id='word_1_383' title='bbox 476 2384 559 2419; x_wconf 90' lang='lat' dir='ltr'>bona</span> <span class='ocrx_word' id='word_1_384' title='bbox 581 2383 699 2422; x_wconf 80' lang='lat' dir='ltr'>omnia,</span> <span class='ocrx_word' id='word_1_385' title='bbox 727 2383 790 2415; x_wconf 87' lang='grc'>201</span> <span class='ocrx_word' id='word_1_386' title='bbox 825 2392 845 2414; x_wconf 87' lang='grc' dir='ltr'><strong><em>α</em></strong></span> <span class='ocrx_word' id='word_1_387' title='bbox 867 2388 898 2413; x_wconf 88' lang='lat' dir='ltr'>et</span> <span class='ocrx_word' id='word_1_388' title='bbox 925 2381 954 2413; x_wconf 84' lang='lat' dir='ltr'>b.</span> 
     </span>
     <span class='ocr_line' id='line_1_45' title="bbox 378 2419 1919 2475; baseline -0.009 -6"><span class='ocrx_word' id='word_1_389' title='bbox 378 2433 587 2468; x_wconf 83' lang='lat' dir='ltr'>Boamundus</span> <span class='ocrx_word' id='word_1_390' title='bbox 611 2440 642 2467; x_wconf 83' lang='lat' dir='ltr'>et</span> <span class='ocrx_word' id='word_1_391' title='bbox 668 2431 762 2466; x_wconf 76' lang='lat' dir='ltr'>frater</span> <span class='ocrx_word' id='word_1_392' title='bbox 782 2430 852 2464; x_wconf 88' lang='lat' dir='ltr'>eius</span> <span class='ocrx_word' id='word_1_393' title='bbox 874 2427 1032 2475; x_wconf 80' lang='lat' dir='ltr'>Rogerius</span> <span class='ocrx_word' id='word_1_394' title='bbox 1053 2426 1117 2461; x_wconf 82' lang='lat' dir='ltr'>dux</span> <span class='ocrx_word' id='word_1_395' title='bbox 1151 2427 1271 2461; x_wconf 83' lang='lat' dir='ltr'>instant</span> <span class='ocrx_word' id='word_1_396' title='bbox 1301 2435 1333 2461; x_wconf 84' lang='lat' dir='ltr'>et</span> <span class='ocrx_word' id='word_1_397' title='bbox 1359 2424 1506 2460; x_wconf 85' lang='lat' dir='ltr'>obtinent</span> <span class='ocrx_word' id='word_1_398' title='bbox 1540 2432 1574 2459; x_wconf 87' lang='lat' dir='ltr'>ut</span> <span class='ocrx_word' id='word_1_399' title='bbox 1606 2422 1756 2458; x_wconf 87' lang='lat' dir='ltr'>Urbanus</span> <span class='ocrx_word' id='word_1_400' title='bbox 1793 2419 1821 2456; x_wconf 84' lang='grc' dir='ltr'>ΙΙ</span> <span class='ocrx_word' id='word_1_401' title='bbox 1853 2419 1919 2455; x_wconf 87' lang='grc' dir='ltr'>ΡΡ.</span> 
     </span>
    </p>
   </div>
   <div class='ocr_carea' id='block_1_5' title="bbox 379 2477 1918 2677">
    <p class='ocr_par' dir='ltr' id='par_1_26' title="bbox 379 2477 1918 2677">
     <span class='ocr_line' id='line_1_46' title="bbox 478 2477 1444 2519; baseline -0.01 -1"><span class='ocrx_word' id='word_1_402' title='bbox 478 2489 646 2517; x_wconf 84' lang='lat' dir='ltr'>consecret</span> <span class='ocrx_word' id='word_1_403' title='bbox 671 2481 709 2516; x_wconf 89' lang='lat' dir='ltr'>ad</span> <span class='ocrx_word' id='word_1_404' title='bbox 736 2478 910 2514; x_wconf 90' lang='lat' dir='ltr'>Bantinum</span> <span class='ocrx_word' id='word_1_405' title='bbox 934 2478 1178 2517; x_wconf 84' lang='lat' dir='ltr'>monasterium,</span> <span class='ocrx_word' id='word_1_406' title='bbox 1197 2477 1267 2510; x_wconf 81' lang='grc'>125</span> <span class='ocrx_word' id='word_1_407' title='bbox 1289 2488 1310 2511; x_wconf 84' lang='lat' dir='ltr'><strong><em>a</em></strong></span> <span class='ocrx_word' id='word_1_408' title='bbox 1331 2483 1363 2509; x_wconf 89' lang='lat' dir='ltr'>et</span> <span class='ocrx_word' id='word_1_409' title='bbox 1383 2487 1444 2519; x_wconf 84' lang='lat' dir='ltr'>seq.</span> 
     </span>
     <span class='ocr_line' id='line_1_47' title="bbox 379 2521 1736 2568; baseline -0.009 -2"><span class='ocrx_word' id='word_1_410' title='bbox 379 2530 579 2566; x_wconf 88' lang='lat' dir='ltr'>Bonaevallis</span> <span class='ocrx_word' id='word_1_411' title='bbox 601 2530 843 2566; x_wconf 87' lang='lat' dir='ltr'>monasterium.</span> <span class='ocrx_word' id='word_1_412' title='bbox 876 2527 908 2561; x_wconf 89' lang='lat' dir='ltr'>V.</span> <span class='ocrx_word' id='word_1_413' title='bbox 937 2527 1067 2562; x_wconf 84' lang='lat' dir='ltr'>loannis</span> <span class='ocrx_word' id='word_1_414' title='bbox 1095 2534 1127 2560; x_wconf 83' lang='lat' dir='ltr'>et</span> <span class='ocrx_word' id='word_1_415' title='bbox 1152 2525 1292 2560; x_wconf 83' lang='lat' dir='ltr'>Andreae</span> <span class='ocrx_word' id='word_1_416' title='bbox 1317 2523 1391 2568; x_wconf 72' lang='lat' dir='ltr'>(Ss.)</span> <span class='ocrx_word' id='word_1_417' title='bbox 1417 2523 1457 2558; x_wconf 92' lang='lat' dir='ltr'>de</span> <span class='ocrx_word' id='word_1_418' title='bbox 1485 2521 1655 2559; x_wconf 80' lang='lat' dir='ltr'>Bouavalle</span> <span class='ocrx_word' id='word_1_419' title='bbox 1681 2528 1736 2555; x_wconf 75' lang='lat' dir='ltr'>ecc.</span> 
     </span>
     <span class='ocr_line' id='line_1_48' title="bbox 379 2567 1918 2622; baseline -0.008 -7"><span class='ocrx_word' id='word_1_420' title='bbox 379 2579 595 2615; x_wconf 83' lang='lat' dir='ltr'>Boni-Fontis</span> <span class='ocrx_word' id='word_1_421' title='bbox 615 2579 760 2614; x_wconf 80' lang='lat' dir='ltr'>Aduren.</span> <span class='ocrx_word' id='word_1_422' title='bbox 785 2577 945 2612; x_wconf 83' lang='lat' dir='ltr'>dioecesis</span> <span class='ocrx_word' id='word_1_423' title='bbox 960 2576 1193 2611; x_wconf 84' lang='lat' dir='ltr'>monasterium</span> <span class='ocrx_word' id='word_1_424' title='bbox 1214 2574 1276 2609; x_wconf 86' lang='lat' dir='ltr'>sub</span> <span class='ocrx_word' id='word_1_425' title='bbox 1293 2573 1492 2621; x_wconf 67' lang='lat' dir='ltr'>protectione</span> <span class='ocrx_word' id='word_1_426' title='bbox 1514 2572 1629 2622; x_wconf 85' lang='lat' dir='ltr'>Apost.</span> <span class='ocrx_word' id='word_1_427' title='bbox 1644 2569 1740 2607; x_wconf 87' lang='lat' dir='ltr'>Sedis</span> <span class='ocrx_word' id='word_1_428' title='bbox 1754 2567 1918 2615; x_wconf 82' lang='lat' dir='ltr'>recipitur,</span> 
     </span>
     <span class='ocr_line' id='line_1_49' title="bbox 478 2626 1359 2677; baseline -0.008 -12"><span class='ocrx_word' id='word_1_429' title='bbox 478 2631 572 2677; x_wconf 85' lang='lat' dir='ltr'>eique</span> <span class='ocrx_word' id='word_1_430' title='bbox 599 2629 682 2666; x_wconf 84' lang='lat' dir='ltr'>bona</span> <span class='ocrx_word' id='word_1_431' title='bbox 707 2628 815 2664; x_wconf 86' lang='lat' dir='ltr'>omnia</span> <span class='ocrx_word' id='word_1_432' title='bbox 837 2627 1076 2672; x_wconf 77' lang='lat' dir='ltr'>confirmantur,</span> <span class='ocrx_word' id='word_1_433' title='bbox 1101 2626 1172 2660; x_wconf 87' lang='grc'>690</span> <span class='ocrx_word' id='word_1_434' title='bbox 1201 2637 1221 2660; x_wconf 87' lang='grc' dir='ltr'><em>α</em></span> <span class='ocrx_word' id='word_1_435' title='bbox 1241 2632 1273 2659; x_wconf 87' lang='lat' dir='ltr'>et</span> <span class='ocrx_word' id='word_1_436' title='bbox 1298 2636 1359 2669; x_wconf 69' lang='lat' dir='ltr'>seq.</span> 
     </span>
    </p>
   </div>
   <div class='ocr_carea' id='block_1_6' title="bbox 2146 0 2180 3205">
    <p class='ocr_par' dir='ltr' id='par_1_27' title="bbox 2146 0 2180 3205">
     <span class='ocr_line' id='line_1_50' title="bbox 2146 0 2180 3205; baseline 0 0"><span class='ocrx_word' id='word_1_437' title='bbox 2146 0 2180 3205; x_wconf 95' lang='lat' dir='ltr'> </span> 
     </span>
    </p>
   </div>
  </div>
 </body>
</html>
