2180 3205
180 226 275 254 Aac.
298 228 366 257 11‘20

188 1736 245 1756 Atiae
257 1736 352 1757 dei-inias

167 1768 205 1782 seu
218 1763 352 1783 consuetudi-

167 1795 204 1810 nes
219 1791 240 1810 et
254 1789 300 1810 iura
315 1795 353 1816 as-

167 1816 289 1841 probantur.

447 207 517 240 502

393 283 534 311 mamus;
555 277 587 304 ut
611 268 754 303 videlicet
776 268 805 302 in
830 267 1050 303 Purilicatione
1066 267 1143 302 San-

389 328 457 356 ctae
485 319 611 359 Mariae,
634 319 775 353 canonici
795 319 828 353 S.
851 318 1004 365 Stephani
1020 317 1057 352 ad
1075 330 1142 364 pro-

389 369 567 404 cessionem
589 368 795 411 conveniant‚
829 375 860 401 et
886 379 993 402 cereos
1014 375 1141 413 septua-

388 418 475 463 ginta
497 417 579 452 duos
604 416 785 451 exhibeant:
814 416 845 450 in
872 416 978 452 Coena
1012 416 1138 452 Domini

387 479 460 501 cnm
501 466 698 501 candelabris
746 473 777 500 et
821 466 930 500 maiori
966 478 1060 501 cruce
1099 465 1138 500 ad

387 516 486 551 sancti
528 515 716 550 Chrismatis
752 515 981 550 confectionem
1022 527 1139 550 conve-

387 565 490 600 niant:
513 565 543 598 in
567 564 707 601 Sabbato
729 564 845 601 Sancto
860 578 914 600 sex
937 565 1033 600 libras
1049 577 1138 599 cerae

385 614 427 649 ad
444 626 592 660 magnum
610 626 737 649 cereum
758 614 933 649 faciendum
958 615 1135 660 praebeant:

386 665 560 698 canonicos
588 672 723 710 quatuor
755 664 793 699 ad
827 664 974 710 legendas
1001 672 1137 711 quatuor

385 713 555 757 lectiones⁷
589 721 620 747 et
655 720 778 760 praeter
814 713 883 748 illos
917 713 1133 760 presbyterum

383 763 572 797 canonicum
589 762 625 797 ad
639 762 819 797 collectam:
837 763 904 811 ipso
920 763 970 797 die
983 763 1134 803 Paschae,

385 811 549 846 brachium
573 811 654 846 beati
672 811 823 858 Stephani
845 825 914 846 cum
935 813 1134 858 processione

382 862 568 895 solemniter
600 861 745 895 asserant:
774 861 803 894 in
827 861 955 895 sabbato
978 861 1133 896 Penteco-

383 918 448 945 stes
480 910 561 944 duos
594 910 763 944 canonicos
797 910 835 944 ad
872 910 1021 956 legendas
1055 911 1133 945 duas

381 960 531 994 lectiones
559 959 697 999 mittant,
712 967 741 993 et
762 967 882 1004 praeter
901 960 987 1003 illos,
1011 960 1132 1007 presby-

382 1017 484 1043 terum
512 1009 699 1042 canonicum
719 1007 757 1042 ad
780 1008 960 1043 collectam:
993 1009 1023 1042 in
1047 1021 1132 1043 mes-

381 1058 471 1092 sione
504 1065 534 1091 et
556 1056 714 1091 vindemia
741 1056 873 1098 Peliaci‚
899 1070 1015 1100 ceram,
1051 1070 1130 1104 qnae

380 1107 530 1141 sufficiat:
554 1106 584 1140 in
607 1105 686 1141 festo
708 1106 741 1141 S.
759 1107 910 1152 Stephani
930 1107 959 1141 in
984 1115 1130 1152 angusto,

381 1168 518 1199 vaccam,
548 1155 594 1189 vel
617 1164 750 1202 quatuor
771 1156 902 1197 solidos,
926 1165 955 1190 et
989 1157 1129 1191 modium

382 1205 464 1239 vini:
500 1206 530 1239 in
559 1204 766 1240 Ultraiurensi
807 1205 963 1240 vindemia
1007 1218 1129 1246 ceram,

378 1267 459 1301 quae
487 1254 636 1289 sufficiat:
672 1267 725 1301 per
757 1262 857 1289 totum
884 1268 1019 1296 annum,
1054 1255 1127 1289 dnm

379 1304 437 1338 erit
471 1304 576 1337 vinum
614 1304 643 1338 in
679 1304 806 1338 cellario
829 1303 934 1338 Sancti
972 1304 1128 1348 lobannis,

378 1353 519 1387 cubitum
557 1365 654 1387 unum
688 1354 835 1388 candelae
872 1354 901 1387 in
938 1366 1128 1400 unoquoque

377 1415 448 1437 sero
475 1402 628 1436 tribuant:
657 1403 680 1436 si
714 1403 857 1437 canonici
890 1403 984 1436 simul
1008 1415 1128 1437 coena—

379 1452 489 1492 verint,
512 1452 696 1486 candelam
691 1464 719 1486 m
744 1464 853 1506 coe—na⁷
880 1460 1031 1498 quantum
1049 1465 1128 1506 opus

378 1501 488 1541 fuerit3
515 1502 562 1535 siu
598 1501 928 1547 autcni‚u11icuiqtte
954 1513 1126 1543 canonico

378 1551 431 1596 qui
462 1558 600 1584 moratur
622 1562 638 1584 a
660 1550 754 1595 Nigra
778 1559 866 1596 porta
890 1563 989 1596 nsque
1015 1551 1051 1584 ad
1071 1564 1128 1585 an-

379 1600 500 1645 tiquum
531 1612 668 1640 murum,
691 1585 856 1634 dimidium
875 1599 986 1646 pedem
1009 1600 1127 1634 cande-

378 1649 443 1683 lae:
482 1649 662 1695 praeposito
701 1649 805 1682 ulnam
850 1661 967 1689 unani;
1008 1649 1126 1684 decano

377 1697 535 1731 similiter:
573 1698 602 1731 in
638 1697 805 1732 Nativitate
832 1698 960 1732 Domini
984 1699 1063 1733 sieut
1097 1699 1125 1732 in

377 1747 515 1790 Pascha,
544 1746 707 1781 brachium
744 1747 850 1781 Sancti
878 1747 1029 1793 Stephani
1054 1760 1124 1781 cuin

376 1797 578 1843 processione
611 1796 792 1830 solemniter
826 1796 974 1832 afferant:
1002 1797 1041 1831 de
1063 1805 1126 1832 toto

375 1854 481 1879 monte
508 1845 625 1886 clerici,
652 1858 706 1880 seu
734 1846 806 1880 laici
842 1846 997 1880 decimam
1035 1859 1127 1893 paro-

375 1894 464 1929 chiae
491 1902 613 1929 vestrae
636 1895 821 1936 attribuant;
844 1895 912 1929 laici
938 1904 1039 1932 tamen
1057 1908 1126 1930 om-

377 1944 424 1978 nia
448 1945 513 1977 iura
538 1943 724 1990 parochialia
758 1944 910 1979 ecclesiae
933 1944 1039 1979 Sancti
1074 1945 1126 1979 Io-

375 1992 492 2027 hannis
516 1992 676 2040 Baptistae
710 1994 903 2040 persolvant:
939 1994 963 2028 si
999 1994 1126 2040 qnando

374 2043 413 2076 sit
438 2042 584 2089 placitum
614 2042 688 2086 Dei,
715 2043 830 2077 oblatio
853 2043 933 2077 inter
955 2043 987 2077 S.
1013 2044 1126 2077 lohan-

375 2091 425 2125 nis
459 2099 489 2125 et
515 2091 548 2125 S.
577 2091 728 2138 Stephani
757 2093 926 2127 canonicos
953 2093 1125 2127 ‹livida.·tur

374 2141 565 2175 cimiterium
589 2141 622 2175 S
644 2141 809 2188 Stephani
833 2154 903 2176 cum
927 2142 1124 2190 eleemosyna

374 2189 495 2234 Casati,
524 2190 647 2237 utrique
668 2190 829 2225 Ecclesiae
858 2204 1025 2226 commune
1049 2204 1126 2238 per—

375 2217 513 2274 maneai:
543 2239 574 2274 in
606 2241 784 2286 reteptione
815 2249 899 2275 tuam
927 2245 970 2284 (l)
998 2254 1124 2286 regum

373 2301 469 2334 quam
504 2288 744 2335 episcoporum,
779 2290 885 2324 clerici
914 2290 1020 2324 Sancti
1052 2291 1125 2324 Ste—

374 2337 469 2384 phani
503 2337 542 2372 ad
565 2338 732 2372 ecclesiam
764 2347 896 2373 vestram
923 2351 993 2373 cum
1017 2340 1125 2374 sericis

374 2387 481 2433 cappis
505 2387 646 2422 veniant:
671 2387 700 2421 in
724 2387 877 2422 electione
900 2388 1055 2423 Bisuntini
1075 2401 1125 2422 ar-

374 2435 582 2483 chiepiscopi,
622 2436 726 2470 clerus
757 2445 785 2471 et
817 2438 953 2484 populus
979 2439 1124 2482 enitatis,

374 2485 549 2519 secundum
593 2486 752 2532 antiquam
795 2495 914 2522 vestiae
963 2487 1125 2521 Etclesiae

374 2534 650 2578 consuetudinem
674 2548 703 2568 in
727 2536 863 2583 capitulo
882 2545 984 2572 vestro
1008 2548 1125 2571 conve-

409 2593 448 2628 (1)
465 2594 532 2628 Lego
550 2599 613 2621 tam.
653 2595 690 2630 (n.
708 2596 747 2631 τ.)

974 214 1077 236 ltttLLA
1082 213 1101 235 tt
1107 214 1114 235 l
1120 213 1165 235 [M
1191 212 1261 235 {1031
1266 213 1354 235 ΑΝΓΜ

1185 267 1282 301 uiant.
1310 266 1480 302 Universos
1508 274 1600 301 etiam
1623 267 1870 303 consuetudines
1902 276 1933 303 et

1185 325 1324 371 tenores,
1352 329 1431 363 quos
1453 329 1468 350 a
1498 325 1637 363 tempore
1659 317 1834 352 Salinensis
1861 318 1931 352 Hu-

1182 366 1294 411 gonis‚
1339 366 1569 412 archiepiscopi
1605 367 1718 407 vestri,
1758 379 1863 414 usque
1891 367 1931 401 ad

1182 423 1307 462 tempus
1334 416 1393 449 iam
1416 415 1490 449 dicti
1514 415 1617 449 fratris
1644 416 1740 450 nostri
1769 416 1928 463 Hugonis‚

1182 465 1273 499 v·estii
1298 464 1442 499 similiter
1464 464 1706 520 arcli'iepiscopi,
1739 466 1792 512 qui
1822 467 1852 500 in
1879 466 1929 501 Ie-

1181 513 1282 561 rosol)
1289 515 1402 548 mitana
1422 514 1672 560 peregrinatione
1688 513 1855 549 defunctus
1869 524 1928 557 est,

1181 572 1278 598 vestra
1318 563 1460 598 Ecclesia
1500 563 1601 597 tenuit
1637 571 1667 598 et
1694 564 1854 611 possedit,
1897 572 1930 600 ut

1178 612 1330 660 deinceps
1358 614 1476 659 integre
1498 612 1667 660 quieteque
1684 620 1787 647 teneat
1805 621 1834 648 et
1859 626 1930 660 pos-

1177 662 1286 703 sideat⁷
1320 662 1465 696 lirmitate
1504 669 1652 709 perpetua
1680 662 1864 697 stabilimus.
1892 663 1927 698 Si

1177 724 1237 758 qna
1260 711 1353 758 igitur
1380 709 1418 746 in*
1438 711 1577 745 sntnrum
1608 712 1819 747 ecclesiastica
1854 724 1927 748 sae-

1177 761 1329 795 culatisve
1367 773 1518 816 persona
1549 761 1628 796 hanc
1656 769 1780 796 nostrae
1806 763 1928 796 consti-

1178 811 1305 845 tutionis
1334 811 1478 857 paginam
1503 811 1618 855 sciens,
1641 819 1748 846 contra
1775 823 1843 846 eam
1879 819 1926 846 te-

1177 872 1260 894 mere
1284 860 1389 894 venite
1416 860 1598 903 tentaverit,
1633 860 1772 895 secundo
1795 861 1925 897 tertiove

1175 909 1381 948 commonita
1415 910 1439 943 si
1465 921 1525 943 non
1549 910 1761 944 satisfactione
1785 922 1924 957 congrua

1174 958 1396 1001 flammaverit,
1420 959 1788 1006 potestatishonorisque
1810 961 1858 994 sui
1877 961 1924 994 di-

1173 1008 1290 1053 gnitate
1312 1015 1426 1051 careat,
1449 1020 1596 1055 reamque
1618 1020 1651 1042 se
1677 1008 1783 1043 divino
1805 1009 1923 1044 iudicio

1173 1057 1306 1090 existere
1329 1057 1367 1090 de
1401 1065 1574 1103 perpetrata
1610 1057 1772 1104 iniquitate
1803 1071 1923 1105 cogno-

1172 1114 1285 1149 scat‚et
1296 1118 1310 1139 a
1327 1106 1536 1140 sacratissimo
1552 1105 1693 1153 Corpore
1707 1119 1742 1141 ac
1757 1106 1922 1154 Sanguine

1172 1155 1229 1188 Dei
1254 1164 1282 1189 et
1306 1154 1430 1188 Domini
1462 1154 1681 1202 Redemptoris
1716 1157 1812 1190 nostri
1851 1157 1921 1191 Iesu

1171 1204 1286 1239 Christi
1310 1204 1410 1238 aliena
1439 1205 1501 1243 liat,
1527 1212 1620 1251 atque
1643 1205 1672 1238 in
1696 1213 1836 1251 extremo
1854 1219 1922 1241 exa-

1172 1254 1255 1288 mine
1282 1253 1440 1288 districtae
1464 1253 1573 1288 ultioni
1596 1253 1766 1289 subiaceat.
1791 1254 1921 1290 Cunctis

1171 1311 1272 1338 autem
1296 1302 1396 1336 eidem
1432 1302 1592 1337 Ecclesiae
1621 1304 1699 1338 insta
1722 1304 1920 1340 servantibus

1171 1352 1210 1385 sit
1237 1365 1295 1399 pax
1318 1353 1443 1386 Domini
1473 1352 1570 1387 nostri
1596 1352 1665 1387 Iesu
1689 1352 1819 1393 Christi,
1841 1366 1921 1401 qua-

1171 1410 1261 1435 tenus
1287 1409 1317 1436 et
1340 1402 1389 1435 hie
1413 1402 1546 1435 fructum
1571 1402 1669 1436 bonae
1690 1402 1824 1437 actionis
1846 1415 1920 1450 per-

1170 1451 1297 1497 cipiant,
1320 1459 1349 1485 et
1371 1451 1452 1497 apud
1476 1451 1650 1485 districtum
1674 1450 1812 1486 Iudicem
1832 1465 1918 1499 prae-

1170 1501 1229 1533 mia
1257 1508 1401 1534 aeternae
1425 1500 1509 1545 pacis
1536 1500 1706 1534 inveniant.
1735 1502 1848 1535 Amen.

1218 1549 1384 1583 Caunus
1406 1549 1578 1584 catholicae
1605 1549 1765 1585 Ecclesiae
1793 1551 1918 1597 episco-

1169 1611 1228 1645 pus
1254 1598 1438 1644 subscripsi

1217 1647 1331 1681 Datum
1367 1648 1531 1691 homanis,
1554 1660 1595 1681 xv
1623 1647 1772 1682 kalendas
1799 1650 1918 1692 martii,

1170 1697 1340 1731 indictione
1371 1709 1446 1739 xiii,
1478 1697 1701 1731 incarnationis
1740 1697 1918 1734 dominicae

1168 1759 1249 1780 anno
1268 1758 1366 1786 mcxx,
1387 1724 1587 1793 potitificatus
1609 1754 1713 1780 autem
1731 1746 1837 1781 domni
1860 1747 1919 1784 Ca-

1168 1796 1233 1830 lixti
1257 1796 1384 1829 secundi
1413 1795 1530 1842 Papae7
1552 1807 1634 1830 anno
1656 1795 1807 1830 secundo.

1207 1852 1269 1882 Dat.
1288 1853 1334 1882 die
1354 1853 1390 1881 15
1409 1852 1549 1882 februarii
1564 1862 1639 1881 anno
1658 1852 1773 1883 Domini
1793 1853 1877 1891 1120,

1417 1896 1520 1934 pontif.
1541 1905 1616 1925 anno
1640 1905 1669 1926 11.

1511 2018 1575 2053 Vll.

1170 2092 1371 2136 Confirmatio
1408 2093 1555 2124 bonoram
1593 2093 1729 2124 omnium
1761 2099 1786 2124 et
1819 2092 1917 2136 privi-

1215 2143 1363 2184 [equorum
1386 2141 1564 2173 monasterii
1586 2141 1806 2178 Cluniacensis.
1830 2141 1916 2174 cuius

1216 2191 1376 2223 abbatibus
1392 2191 1564 2223 conceditur
1590 2193 1637 2223 ins
1662 2191 1793 2223 cudendi
1817 2202 1917 2223 mone-

1217 2246 1263 2273 tas
1289 2241 1344 2282 (l).

1434 2308 1648 2338 SUMMARIUM

1166 2366 1359 2395 Cluniacense
1380 2366 1590 2395 monasterinm
1611 2365 1665 2395 snb
1685 2369 1824 2404 perpetuo
1851 2365 1915 2396 iure

1207 2410 1290 2440 Sedis
1315 2410 1511 2448 Apostolicae.
1529 2426 1569 2431 —
1586 2409 1751 2445 Pontifices,
1778 2410 1828 2448 qui
1857 2411 1916 2448 pri-

1207 2455 1321 2492 vilegiis
1340 2455 1415 2484 illud
1437 2455 1594 2484 donarunt.
1615 2470 1655 2475 —
1676 2453 1794 2483 Limites
1826 2454 1916 2484 iuris-

1205 2500 1343 2529 dictionis
1364 2500 1534 2529 monasterii
1561 2499 1776 2529 Cluniacensis.
1795 2516 1835 2522 —-
1853 2499 1914 2530 Pri-

1201 2556 1239 2591 (1)
1256 2557 1294 2583 Ex
1311 2556 1449 2583 Chartario
1466 2556 1492 2582 S.
1520 2556 1617 2582 Mariae
1638 2556 1671 2582 de
1695 2556 1809 2583 Gernaio
1832 2556 1915 2583 edidit

1166 2596 1286 2628 Marrier,
1304 2596 1425 2624 Biblioth.
1445 2596 1560 2623 Cluniae.
1579 2595 1628 2623 col.
1642 2596 1702 2623 575.

1956 233 2006 262 An.
2025 234 2054 263 C.
2072 234 2139 263 1120
2179 234 2180 240 ¹

1979 738 2062 759 solitae
2080 737 2137 760 elau-

1952 765 2018 786 sulae.

1986 1569 2062 1591 Calixti

1948 1597 2082 1624 subscriptio.

2089 1570 2130 1591 PP.
