2180 3205
140 264 192 291 An.
210 262 240 290 C.
256 261 324 290 1099
392 262 464 295 202

345 326 454 361 fideles
477 323 540 358 illic
567 320 704 356 Domino
726 317 879 363 largiente
901 313 1013 349 collata
1032 311 1100 346 fue-

346 381 419 419 rint,
446 379 485 414 ab
511 376 596 412 omni
619 373 771 409 saeculari
788 370 990 418 oppositione
1008 367 1100 415 quie-

347 443 408 468 tam
434 439 585 479 perpetuo
609 439 735 463 manere
756 434 787 460 et
804 425 947 459 liberam.
970 421 1102 457 Clericis

344 498 418 521 vero
437 486 477 519 ibi
496 483 641 526 victuris,
663 480 788 515 vivendi
812 477 997 524 regulariter
1023 488 1102 510 con-

345 540 490 575 cedimus
517 537 713 576 facultatem
749 545 867 580 eosque
898 530 1102 566 decernimus

345 602 406 628 tam
426 592 569 640 proprias
591 588 819 627 ordinationes,
842 597 936 633 quam
956 584 1100 618 altarium

344 656 375 682 et
389 645 594 681 ecclesiarum
608 642 873 683 consecrationes,
889 647 1104 684 caeterorum-

346 714 408 749 que
431 700 514 735 dona
534 705 803 734 sacramentorum
830 707 847 729 a
873 690 1102 728 Mediolanensi

346 755 589 801 archiepiscopo
615 751 790 796 suscipere,
818 749 843 782 si
871 756 974 782 tamen
993 745 1104 780 catho-

348 809 429 843 licus
452 808 542 843 suerit
571 814 601 841 et
628 804 886 840 communionem
915 813 950 836 ac
972 800 1102 847 gratiam

348 863 548 909 Apostolicae
567 859 659 895 Sedis
682 857 836 899 hahuerit,
864 863 894 890 et
915 856 939 890 si
958 867 992 889 ea
1009 853 1104 900 gratis

348 925 379 952 et
406 929 467 951 non
497 915 647 963 pravitate
681 910 862 950 indulsei·it;
890 908 966 943 alias
1000 916 1103 942 autem

349 971 484 1006 liberum
522 970 568 1004 eis
606 967 771 1002 arbitrium
809 965 872 1008 sit,
911 972 1105 997 sacramenia

350 1025 461 1059 eadem
490 1023 649 1068 suscipere
679 1032 695 1054 a
722 1030 923 1065 quocumque
951 1016 1107 1051 voluerint

351 1077 505 1113 catholico
532 1076 693 1123 episcopo.
721 1071 931 1107 Decernimus
958 1082 1045 1116 ergo,
1075 1077 1107 1103 ut

349 1143 453 1178 neque
475 1128 703 1165 Mediolanensi
726 1124 981 1171 archiepiscopo,
1005 1135 1108 1169 neque

352 1185 445 1220 alicui
479 1183 674 1225 viventium⁷
707 1180 796 1214 liceat
823 1179 966 1213 eamdem
989 1177 1108 1211 Eccle-

352 1238 443 1278 siam,
471 1244 501 1272 et
528 1236 650 1275 fratres,
678 1233 732 1280 qui
755 1233 817 1267 illic
840 1231 907 1266 Deo
929 1231 1108 1274 servierint,

350 1291 491 1338 quolibet
527 1288 705 1325 occasionis
733 1287 807 1333 iugo
835 1285 1027 1333 deprimere,
1055 1292 1109 1319 aut

351 1345 435 1380 hona
470 1356 580 1379 eorum
615 1341 814 1384 distrahere,
850 1347 881 1374 et
907 1339 974 1373 suis
1002 1337 1110 1373 usibus

353 1399 536 1446 applicare,
583 1397 630 1431 vel
673 1395 851 1430 temerariis
893 1392 1111 1428 vexationibus

352 1453 500 1499 fatigare;
522 1451 576 1487 sed
599 1451 705 1486 omnia
728 1450 848 1494 integre
870 1455 1110 1489 conserventur,

353 1506 445 1542 vobis
457 1515 488 1541 et
500 1504 738 1541 successoribus
748 1502 909 1544 vestris(l)
919 1498 1112 1535 omnimodis

354 1559 536 1608 profutura:
572 1558 656 1594 salva
690 1556 832 1591 eiusdem
866 1553 1113 1589 Mediolanensis

355 1611 587 1660 archiepiscopi
613 1610 766 1646 catholica
790 1608 973 1644 reverentia.
996 1607 1045 1642 Ad
1070 1608 1114 1642 in-

356 1667 475 1703 dicium
509 1674 614 1700 autem
637 1664 731 1699 huius
763 1670 927 1710 perceptae
961 1662 1113 1696 libertatis

357 1733 374 1756 a
386 1720 529 1756 Romana
542 1718 696 1759 Ecclesia,
710 1717 956 1752 mediolanensis
970 1724 1114 1751 monetae

358 1786 507 1809 nummos
521 1785 576 1808 sex
591 1771 759 1819 quotannis
773 1770 978 1805 Lateranensi
1001 1769 1115 1817 palatio

359 1826 558 1875 persolvetis.
589 1825 622 1861 Si
658 1837 718 1872 qua
753 1824 847 1870 igitur
880 1824 910 1858 in
942 1823 1114 1858 crastinum

360 1880 569 1915 ecclesiastica
604 1878 813 1914 saecularisve
841 1890 992 1925 persona,
1021 1877 1116 1911 huius

361 1933 480 1968 decreti
497 1932 643 1980 paginam
658 1932 772 1970 sciens,
792 1936 899 1966 contra
915 1944 982 1965 eam
1000 1939 1117 1966 temere

368 1987 473 2022 venire
496 1986 714 2033 temptaverit,
744 1985 905 2033 potestatis
928 1985 1118 2031 honorisque

364 2041 412 2075 sui
448 2040 601 2087 dignitate
627 2047 749 2080 careat,
781 2052 929 2086 reamque
950 2051 983 2074 se
1011 2039 1118 2074 divino

364 2094 482 2129 iudicio
509 2093 642 2129 existere
677 2093 716 2128 de
747 2101 923 2140 perpetrata
955 2093 1119 2140 iniquitate

364 2155 546 2194 cognoscat,
572 2155 666 2193 atque
692 2158 709 2181 a
735 2146 948 2181 sacratissimo
977 2145 1119 2193 Corpore

364 2210 396 2237 et
417 2201 580 2247 Sanguine
602 2200 660 2235 Dei
689 2212 724 2235 ac
745 2199 872 2234 Domini
897 2199 1120 2245 Redemptoris

366 2256 465 2290 nostri
487 2255 558 2290 Iesu
593 2254 710 2288 Christi
737 2253 839 2288 aliena
867 2253 936 2297 liat,
958 2262 988 2288 et
1010 2254 1041 2287 in
1064 2266 1120 2288 ex-

366 2317 468 2344 tremo
481 2309 626 2344 examine
641 2307 801 2343 districtae
819 2307 929 2341 ultioni
951 2308 1120 2343 subiaceat.

368 2362 501 2398 Cunctis
527 2370 630 2397 autem
665 2361 766 2396 eidem
789 2360 858 2395 loco
881 2360 961 2395 iusta
988 2373 1123 2395 servan-

368 2416 454 2451 tibus
475 2417 514 2451 sit
541 2428 600 2463 pax
621 2415 752 2450 Domini
780 2415 878 2449 nostri
900 2414 970 2449 Iesu
993 2414 1122 2454 Christi,

370 2478 528 2517 quatenus
560 2478 590 2504 et
616 2469 667 2504 hie
703 2469 822 2503 fructus
854 2469 953 2503 bonae
990 2468 1124 2503 actionis

371 2519 563 2565 percipiant,
589 2528 620 2553 et
646 2518 730 2566 apud
766 2518 944 2552 districtum
982 2517 1123 2552 Iudicem

372 2567 510 2615 praemia
532 2575 675 2602 aeternae
698 2568 783 2614 pacis
810 2567 981 2603 inveniant.
1009 2566 1124 2601 Amen.

409 2632 449 2671 (l)
465 2632 585 2661 Forsitan
601 2632 661 2660 add.
679 2635 777 2660 usibus.
991 2632 1034 2671 (R.
1047 2632 1091 2670 T.)

948 257 1071 281 numu
1078 257 1084 278 l
1091 255 1136 277 t'sz
1160 251 1322 276 ttouANru

1476 303 1573 338 LVII.

1147 364 1328 399 Consti'tutio
1350 363 1393 396 ad
1414 363 1591 396 Ri'clierium
1624 361 1845 403 senonensem,
1871 365 1899 392 et

1193 421 1323 447 caeteros
1350 412 1543 445 Francorum
1572 411 1736 454 episcopos,
1762 422 1823 454 qua
1850 420 1899 441 re-

1192 475 1259 506 yem
1300 461 1597 494 excommunicatum
1640 459 1758 492 absolvi
1796 464 1899 497 velat,

1193 524 1300 556 eosque
1345 512 1387 543 ad
1424 510 1574 554 synodum
1611 509 1817 541 Arelatensem
1851 508 1900 539 in-

1194 562 1271 594 vitat
1294 561 1351 604 (t).

1411 613 1627 645 Sintmmmt

1146 664 1391 696 Exordium—1.
1405 663 1521 693 Sanctis
1533 662 1651 692 Patrum
1664 659 1901 691 institutionibus

1184 717 1198 735 a
1214 705 1347 744 quolibet
1360 705 1437 733 iuste
1450 703 1734 732 excommunicatum
1751 701 1901 740 episcopo,

1185 746 1235 775 alii
1265 745 1427 778 absolvere,
1452 743 1507 780 ipsi
1531 742 1650 781 quidem
1683 740 1900 779 metropolitani

1186 783 1472 823 monimntum—⁹2.
1490 782 1566 817 Sola,
1578 791 1634 810 non
1655 781 1765 820 synodo
1779 789 1902 819 praece-

1186 826 1282 860 dente,
1296 824 1387 853 Sedes
1402 822 1569 860 Apostolica
1590 821 1665 850 valet
1683 830 1737 849 suo
1749 820 1838 849 statui
1851 828 1902 848 re-

1187 865 1308 893 stituere
1331 871 1404 901 quos
1424 862 1553 900 synodus
1579 861 1678 899 inique
1701 859 1903 895 damnaverit,

1186 904 1282 942 ipsius
1303 911 1368 931 vero
1388 902 1499 930 nemini
1525 901 1591 929 licet
1610 900 1759 929 retrahere
1783 899 1903 928 iudicia.

1185 959 1225 965 —
1237 944 1263 972 3.
1275 941 1423 980 Exemplis
1438 940 1531 969 sacris
1543 940 1686 969 sententia
1700 939 1903 968 confirmatur.

1187 999 1226 1005 —
1242 982 1270 1011 4.
1289 981 1468 1010 Francorum
1495 989 1544 1008 rex
1562 980 1654 1008 donec
1666 978 1723 1008 Deo
1739 983 1767 1007 et
1783 982 1904 1007 sanctae

1188 1021 1337 1051 Romanae
1356 1019 1504 1049 Ecclesiae
1520 1018 1693 1055 satisfaciat,
1715 1018 1802 1056 eique
1825 1026 1907 1047 com-

1189 1061 1390 1095 municantes,
1406 1058 1708 1088 excommunicantur.
1724 1073 1764 1080 —
1782 1058 1809 1086 5.
1829 1055 1904 1086 Uni-

1188 1101 1266 1129 versi
1286 1099 1395 1129 Galliac
1411 1098 1542 1136 episcopi
1562 1097 1597 1126 ad
1616 1097 1776 1126 concilium
1799 1096 1905 1126 Arela-

1191 1144 1273 1169 tense
1292 1139 1461 1168 invitantur.

1251 1194 1356 1226 L'rbanus
1374 1195 1493 1233 episcopus
1514 1202 1592 1223 servus
1613 1202 1731 1223 servorum
1753 1192 1805 1232 Dei,

1332 1234 1360 1264 ad
1378 1238 1515 1273 perpetuam
1533 1234 1565 1263 rei
1582 1234 1727 1263 memoriam.

1200 1292 1350 1327 Auditum
1379 1299 1427 1326 est
1450 1291 1533 1337 apud
1558 1303 1626 1331 nos,
1654 1290 1807 1337 quosdam
1831 1302 1910 1325 con·

1152 1342 1261 1376 fratres
1296 1350 1420 1375 nostros
1447 1340 1477 1374 in
1502 1348 1617 1374 tantam
1641 1339 1804 1375 audaciam
1834 1353 1911 1386 pro-

1153 1391 1286 1438 rupisse,
1311 1401 1343 1425 ut
1365 1398 1506 1424 asserant
1527 1401 1560 1424 se
1583 1401 1780 1436 nequaquam
1796 1402 1812 1424 a
1827 1390 1910 1434 regis

1153 1441 1302 1475 societate
1329 1439 1546 1479 abstenturos,
1581 1438 1644 1472 imo
1679 1439 1772 1473 etiarn
1804 1451 1909 1485 regem

1155 1491 1258 1536 ipsum
1281 1489 1319 1523 ab
1341 1488 1677 1523 excommunicationis
1700 1487 1826 1522 vinculo
1854 1499 1910 1522 so-

1155 1539 1294 1579 luturos,
1323 1549 1515 1585 quamquam
1538 1536 1706 1571 foeminam
1730 1538 1829 1578 illam,
1853 1548 1909 1584 pro

1154 1601 1215 1635 qua
1244 1599 1299 1633 per
1322 1600 1378 1621 nos
1400 1586 1692 1621 excommunicatus
1713 1585 1824 1628 fuerat,
1848 1598 1911 1620 non

1155 1636 1335 1683 dereliquit.

1204 1686 1224 1733 g
1253 1690 1284 1719 ι1.
1311 1684 1376 1720 Sed
1398 1685 1451 1731 qui
1475 1684 1534 1719 hoc
1559 1683 1748 1731 loquuntur,
1771 1691 1824 1718 aut
1844 1695 1913 1730 pro-

1158 1735 1238 1770 fecto
1259 1733 1442 1781 Scripturas
1464 1733 1621 1777 nesciunt,
1643 1741 1698 1768 aut
1713 1733 1914 1779 pertinaciter

1156 1784 1308 1819 excedere
1340 1795 1541 1830 nequaquam
1565 1783 1803 1830 pertimescunt.
1827 1781 1912 1816 San-

1157 1842 1279 1868 ctorum
1302 1832 1421 1879 quippe
1437 1844 1594 1866 canonum
1610 1832 1712 1866 sanxit
1729 1831 1911 1870 auctoritas,

1157 1891 1188 1917 et
1209 1895 1243 1917 ea
1267 1882 1384 1929 passim
1401 1880 1559 1915 Ecclesiae
1583 1880 1780 1915 consuetudo
1795 1887 1911 1921 servat,

1159 1940 1191 1965 ut
1229 1943 1246 1965 a
1290 1930 1430 1977 quolibet
1463 1930 1544 1964 inste
1580 1929 1913 1970 excommunicatum,

1159 1981 1328 2027 episcopus
1344 1979 1425 2013 alius
1448 1978 1610 2014 absolvere
1633 1991 1695 2013 non
1720 1985 1912 2025 praesumat.

1159 2029 1228 2075 Ipsa
1251 2029 1344 2063 etiam
1367 2028 1637 2074 suffraganeorum
1653 2027 1833 2073 ligamenta,
1850 2039 1912 2062 me·

1161 2078 1352 2125 tropolitani,
1380 2078 1433 2124 qui
1470 2077 1615 2111 videlicet
1640 2089 1751 2112 eorum
1777 2077 1913 2111 maiores

1160 2135 1252 2165 sunt,
1280 2136 1458 2161 sanctorum
1495 2126 1625 2160 Patrum
1660 2125 1915 2160 institutionibus

1163 2176 1370 2223 prohibentur
1388 2174 1564 2210 absolvere.

1211 2225 1231 2272 S
1252 2227 1284 2259 2.
1313 2224 1406 2266 Quod
1434 2225 1459 2259 si
1482 2237 1498 2258 a
1527 2224 1782 2271 quibuscumque
1806 2223 1835 2257 id
1851 2235 1918 2257 ser-

1164 2283 1253 2309 vatur
1274 2274 1452 2321 episcopis,
1479 2273 1606 2308 videant
1629 2273 1825 2308 venerabiles
1854 2272 1918 2306 l'ra-

1164 2332 1226 2358 tres
1253 2323 1373 2364 nostri,
1413 2322 1683 2370 quemadmodum
1714 2321 1918 2369 Apostolicae

1164 2372 1257 2407 Sedis
1285 2371 1406 2406 valeant
1431 2380 1498 2406 acta
1521 2372 1712 2411 dissolvere,
1739 2383 1811 2405 cum
1841 2381 1918 2417 pro-

1166 2422 1246 2456 fecto
1268 2421 1338 2455 lnce
1354 2421 1413 2455 iam
1431 2421 1545 2455 clarius
1560 2428 1694 2464 constet,
1715 2420 1919 2466 Apostolicae

1166 2470 1258 2505 Sedis
1288 2470 1447 2514 Pontifici,
1470 2482 1532 2504 non
1559 2469 1660 2504 solum
1684 2470 1851 2516 episcopos
1886 2475 1919 2502 et

1167 2520 1316 2566 primates
1331 2546 1339 2559 ,
1376 2518 1433 2553 sed
1471 2520 1558 2566 ipsos
1595 2518 1689 2552 etiam
1725 2517 1920 2564 patriarchas

1167 2569 1271 2603 divina
1294 2568 1490 2602 institutione
1513 2567 1688 2602 subiectos:
1719 2578 1792 2601 cum
1819 2577 1920 2602 nove-

1203 2633 1242 2670 (l)
1259 2633 1296 2661 Ex
1313 2633 1401 2661 Labbe
1417 2637 1480 2661 tom.
1498 2641 1518 2660 x
1533 2631 1636 2661 Concil.
1654 2639 1714 2669 pag.
1733 2632 1796 2661 ltlt5.

1917 240 1967 267 An.
1989 238 2015 266 C.
2031 237 2099 266 1099

1956 1282 2077 1306 Exordium.

1981 1680 2065 1702 Sanctis
2079 1679 2119 1700 Pa·

1935 1711 1989 1729 trum
2006 1707 2119 1728 institutio-

1934 1736 1997 1756 nibus
2015 1741 2028 1754 a
2051 1733 2121 1759 quoli-

1935 1762 1971 1783 bet
1979 1761 2034 1781 iuste
2040 1765 2121 1780 excom-

1935 1787 2064 1809 municatum
2076 1785 2121 1811 epi-

1936 1819 2008 1840 scopo.
2027 1811 2120 1842 alii-al!-

1944 1842 2026 1861 salvere
2037 1855 2042 1863 ,
2068 1843 2110 1864 ipst

1937 1867 2022 1894 qui-lem
2040 1867 2122 1886 metro-

1937 1893 2025 1919 politani
2051 1891 2122 1919 prohi-

1935 1921 2020 1942 beatur.

1966 2220 2024 2245 Sola,
2033 2224 2075 2240 non
2091 2222 2123 2245 ⁸5·

1946 2247 2002 2269 nodo
2030 2250 2117 2272 praece-

1941 2275 2010 2296 dente.
2021 2272 2088 2294 Sedes
2098 2271 2124 2292 A-

1941 2301 2045 2327 postoliea
2069 2298 2125 2328 valet

1941 2333 1979 2348 suo
1988 2326 2053 2347 statui
2064 2326 2124 2346 resti-

1942 2357 2000 2374 tuere
2021 2357 2074 2378 quos
2091 2355 2124 2377 sy·

1950 2380 2016 2400 nodus
2044 2378 2116 2404 iniquo

1963 2406 2106 2427 damnaverim

1941 2433 2007 2459 ipsius
2025 2436 2076 2451 vero
2088 2435 2125 2450 no-

1942 2460 1991 2480 mini
2000 2458 2053 2486 lieet
2059 2459 2125 2486 retra·

1942 2486 1993 2507 hei-e
2011 2485 2098 2506 iusticia.
