2180 3205
37 261 85 290 An.
106 261 135 290 C.
152 261 219 290 ¹099

39 584 58 607 d
72 557 171 589 ξρῇπρρὶ
190 561 220 589 ,οι

59 590 109 606 erici
121 590 220 615 triponia-

38 611 90 685 3}ss
101 611 220 660 uaeas:

68 1691 147 1718 Bigami
157 1694 178 1712 et
193 1692 221 1722 ri:

42 1717 134 1766 ‘2⁰22‘ssss
144 1721 222 1775 0Τῖῑὲξῖ

41 1769 80 1792 lm
92 1771 222 1798 segregandi.

872 258 1016 281 URBANUS

245 316 357 352 rarius·
371 324 403 351 et
424 327 496 350 cum
523 314 642 350 cautela
655 322 716 358 ,est
735 313 901 361 praecipua
916 324 995 349 con-

243 369 434 405 cedendum.

553 468 625 491 CAP.
654 468 685 490 V.

290 553 466 601 Episcopos
487 565 523 589 ac
537 553 680 592 clericos
699 563 779 598 quos
801 549 991 585 simoniacos

241 618 311 642 esse
332 615 466 649 constat,
489 619 503 642 a
522 606 622 642 sacris
643 605 752 640 officiis
774 613 804 639 ct
831 603 992 638 benefieiis

241 661 451 696 removendos
477 661 607 696 omnino
629 659 846 699 decernimus;
875 657 904 691 in
929 657 994 691 Ec-

241 714 347 750 clesiis
372 727 469 755 vero,
495 725 576 761 quae
602 713 641 748 ab
676 711 857 747 huiusmodi
894 711 993 745 simo-

240 768 340 804 niacis
360 775 503 804 exaratae
520 769 658 811 sunt(l)‚
673 779 734 801 non
749 767 838 801 aliter
852 777 945 811 quam
962 765 992 798 in

239 821 320 857 locis
346 821 500 856 orandum
528 820 670 861 videtur,
705 819 807 854 donec
833 818 993 853 subversis

239 875 408 915 altaribus,
434 873 657 909 benedictione
690 882 721 908 et
755 873 905 907 unctione
940 884 993 907 ca-

240 928 348 964 tholici
375 927 523 963 antistitis
545 935 780 963 consecrentur.

541 1037 613 1060 CAP.
646 1036 692 1059 Vt.

289 1122 336 1159 De
357 1123 419 1168 his,
441 1123 494 1170 qui
523 1122 590 1157 sine
623 1121 721 1156 titulis
747 1120 882 1156 ordinati
907 1128 991 1161 sunt,

239 1175 313 1211 licet
338 1175 493 1211 eiusmodi
516 1175 673 1210 ordinatio
696 1183 876 1210 sanctorum
900 1185 993 1208 cano-

240 1241 317 1264 num
338 1229 494 1264 sanctioni
516 1228 671 1263 contraria
694 1228 862 1271 iudicetur,
885 1235 989 1261 utrum

241 1291 347 1318 tamen
380 1283 476 1329 aliqui
504 1282 536 1316 in
571 1281 709 1328 acceptis
737 1281 798 1316 sint
825 1280 991 1315 ordinibus

241 1336 463 1384 permittendi,
502 1335 682 1370 discretioni
716 1343 788 1370 tuae
821 1346 876 1381 pro
900 1346 992 1381 prae-

240 1390 321 1425 senti
342 1389 500 1425 Ecclesiae
528 1389 715 1424 necessitate
749 1389 989 1424 committimus.

240 1443 275 1479 Si
296 1451 401 1479 tamen
427 1443 505 1479 alias
525 1444 594 1479 sine
617 1443 765 1491 pravitate
790 1454 845 1478 eos
867 1443 992 1477 ordina-

240 1505 290 1533 tos
310 1497 409 1534 fuisse
429 1498 619 1534 constiterit.

538 1606 612 1631 cAP.
639 1606 697 1630 vll.

289 1691 441 1738 Bigamos
462 1699 493 1728 et
514 1691 679 1727 viduarum
702 1691 831 1726 maritos
859 1703 876 1726 a
895 1691 992 1725 sacris

241 1744 406 1780 ordinibus
419 1745 595 1780 secundum
607 1758 808 1781 communem
830 1745 991 1780 Ecclesiae

242 1798 519 1843 consuetudinem,
551 1799 735 1834 auctoritate
767 1799 866 1834 nostri
898 1798 991 1833 officii

241 1863 457 1899 segregamus.
505 1851 592 1887 Haec
639 1852 784 1887 universa
830 1860 990 1899 tamquam

242 1905 441 1953 Apostolicae
462 1905 556 1941 Sedis
589 1914 777 1953 praecepta,
811 1914 991 1941 sanctorum

243 1959 448 1995 conciliorum
478 1960 645 1995 sententiis
675 1960 892 2004 consonantia,
920 1959 993 1994 reli-

242 2013 347 2060 gionis
369 2021 440 2048 tuac
468 2013 636 2048 strenuitas
658 2021 689 2048 et
711 2013 741 2047 in
763 2013 907 2048 Ecclesia
934 2013 993 2048 sibi

244 2066 413 2101 commissa
439 2066 506 2101 Dco
531 2067 655 2101 iuvante
681 2066 850 2112 custodiat,
883 2075 913 2102 et
934 2079 993 2102 cu—

244 2119 410 2154 stodienda
423 2119 492 2154 aliis
511 2120 694 2155 innotescat.
717 2119 782 2155 Nec
797 2129 992 2155 senectutem

245 2179 331 2207 tuam
353 2172 575 2208 oblatrantium
597 2185 710 2208 canum
724 2173 895 2208 multitudo
911 2186 994 2220 prae-

246 2232 371 2260 terreat.
397 2225 498 2260 Maior
518 2226 600 2261 cuim
617 2234 675 2270 est,
698 2227 751 2273 qui
773 2227 804 2261 in
824 2227 915 2262 nobis
936 2234 994 2272 est,

245 2290 341 2326 quam
364 2279 396 2314 in
422 2279 501 2321 illis3
528 2279 597 2327 ipse
624 2279 781 2327 siquidem
804 2281 994 2315 confirmans

246 2331 422 2381 discipulos
439 2345 513 2368 suos
531 2334 586 2368 ait:
608 2333 712 2368 Nolite
729 2334 839 2369 timere
861 2334 995 2381 pusillus

247 2397 342 2432 grcx,
370 2386 443 2433 quia
476 2386 666 2433 complacuit
687 2387 771 2422 Patri
799 2396 900 2423 vestro
922 2388 996 2423 dare

247 2438 337 2474 vobis
361 2451 497 2486 regnum
519 2443 571 2484 (a).
606 2440 675 2487 lpse
704 2442 919 2476 misericordia
940 2454 995 2476 sua

248 2503 307 2527 nos
327 2493 504 2536 confirmet,
525 2506 562 2529 ac
579 2502 731 2542 protegat,
753 2503 785 2530 et
801 2495 840 2530 ad
853 2496 996 2531 caelestia

249 2558 347 2594 regna
368 2547 530 2592 perducat.

285 2619 326 2659 (l)
341 2621 462 2650 Forsitan
478 2626 626 2650 extructae.
664 2622 704 2660 (α)
720 2623 783 2651 Luc.
801 2631 852 2657 xu,
872 2625 916 2652 52.

1665 248 1733 282 ¹99

1040 259 1062 280 11
1087 259 1135 280 ΡΡ.

1370 313 1450 348 Lllt.

1039 385 1239 430 Confirmatio
1270 390 1425 433 regularis
1458 389 1592 423 instituti
1622 389 1791 423 canonico-

1084 447 1154 468 rum
1180 437 1333 470 Ecclesiae
1350 438 1562 478 Ιίαιῆεηεηείες
1583 439 1692 482 quibus
1710 449 1790 472 non-

1084 485 1174 517 nulla
1200 487 1404 520 conceduntur
1428 488 1593 532 privileqia
1620 489 1678 531 (1).

1302 557 1516 589 summatum

1035 619 1202 651 Exordium.
1217 638 1256 644 —
1270 621 1424 661 Regularis
1443 624 1516 653 vitae
1533 624 1700 654 institutum
1716 633 1789 655 con-

1076 664 1218 695 firmatur:
1250 676 1284 696 ac
1316 667 1412 696 totalis
1443 668 1608 698 iurisdictio
1636 668 1665 698 in
1694 678 1786 698 cano-

1075 709 1157 738 nicos
1176 710 1342 748 praeposito
1365 712 1550 741 conceditur:
1570 713 1607 741 ita
1628 716 1659 742 ut
1677 713 1803 751 quibus·

1075 752 1110 781 ab
1133 762 1166 782 eo
1195 752 1282 792 fuerit
1301 754 1498 791 interdictum,
1518 765 1570 784 nec
1589 756 1624 785 ab
1643 758 1783 795 episcopo

1075 797 1166 835 recipi
1199 799 1321 836 possint.
1351 815 1391 821 —-
1421 798 1637 830 Confirmantur
1666 809 1783 839 quoque

1075 839 1150 869 bona
1169 842 1266 870 omnia
1296 842 1330 871 ad
1356 843 1514 872 canonicos
1534 844 1721 881 pertinentia.
1746 860 1787 867 —

1073 883 1249 915 Conceditur
1268 887 1420 925 sepultura
1443 887 1520 917 iuxta
1550 888 1696 917 tumulum
1718 889 1784 927 epi-

1074 938 1241 967 scoporum.
1272 947 1312 953 -
1348 931 1463 961 Poenae
1495 936 1593 961 contra
1628 932 1784 962 violatores

1075 973 1219 1012 privilegii
1242 974 1340 1004 huius.
1367 991 1407 997 —-
1437 974 1514 1004 Bona
1538 975 1784 1005 custodientibus.

1034 1037 1139 1069 Urbanus
1153 1041 1273 1079 episcopus
1293 1050 1370 1070 servus
1391 1049 1508 1070 servorum
1526 1040 1577 1078 Dei,
1600 1040 1669 1071 Petro
1687 1050 1786 1081 praepo-

1077 1086 1131 1124 sito,
1148 1089 1170 1114 et
1192 1086 1241 1115 eius
1262 1084 1370 1114 fratribus
1391 1085 1413 1114 in
1432 1084 1536 1114 Ecclesia
1555 1084 1698 1114 Ruthenensi
1716 1094 1784 1115 cano-

1073 1131 1148 1160 nicam
1174 1131 1244 1159 vitain
1272 1128 1387 1168 professis,
1414 1138 1540 1166 eorumque
1569 1129 1739 1160 successoribus
1761 1131 1784 1160 in

1073 1175 1154 1204 eadem
1169 1175 1284 1213 religione
1295 1174 1458 1212 permansuris,
1471 1173 1493 1202 in
1508 1177 1655 1212 perpetuum.

1082 1241 1159 1275 Piae
1181 1240 1350 1288 postulatio
1367 1239 1534 1274 voluntatis
1552 1239 1665 1274 effectu
1691 1239 1785 1274 debet

1034 1298 1245 1337 prosequente
1272 1289 1436 1336 compleri3
1460 1297 1615 1335 quatenus
1636 1296 1667 1323 et
1688 1288 1785 1324 devo-

1033 1339 1128 1373 tionis
1161 1339 1324 1374 sinceritas
1347 1337 1544 1373 laudabiliter
1572 1338 1732 1382 enitescat,
1754 1345 1785 1373 et

1034 1388 1152 1423 utilitas
1174 1388 1327 1435 postulata
1350 1388 1430 1422 vires
1453 1387 1666 1421 indubitanter
1692 1399 1784 1422 assu-

1033 1445 1108 1472 mat.
1140 1437 1220 1479 Quia
1248 1438 1344 1483 igitur
1370 1448 1447 1480 vos,
1479 1448 1497 1470 ο
1526 1436 1578 1470 filii
1613 1436 1784 1478 carissimi,

1035 1499 1089 1534 per
1115 1487 1251 1522 divinam
1279 1486 1409 1532 gratiam
1437 1485 1576 1532 aspirati,
1602 1497 1706 1520 mores
1728 1497 1784 1520 ve-

1033 1544 1115 1571 stros
1145 1536 1203 1571 sub
1226 1535 1376 1582 regularis
1397 1534 1476 1569 vitae
1502 1534 1666 1581 disciplina
1692 1546 1787 1569 coer-

1033 1598 1116 1630 cere,
1134 1593 1165 1620 et
1179 1585 1390 1620 communiter
1410 1583 1585 1619 secundum
1605 1592 1785 1619 sanctorum

1034 1635 1160 1670 Patrum
1175 1634 1405 1669 institutionem
1423 1633 1632 1680 omnipotenti
1646 1633 1784 1667 Domino

1033 1684 1192 1719 deservire
1219 1682 1446 1730 proposuistis;
1473 1695 1531 1717 nos
1567 1683 1647 1717 votis
1673 1682 1786 1716 vestris

1033 1741 1162 1780 paterno
1174 1732 1431 1779 congratulamur
1445 1731 1575 1773 affectu;
1589 1731 1671 1765 unde
1687 1731 1779 1765 etiam

1035 1782 1175 1828 petitioni
1199 1790 1319 1816 vestrae
1338 1780 1530 1828 benignitate
1545 1780 1649 1815 debita
1664 1780 1783 1826 imper-

1034 1832 1132 1866 timur
1152 1843 1328 1866 assensum.
1351 1830 1441 1865 Vitae
1458 1841 1593 1877 namque
1614 1829 1785 1864 canonicae

1033 1880 1188 1921 ordinem,
1211 1892 1304 1927 quem
1332 1878 1464 1927 professi
1491 1880 1578 1920 estis,
1612 1878 1785 1925 praesentis

1034 1929 1187 1977 privilegii
1202 1929 1385 1964 auctoritate
1404 1928 1584 1969 firmamus3
1607 1935 1649 1969 et,
1672 1939 1712 1961 ne
1734 1927 1784 1961 cui

1035 1987 1104 2025 post
1148 1978 1374 2024 professionem
1416 1977 1585 2012 exhibitam
1619 1976 1783 2024 proprium

1035 2027 1112 2074 quid
1148 2027 1275 2068 babere,
1313 2038 1392 2061 neve
1426 2027 1495 2061 sine
1522 2026 1713 2073 praepositi,
1736 2024 1784 2058 vel

1035 2076 1289 2123 congregationis
1310 2075 1434 2110 licentia
1461 2075 1500 2110 de
1521 2075 1657 2109 claustro
1678 2074 1786 2108 disce-

1035 2125 1110 2160 dere
1137 2126 1238 2170 liceat,
1256 2124 1484 2160 interdicimus.
1507 2123 1600 2165 Quod
1618 2124 1643 2158 si
1665 2122 1785 2157 disces-

1035 2174 1123 2214 serit,
1142 2182 1172 2208 et
1185 2173 1409 2214 commonitus,
1427 2172 1530 2207 redire
1545 2171 1784 2218 contempserit,

1037 2223 1092 2257 tibi
1131 2222 1256 2269 tuisque
1290 2221 1528 2257 successoribus
1554 2220 1685 2255 facultas
1721 2220 1784 2264 sit,

1037 2271 1190 2306 eiusmodi
1225 2271 1359 2305 ubilibet
1383 2283 1400 2306 a
1427 2270 1492 2305 suis
1517 2269 1627 2304 officiis
1648 2268 1786 2303 interdi—

1037 2333 1122 2361 cere,
1136 2319 1336 2355 interdictum
1352 2331 1425 2354 vero
1441 2318 1546 2353 nullus
1561 2319 1785 2365 cpiscoporum

1037 2369 1225 2403 abbatumve
1267 2369 1440 2415 suscipiat,
1473 2368 1625 2414 quamdiu
1667 2367 1787 2402 scilicet

1038 2418 1101 2452 illic
1122 2417 1264 2453 canonici
1287 2417 1407 2452 ordinis
1423 2425 1513 2451 tenor
1535 2416 1672 2450 Domino
1695 2427 1787 2463 prae-

1038 2475 1138 2502 stante
1159 2466 1302 2513 viguerit.
1331 2466 1431 2501 Vobis
1462 2466 1579 2512 itaque,
1613 2466 1787 2511 vestrisque

1038 2515 1278 2551 successoribus
1291 2516 1321 2549 in
1337 2515 1447 2550 eadem
1465 2515 1617 2561 religione
1639 2526 1787 2561 permann

1073 2587 1113 2621 (Ι)
1132 2587 1171 2613 Ex
1192 2585 1301 2613 Archiv.
1322 2585 1453 2621 Ecclesiae
1469 2585 1548 2612 buius
1566 2584 1648 2612 edidit
1663 2584 1788 2612 Baluzius

1040 2625 1146 2652 miscell.
1165 2629 1228 2652 tom.
1246 2632 1287 2659 xi,
1304 2624 1349 2651 lib.
1370 2626 1396 2652 2.

1811 247 1861 274 Αη.
1882 247 1909 276 C.
1928 249 1995 278 ¹099

1839 1244 1960 1266 Exordium.

1840 1439 1951 1465 Regularis
1969 1439 1998 1459 vi·

1814 1468 1849 1486 tae
1882 1467 1998 1486 institutum

1814 1492 1954 1518 consu-matun

1841 1842 1870 1862 Ac
1885 1842 1956 1861 totalis
1967 1841 1998 1861 iu-

1815 1868 1913 1888 risdictio
1929 1868 1948 1887 in
1964 1873 1999 1887 ca-

1815 1894 1904 1915 nonicos
1939 1900 1999 1919 prae-

1814 1922 1883 1947 posito
1903 1920 2001 1941 concedi·

1815 1952 1858 1968 tur:

1840 2366 1871 2387 lta
1886 2369 1907 2386 ut
1919 2366 1994 2392 quibus

1815 2393 1841 2413 ab
1858 2399 1882 2413 en
1898 2393 2000 2414 fueritin-

1816 2420 1940 2443 tumetum,
1960 2425 1999 2440 nec

1815 2447 1840 2467 ab
1857 2447 1921 2471 episc.
1933 2447 2000 2472 recipi

1815 2475 1900 2499 possunt.
