2180 3205
149 242 198 267 An.
219 239 334 267 &1122

191 1271 320 1292 Exordium.

220 1508 315 1529 Ecclesia
331 1508 352 1529 S.

166 1537 262 1559 Martini,
285 1539 306 1554 et
317 1541 353 1555 ea-

167 1564 239 1583 nonici
252 1562 292 1582 suh
303 1567 354 1586 prs-

166 1591 203 1609 rtn·
215 1595 241 1608 ne
257 1590 316 1608 §cuis
328 1590 354 1607 A-

168 1617 287 1642 posmhcae
315 1620 355 1635 su-

168 1644 305 1668 §cipiunturq

405 224 475 258 3⁹28

678 282 796 320 XXIV.

361 363 554 410 Approbatio
577 361 711 395 instituti
729 357 881 404 regularis
896 355 1114 389 canonicorum

405 412 672 447 Bernriedensium
693 410 728 443 in
748 408 872 443 ecclesia
887 405 997 440 Sancti
1021 403 1114 437 Μαι·-

409 463 468 496 tini
487 463 659 506 Attyuslen.
686 459 827 493 dioecesis
856 457 918 499 (d).

629 530 846 563 SUMMARIUM

358 592 527 623 Exordium.
543 607 582 613 —
598 589 731 620 Ecclesia
748 587 777 618 S.
790 586 917 623 Martini,
936 588 964 615 et
979 581 1115 614 canonici

401 636 456 666 sub
487 634 665 675 protectione
689 632 773 662 Sedis
805 628 990 669 Apostolicae
1020 626 1116 657 susci-

402 678 735 720 piuntur3—Bonaque
749 675 846 706 omnia
860 674 896 704 ad
912 682 962 703 eos
979 675 1117 711 spectan-

402 725 440 754 tia
469 723 697 758 confirmantur3
718 737 759 742 —
778 718 850 749 Cum
874 718 991 747 decreto
1021 714 1118 744 omni-

404 768 507 798 modae
524 765 717 806 exemptionis
736 774 751 794 a
767 770 954 803 quacumque
970 759 1116 790 molestia.

403 829 444 834 —
464 811 574 841 Electio
598 809 759 850 praepositi
777 818 793 838 a
811 805 962 836 canonicis
975 802 1117 833 facienda.

404 873 444 879 —
459 855 613 894 chularis
626 853 802 892 disciplinae
818 848 1003 880 observantia
1015 846 1118 876 iniun-

408 901 494 940 gitur.
515 916 555 922 —
584 899 708 929 Annuus
740 904 848 926 census
877 889 963 924 altari
984 890 1017 921 B.
1041 889 1120 919 Petri

409 943 544 975 Laterani
574 941 798 983 persolvendus.
828 954 870 961 —
900 936 1008 967 Solitae
1038 933 1120 963 clau-

408 991 500 1020 sulae.

367 1055 470 1087 Calixtus
481 1056 600 1094 episcopus
609 1061 687 1082 servus
697 1058 814 1081 servorum
823 1047 876 1085 Dei,
887 1046 979 1076 dilectis
991 1045 1013 1074 in
1032 1043 1123 1073 Christo

409 1101 462 1131 filiis
483 1099 566 1129 Othoni
585 1096 725 1136 praeposito,
739 1098 761 1123 et
777 1094 826 1122 eius
837 1090 944 1120 fratribus
956 1090 979 1119 in
990 1088 1016 1117 B.
1032 1086 1123 1116 llartini

408 1145 511 1175 Ecclesia
532 1142 663 1181 regularem
678 1140 748 1169 vitatu
763 1137 878 1177 protessis,
901 1139 947 1164 tani
966 1130 1124 1172 praesentibus

410 1197 478 1228 quam
495 1187 586 1225 lutaris,
609 1186 632 1215 in
653 1187 802 1224 perpetuum.

419 1253 592 1302 Religiosis
618 1249 783 1286 desideriis
805 1247 937 1294 dignum
966 1252 1013 1279 est
1047 1243 1126 1277 faci-

372 1306 434 1341 lem
458 1303 608 1352 praebere
641 1309 846 1341 consensum,
874 1303 908 1330 ut
943 1293 1046 1328 tidelis
1068 1292 1126 1326 de-

376 1355 460 1390 votio
482 1352 603 1388 facilem
619 1349 767 1385 sortiatur
780 1346 938 1382 effectum.
952 1343 1128 1389 Eapropter

376 1417 446 1445 nos⁷
468 1411 531 1438 tam
550 1401 673 1439 vestris,
689 1410 783 1445 quam
799 1395 913 1430 nobilis
928 1393 982 1426 viri
999 1390 1127 1426 Ottonis

378 1452 526 1501 precibus
548 1448 709 1487 inclinati,
735 1445 901 1481 ecclesiam
935 1449 1069 1475 vestram
1098 1440 1126 1472 in

377 1504 530 1538 honorem
554 1498 681 1534 Domini
703 1494 874 1531 Salvatoris
896 1501 926 1527 et
949 1491 984 1525 B.
1005 1488 1127 1524 Martini

379 1553 459 1587 intra
486 1550 704 1597 episcopatum
729 1546 974 1590 Augustensem‚
995 1539 1025 1573 in
1049 1538 1129 1577 loco,

377 1601 430 1649 qui
458 1600 573 1635 dicitur
600 1588 1050 1632 Bernried,constructam,in
1069 1598 1130 1633 qua

379 1650 438 1685 sub
465 1646 617 1694 regularis
643 1644 723 1678 vitae
756 1639 953 1676 observantia
977 1645 1007 1672 et
1034 1648 1132 1671 cano-

381 1699 444 1734 nici
469 1696 590 1733 ordinis
616 1692 797 1739 disciplina,
822 1686 1032 1734 omnipotenti
1060 1685 1132 1718 Do-

381 1749 468 1783 mino
491 1745 607 1781 servire
633 1740 828 1780 decrevistis,
859 1738 889 1772 in
918 1737 954 1770 B.
992 1734 1074 1769 Petri
1103 1741 1134 1768 et

383 1797 542 1831 Romanae
560 1791 721 1828 Ecclesiae
737 1789 877 1830 tutelam,
896 1784 1134 1833 protectionem—

383 1858 445 1894 que
472 1843 677 1890 suscipimus,
699 1848 730 1873 et
751 1837 844 1873 Sedis
862 1833 1063 1883 Apostolicae
1080 1844 1135 1878 pa-

214 1911 314 1941 eanaque
335 1915 359 1929 ο-
386 1895 522 1930 trocinio
561 1889 806 1926 communimus.
838 1885 1013 1920 Statuimus
1039 1882 1135 1920 enim,

174 1939 293 2010 {Jss'cianii‘i
309 1942 360 1982 εὲἱῗ
386 1953 420 1979 ut
442 1943 559 1982 omnia,
589 1951 670 1987 quae
693 1938 735 1971 illi
759 1936 807 1971 vel
832 1935 870 1969 ab
888 1934 999 1967 eodeni
1019 1930 1136 1964 Ottonc

192 1994 300 2013 rmantur;

206 2249 261 2268 Cum
276 2249 364 2268 decreto

179 2275 321 2295 ouinunodae
345 2282 366 2294 e-

183 2302 317 2326 xemptionis

180 2333 319 2352 quacumque

182 2356 260 2375 molt-st
270 2360 287 2373 a.

386 2002 417 2029 et
440 2004 536 2027 uxore
550 1990 619 2025 eius
641 1985 828 2023 Adelheide,
852 1983 898 2017 vel
917 1982 954 2017 ab
976 1981 1044 2015 aliis
1060 1979 1138 2013 lide-

389 2043 473 2078 libus
500 2041 539 2075 de
565 2051 623 2074 suo
657 2038 724 2071 iure
750 2043 804 2070 aut
832 2033 891 2067 iam
919 2030 1029 2065 collata
1054 2036 1138 2067 suut,

389 2099 443 2127 aut
464 2092 495 2125 in
518 2096 676 2137 posterum
694 2084 843 2130 largiente
870 2081 1008 2116 Domino
1030 2077 1140 2112 confe-

390 2148 511 2180 rentur,
533 2138 636 2186 quieta
669 2134 755 2168 vobis
776 2131 951 2177 vestrisque
973 2138 1141 2163 successo-

392 2190 479 2225 ribus
514 2189 545 2222 in
584 2185 693 2221 eadem
732 2182 881 2227 religione
907 2177 1076 2217 mansuris,
1110 2182 1143 2209 et

393 2239 510 2273 illibata
537 2241 751 2284 permaneant.
775 2229 983 2265 Decernimus
1004 2236 1143 2273 quoque,

354 2307 365 2321 a
394 2296 430 2322 ut
452 2287 529 2321 nulli
553 2285 682 2320 omnino
700 2281 867 2316 hominum
888 2277 979 2312 liceat
1001 2274 1144 2309 eamdem

397 2336 575 2371 Ecclesiam
611 2341 727 2367 temere
755 2326 956 2377 perturbare,
991 2332 1044 2359 aut
1077 2323 1146 2357 eius

398 2385 614 2433 possessiones
641 2380 776 2422 auferre,
792 2377 839 2412 vel
865 2375 982 2410 ablatas
1000 2373 1146 2415 retinere,

399 2435 567 2472 minuere‚·
603 2431 648 2465 vel
692 2426 867 2464 temerariis
913 2420 1148 2469 fatigationibus

400 2495 533 2522 vexare;
560 2480 615 2515 sed
638 2478 743 2514 omnia
765 2477 886 2522 integre
913 2477 1148 2508 conserventur,

401 2543 526 2571 eorum,
549 2541 606 2577 pro
627 2539 761 2576 quorum
783 2521 1034 2561 substentatione
1055 2526 1086 2554 et
1098 2530 1150 2565 gu-

440 2609 480 2646 (1)
497 2609 536 2636 Ex
553 2607 650 2634 Hundii
664 2604 801 2641 Metropoli
817 2599 1018 2637 Salisburgensi.

936 222 1125 247 num-ammi

1151 219 1314 243 ROMANUH

1154 273 1338 310 bernatione
1377 282 1527 306 concessa
1555 275 1639 310 sunt,
1671 266 1780 302 usibus
1806 264 1905 301 omni-

1156 328 1258 363 modis
1286 325 1463 374 profutura:
1492 323 1575 358 salva
1601 321 1813 368 Augustensis
1834 320 1905 367 epi-

1155 382 1242 429 scopi
1256 379 1439 416 reverentia.
1454 377 1707 425 Praepositorum
1724 386 1797 409 vero
1810 374 1905 408 libera

1156 444 1186 470 et
1219 434 1381 477 canonica,
1409 432 1546 467 maxime
1577 430 1617 465 de
1643 429 1766 472 eadem,
1799 429 1844 462 vel
1868 428 1906 462 de

1155 489 1379 536 qualicumque
1400 485 1555 533 spirituali
1582 483 1839 531 congregatione,
1855 482 1906 516 fiat

1156 544 1283 579 electio:
1300 550 1331 576 et
1352 550 1422 588 post
1446 539 1672 587 professionem
1692 538 1773 571 iuste
1791 536 1910 570 exhibi-

1157 604 1232 637 tam,
1246 595 1365 630 nemini
1388 602 1524 629 vestrum
1542 593 1632 627 liccat
1649 591 1808 640 proprium
1832 590 1907 638 quid

1159 650 1274 684 habere
1299 661 1357 683 nec
1384 647 1452 682 sine
1470 646 1639 694 praepositi
1667 645 1713 679 vel
1737 657 1911 690 congrega-

1159 703 1254 737 tionis
1286 701 1410 736 licentia
1439 700 1478 735 de
1505 699 1642 734 claustro
1669 699 1843 741 discedere,
1877 705 1911 732 ut

1161 758 1190 791 in
1218 768 1268 798 ec,
1295 755 1380 802 quod
1403 754 1631 801 assumpsistis,
1660 753 1834 800 proposito,
1855 752 1912 786 lar-

1160 809 1264 856 giente
1285 808 1434 853 Domino,
1461 815 1643 843 constanter
1670 808 1700 842 in
1723 815 1911 854 perpetuum

1162 862 1325 898 maneatis.
1354 861 1506 896 Advocati
1542 861 1636 896 etiam
1673 869 1704 896 et
1730 860 1913 896 defensores

1162 916 1264 952 eidem
1287 916 1384 951 cellae
1405 915 1496 950 utiles
1510 915 1549 949 ab
1572 915 1670 962 ipsius
1685 915 1742 950 loci
1766 914 1913 949 fratribus

1164 970 1386 1016 provideantur
1412 977 1443 1003 et
1478 968 1575 1003 libere
1598 969 1762 1015 eligantur.
1791 968 1839 1003 Ad
1864 968 1914 1002 in-

1164 1024 1280 1058 dicium
1302 1032 1406 1058 autem
1432 1031 1596 1069 perceptae
1620 1024 1712 1058 huius
1733 1037 1748 1057 a
1771 1022 1913 1057 Romana

1165 1077 1306 1111 Ecclesia
1329 1076 1493 1119 libertatiS,
1520 1077 1621 1111 albam
1645 1090 1716 1112 curn
1740 1077 1869 1122 cingulo
1885 1084 1915 1110 et

1166 1131 1314 1165 amictum
1338 1130 1374 1164 B.
1398 1130 1492 1164 Petro
1515 1130 1544 1164 in
1567 1130 1788 1165 Lateranensis
1811 1130 1914 1177 palatii

1167 1185 1307 1232 cappella
1335 1184 1468 1230 singulis
1489 1184 1634 1218 trienniis
1666 1184 1859 1231 persolvetis.
1881 1184 1914 1218 Si

1167 1251 1227 1285 qua
1249 1251 1324 1284 ergo
1348 1239 1379 1273 in
1407 1238 1546 1273 futurum
1573 1239 1784 1273 ecclesiastica
1806 1250 1918 1273 saecu-

1170 1293 1279 1327 larisve
1304 1305 1448 1340 persona,
1468 1292 1548 1327 hanc
1571 1301 1694 1327 nostrae
1717 1293 1916 1329 constitutio-

1171 1348 1219 1382 nis
1248 1347 1391 1394 paginam
1427 1347 1542 1387 sciens‚
1569 1356 1674 1381 contra
1705 1359 1773 1381 eain
1803 1356 1919 1382 temere

1172 1401 1276 1436 venire
1305 1400 1481 1444 tentaverit,
1508 1400 1648 1434 secundo
1677 1401 1806 1435 tertiove
1832 1413 1921 1435 com-

1172 1455 1300 1496 monita,
1316 1455 1342 1489 si
1359 1467 1421 1488 non
1436 1454 1647 1489 satisfactione
1661 1465 1798 1500 congrua
1817 1466 1922 1489 emen-

1171 1509 1300 1549 daverit,
1317 1508 1479 1555 potestatis
1497 1507 1688 1554 honorisque
1703 1509 1749 1542 sui
1772 1509 1922 1555 dignitate

1172 1572 1285 1607 carcat,
1309 1574 1455 1609 reamque
1477 1574 1510 1596 se
1526 1562 1632 1596 divino
1650 1562 1766 1596 iudicio
1788 1563 1922 1596 existere

1173 1617 1211 1651 (le
1238 1624 1410 1664 perpetrata
1443 1615 1606 1662 iniquitate
1638 1623 1818 1660 cognoscat,
1841 1623 1869 1649 et
1905 1627 1921 1648 a

1174 1671 1386 1705 sacratissimo
1408 1670 1549 1716 Corpore
1575 1681 1610 1703 ac
1632 1668 1793 1715 Sanguine
1813 1669 1870 1703 Dei
1893 1676 1923 1702 et

1176 1725 1302 1759 Domini
1330 1723 1555 1771 Redemptoris
1588 1723 1686 1757 nostri
1709 1723 1778 1757 Iesu
1805 1721 1923 1757 Christi

1176 1779 1277 1814 aliena
1304 1779 1368 1819 fiat,
1389 1786 1482 1824 atque
1505 1777 1535 1810 in
1558 1785 1697 1810 extremo
1713 1776 1860 1810 examine
1876 1774 1926 1809 di-

1177 1834 1301 1868 strictae
1329 1832 1440 1867 ultioni
1466 1831 1636 1865 subiaceat.
1664 1829 1797 1864 Cunctis
1822 1836 1925 1863 autem

1178 1888 1295 1921 eisdem
1331 1885 1531 1920 monasteriis
1559 1885 1638 1918 iusta
1661 1882 1860 1917 servantibus
1886 1883 1927 1916 sit

1180 1954 1236 1988 pax
1253 1941 1381 1975 Domini
1405 1939 1501 1974 nostri
1524 1937 1593 1972 Iesu
1621 1936 1749 1976 Christi,
1772 1943 1928 1983 quatenus

1180 2004 1210 2030 et
1232 1996 1284 2030 hic
1306 1995 1441 2029 fructum
1464 1993 1564 2027 bonae
1585 1990 1718 2025 actionis
1743 1989 1928 2036 percipiant,

1180 2059 1211 2086 et
1237 2049 1320 2097 apud
1347 2048 1522 2082 districtum
1544 2044 1686 2079 iudicem
1714 2043 1851 2090 praemia
1877 2054 1930 2077 ae-

1182 2114 1289 2141 ternae
1313 2102 1398 2150 pacis
1421 2100 1591 2135 inveniant.

1232 2161 1305 2195 Eoo
1343 2157 1524 2195 Caunus,
1559 2151 1730 2187 catholicae
1770 2148 1932 2184 Ecclesiae

1184 2215 1364 2262 episcopus.

1234 2267 1349 2301 Datum
1378 2260 1524 2297 Laterani
1552 2271 1606 2306 per
1633 2270 1760 2293 manum
1791 2255 1934 2302 Hugonis

1186 2321 1322 2356 Sanctae
1339 2318 1501 2352 Romanae
1518 2313 1678 2349 Ecclesiae
1696 2310 1893 2348 subdiaconi,
1910 2321 1933 2343 ιι

1189 2375 1260 2409 idus
1282 2371 1471 2409 novembris,
1499 2367 1672 2403 indictione
1699 2365 1810 2412 prima,
1830 2363 1936 2397 incar-

1190 2427 1325 2464 nationis
1351 2424 1528 2459 dominicae
1550 2432 1632 2456 anno
1652 2430 1785 2461 mcxxu,
1810 2415 1937 2464 pontiti-

1190 2495 1278 2519 catus
1293 2489 1396 2516 autem
1413 2477 1534 2513 domini
1548 2474 1663 2510 Calixti
1677 2472 1781 2519 Papae
1794 2481 1877 2505 anno
1891 2480 1936 2504 tv.

1231 2544 1292 2574 Dat.
1311 2543 1358 2573 die
1375 2542 1393 2572 t
1411 2537 1578 2570 novembris
1597 2543 1673 2565 anno
1682 2531 1797 2562 Domini
1813 2529 1900 2567 11:2⁹2,

1439 2582 1541 2617 contis.
1563 2588 1638 2610 anno
1657 2587 1693 2608 tv.

1929 214 1977 240 An.
1998 213 2027 240 C.
2045 212 2110 240 ¹¹22

1958 394 2037 424 Electio
2052 398 2114 419 prae-

1931 424 1996 446 positi
2014 426 2026 440 a
2047 425 2114 440 catio-

1932 448 1988 468 niuis
2011 447 2115 468 tacienda-

1963 709 2077 735 negaturis
2090 709 2121 729 ‹ti-

1936 738 2042 763 sciptume
2048 736 2122 756 ohser-

1936 765 2010 811 mptia
2025 762 2122 789 iniungi-

1969 986 2060 1005 Annuus
2074 988 2125 1003 cen—

1942 1016 1980 1032 sus
1988 1010 2049 1030 attari
2069 1009 2125 1030 beati

1942 1037 2000 1058 Petri
2026 1035 2125 1057 Laterani

1942 1064 2109 1090 persolvendus.

1971 1197 2050 1217 Solitae
2069 1195 2129 1216 clau-

1945 1224 2013 1244 sutae.
