2180 3205
442 293 506 330 890

498 366 618 400 eisdem
641 375 798 409 personae
817 365 952 408 idoneae
970 365 1009 398 ad
1031 365 1151 408 guber·
1172 368 1173 393 i

498 419 586 453 nium
615 424 763 463 repertae
794 429 858 452 non
891 418 1028 459 suerint,
1053 419 1173 461 desu-,

450 482 453 485 ·
498 473 606 505 mendi
632 472 764 506 abbates
789 484 825 506 cx
854 472 923 506 aliis
951 468 1173 506 monasteriis

498 526 642 560 eiusdem
665 527 804 567 ordinis;
821 533 851 560 et
873 527 1040 571 repetendi
1063 513 1173 573 quid-i

498 579 587 623 quid,
612 580 651 612 acl
681 580 794 613 eadem
828 579 1025 613 monasteria
1050 578 1173 623 perti-1

498 643 587 666 nens.
603 633 642 665 ab
656 633 726 666 aliis
741 634 857 667 iniuste
871 633 1066 673 detineatur,
1080 633 1092 665 ‘l
1106 632 1152 664 14.
1173 666 1174 681 ἢ

409 685 494 719 LVII.
523 686 729 729 Privilegiuui
757 698 816 732 pro
842 688 984 721 Ecclesia
1009 688 1038 721 S.
1072 686 1156 720 Petri

498 740 530 772 in
553 740 625 773 villa
643 741 805 775 Mascliara
820 742 890 782 sita,
912 748 943 775 et
964 742 1082 775 tutelae
1104 741 1158 775 Se-

499 793 548 827 dis
570 794 774 838 Apostolicae
796 795 979 836 commissa,
1009 794 1077 828 115.

410 847 732 882 LVIIIJConIirmatio
747 850 992 894 privilegiorum
1011 849 1156 882 omnium
1173 844 1175 901 l

499 892 749 926 Panormitanas·
771 894 943 929 Ecclesiae,
973 894 1042 926 116.

410 946 484 979 LIX.
499 946 706 989 Privilegium
721 948 979 981 confirmationis
996 948 1157 981 honorum
1175 948 1176 982 l

499 997 596 1035 atque
617 992 859 1025 immunitatum
883 992 1069 1025 monasterii
1089 992 1158 1025 Hir-

501 1036 690 1079 saugjiensis,
715 1037 803 1080 quod
817 1037 875 1070 suh
890 1037 1092 1081 Apostolicae
1105 1037 1160 1070 Se·
1175 1035 1176 1038 ’

500 1080 549 1114 dis
579 1081 780 1125 protectione
814 1082 988 1125 recipitur,
1014 1082 1177 1114 iniuncto*

500 1135 599 1159 onere
617 1126 716 1159 annui
738 1137 864 1166 census,
889 1126 962 1159 117.
1174 1133 1180 1165 ξ

411 1178 470 1212 Lx.
496 1179 723 1221 Andaginense
751 1179 987 1213 monasterium
1014 1180 1072 1212 suh
1099 1180 1156 1213 Se-

501 1223 549 1257 dis
576 1224 779 1267 Apostolicae
806 1225 1009 1267 protectione
1037 1224 1157 1268 recipi-

500 1273 564 1308 tur,
580 1268 674 1312 eique
687 1269 843 1302 nonnulla
857 1269 963 1302 oblata
982 1269 1066 1302 dona
1085 1279 1160 1302 con-
1176 1292 1178 1309 x

501 1311 685 1352 firmantur,
706 1312 780 1347 11118.
1176 1319 1178 1331 ²

412 1364 486 1400 LXI.
510 1365 687 1400 Abbatibus
711 1367 972 1401 Cluniacensibus
1004 1368 1157 1401 concedi-

502 1415 556 1444 tur
575 1411 765 1445 omnimoda
783 1412 962 1450 iurisdictio
977 1423 1075 1456 super
1091 1423 1160 1446 mo-

502 1455 614 1489 nachis
645 1462 677 1489 et
705 1457 821 1490 abbate
842 1457 1031 1490 monasterii
1052 1457 1160 1491 Sancti

503 1499 667 1576 Beneppgi
694 1501 733 1534 ad
754 1501 877 1535 Padum
899 1501 1044 1535 eiusdem
1065 1502 1156 1535 ordi-

503 1555 564 1584 nis,
610 1555 614 1561 ’
635 1568 662 1577 c.

684 1650 823 1687 VICTOR
842 1653 891 1687 111.

416 1758 438 1794 l.
463 1758 671 1794 Confirmatio
692 1759 854 1794 bonorum
876 1760 1022 1794 omnium
1043 1760 1082 1794 ad
1103 1761 1164 1795 Ra-

506 1813 680 1847 vellensem
715 1813 891 1848 Ecclesiam
922 1814 1137 1858 spectantium
1152 1834 1181 1856 ,ι

505 1865 579 1900 121.

619 1963 622 1966 “
669 1975 850 2011 ancisus
869 1976 904 2011 11.

418 2084 440 2119 l.
461 2083 670 2118 Confirmatio
683 2084 846 2118 bonorum
867 2094 903 2117 ac
920 2083 1163 2128 privilegiorum

509 2128 654 2162 omnium
697 2128 915 2163 Cluniacensis
956 2128 1161 2173 monasterii,

508 2173 596 2217 quod
626 2173 683 2207 soli
710 2173 913 2217 Apostolicae
946 2173 1020 2207 Sedi
1051 2173 1162 2207 subie-

509 2223 595 2251 ctum
612 2218 810 2251 declaratur:
828 2218 963 2261 eiusque
980 2217 1088 2250 abbati
1107 2218 1166 2250 mi-

508 2268 589 2302 trae,
602 2262 871 2306 chyrothecarum
893 2268 923 2295 et
944 2261 1184 2295 sandalioruml

508 2317 585 2341 usus
606 2307 806 2345 conceditur,
828 2306 902 2340 ⁴121.

419 2359 455 2394 ll.
480 2360 616 2394 Bantino
645 2360 844 2393 monasterio
872 2371 889 2393 a
917 2371 949 2393 se
977 2364 1184 2396 consecrato:

509 2405 665 2438 nonnulla
685 2405 834 2438 Urbanus
854 2405 912 2438 ΡΡ.
934 2404 1083 2437 concedit
1102 2404 1184 2448 pri-z

508 2449 634 2492 vilegia,
659 2454 756 2493 atque
775 2449 1007 2493 exemptiones,
1028 2447 1103 2481 1123.

421 2502 470 2536 ΠΙ.
494 2501 537 2535 De
559 2503 762 2547 reparatione
776 2502 935 2536 Ecclesiae
948 2502 1168 2536 Tarraconen-

511 2546 563 2584 sis,
587 2547 679 2581 cuius
700 2548 807 2580 favore
828 2558 865 2580 ea
888 2546 1032 2590 impendi
1053 2557 1168 2580 conce-

512 2590 609 2630 ditur,
634 2602 716 2635 quae
743 2590 923 2625 necessaria
945 2592 1048 2624 sor-ent
1076 2591 1168 2624 ituris

510 2635 783 2712 issssemsalem’
807 2636 855 2668 vel
887 2635 918 2668 in
945 2634 1023 2668 alias
1043 2640 1164 2679 partes,
1184 2679 1185 2692 ἵ

423 2731 470 2767 IV.
495 2732 702 2768 Confirmatio
728 2733 874 2767 Barensis
902 2732 1186 2775 archIepiseopa-=

997 302 1181 327 BULLARIUM
1197 302 1351 327 ROMANUM

1279 370 1339 406 tus,
1363 365 1591 409 bonorumque
1612 365 1651 398 ad
1673 375 1742 398 eam
1760 364 1934 398 Ecclesiam

1279 418 1506 462 spectantium,
1531 417 1604 451 ¹125.
1627 460 1632 465 .

1190 470 1223 503 V.
1248 471 1439 505 Constitutio
1465 472 1506 505 ad
1525 471 1723 505 Ghicardum
1748 471 1936 516 episcopum

1279 524 1571 565 Constantiensem,
1595 536 1659 569 qua
1679 524 1938 559 excommunica-

1280 576 1400 610 ti0nem
1422 577 1454 610 in
1475 577 1649 611 Henricum
1678 587 1786 620 regem
1816 582 1848 611 et
1870 577 1934 610 Ra-

1280 638 1450 665 vennatem
1472 631 1743 672 haeresiarcham,
1768 642 1783 664 a
1812 631 1935 673 Grego-

1282 685 1329 718 rio
1341 685 1391 718 vn
1405 686 1514 726 latam,
1526 685 1709 725 confirmat,
1730 685 1806 718 etin
1824 694 1938 718 eorum

1281 738 1450 776 sectarios,
1475 739 1549 773 inde
1570 749 1653 783 quae
1678 738 1802 781 agenda
1823 738 1855 771 in
1876 737 1939 771 cle-

1282 791 1366 824 ricos
1397 792 1437 825 ab
1465 792 1623 837 episcopis
1652 790 1939 825 excommunicatis

1283 844 1460 886 ordinatos,
1484 845 1662 884 coustituit,
1687 844 1761 878 1127.

1193 897 1240 930 VI.
1265 898 1475 932 Confirmatio
1488 899 1660 933 erectionis
1674 899 1849 932 canonicae
1862 898 1940 933 San-

1283 957 1351 985 ctae
1364 953 1481 987 Mariae
1502 953 1533 986 in
1554 953 1765 994 Rettenbach,
1778 963 1859 997 quae
1880 952 1940 986 sub

1283 1006 1486 1049 ,apostolicae
1505 1007 1596 1040 Sedis
1615 1007 1824 1051 protectione
1852 1006 1936 1039 reci-

1283 1059 1386 1103 pitur:
1400 1059 1665 1104 confirmatisque
1679 1060 1772 1093 honis
1789 1059 1940 1093 omnibus

1284 1113 1324 1146 ad
1352 1124 1423 1146 eam
1451 1114 1682 1158 spectantibus,
1707 1113 1864 1147 nonnulla
1888 1112 1937 1147 ei-

1283 1167 1357 1200 dem
1379 1168 1604 1201 conceduntur
1623 1167 1802 1211 privilegia,
1826 1165 1900 1200 2130.

1176 1219 1254 1253 :Vn
1280 1221 1510 1263 privilegium,
1536 1232 1592 1254 seu
1625 1221 1754 1254 decreta
1785 1220 1942 1254 nonnulla

1283 1285 1342 1318 pro
1375 1275 1516 1308 Ecclesia
1543 1275 1860 1320 Gratianopolitana,
1884 1274 1940 1307 bo-

1284 1328 1398 1372 nisque
1419 1329 1457 1362 ad
1479 1339 1548 1362 eam
1567 1328 1815 1373 pertinentibus,
1840 1327 1914 1361 432.

1194 1380 1268 1414 VIII.
1304 1382 1504 1425 Approbatio
1531 1381 1790 1425 congregationis
1824 1391 1938 1414 mona-

1284 1435 1420 1469 chorum
1440 1435 1537 1469 Vallis
1549 1436 1727 1469 L’mbrosae
1748 1435 1818 1468 ord.
1834 1432 1942 1470 Sancti

1284 1490 1459 1530 Benedicti,
1481 1501 1564 1535 quac
1585 1490 1644 1524 suh
1665 1489 1867 1534 protectione
1888 1490 1942 1523 Se-

1285 1544 1333 1577 dis
1353 1544 1557 1588 Apostolicae
1578 1544 1762 1588 suscipitur,
1787 1542 1861 1577 133.

1196 1598 1245 1632 lx.
1267 1598 1506 1642 Monopolitana
1526 1597 1678 1639 Ecclesia,
1699 1598 1739 1630 ab
1760 1597 1849 1631 omni
1869 1607 1940 1632 me-

1286 1642 1447 1687 tropolico
1468 1642 1537 1675 iure
1557 1643 1670 1683 libera,
1691 1642 1944 1686 immediateque

1285 1687 1315 1722 S.
1339 1687 1543 1731 Apostolicae
1563 1687 1637 1721 Sedi
1658 1686 1801 1720 subiecta
1831 1687 1940 1721 decla-

1286 1738 1388 1772 ratur,
1412 1731 1486 1765 2135.

1197 1786 1233 1820 X.
1258 1785 1506 1820 Tarraconensis
1525 1785 1677 1824 Ecclesia,
1692 1785 1820 1819 civitate
1841 1794 1946 1829 nuper

1287 1830 1327 1863 ab
1345 1832 1570 1873 Agarenorum
1600 1829 1750 1863 manibus
1771 1829 1941 1869 vindicata,

1287 1877 1449 1908 Ausonen.
1469 1874 1628 1918 episcopis
1648 1874 1874 1915 committitur,
1892 1884 1945 1907 us-

1287 1919 1430 1964 quedum
1452 1918 1587 1963 pristino
1605 1918 1702 1952 statui
1723 1929 1759 1952 ac
1778 1917 1944 1963 splendori

1286 1964 1454 2004 reddatur,
1475 1962 1549 1996 1136.

1198 2019 1248 2054 XI.
1271 2018 1443 2052 Decretum
1464 2018 1504 2051 de
1525 2017 1746 2051 controversia
1766 2017 1850 2050 inter
1869 2026 1941 2051 mo-

1288 2063 1409 2096 nachos
1429 2062 1459 2096 S.
1474 2061 1581 2095 Albini
1602 2061 1806 2104 Andegaven.
1828 2066 1860 2094 et
1872 2061 1945 2094 Vin-

1289 2107 1480 2141 docinenses
1500 2117 1598 2150 super
1617 2106 1752 2140 ecclesia
1773 2105 1804 2139 S.
1827 2105 1945 2139 Mariae

1289 2152 1483 2191 Credonen.,
1504 2150 1579 2184 138.

1200 2206 1263 2240 XII.
1288 2206 1336 2240 Ad
1359 2205 1548 2239 Anselmum
1568 2204 1781 2237 Mediolanen.
1813 2203 1945 2238 arehie-v

1289 2250 1458 2295 piscopum
1479 2249 1518 2282 de
1544 2248 1808 2282 reconciliatione
1832 2248 1942 2293 lapso-

1289 2305 1375 2333 rum,
1399 2293 1473 2327 139.

1182 2335 1277 2384 'xm
1306 2347 1514 2381 Confirmatio
1544 2347 1707 2380 honorum
1737 2346 1884 2380 omnium
1908 2356 1946 2379 ac

1290 2392 1533 2436 privilegiorum
1554 2390 1741 2424 monasterii
1759 2390 1790 2424 S.
1807 2390 1946 2434 Sophiae

1290 2438 1533 2471 Beneventanae
1551 2435 1717 2474 dioecesis,
1734 2434 1826 2468 cuius
1837 2434 1945 2468 abbati

1291 2481 1462 2526 qulnquies
1494 2480 1527 2513 in
1558 2490 1642 2513 anno
1673 2479 1945 2524 chyrothecarum

1292 2537 1368 2560 usus
1389 2524 1589 2565 conceditur,
1613 2523 1688 2558 439.

1202 2580 1277 2614 XIV.
1302 2578 1491 2613 Corsicanae
1511 2573 1634 2611 insulae
1655 2577 1859 2621 episcopatus
1890 2576 1943 2610 Pi-

1291 2633 1369 2658 sano
1389 2622 1617 2662 subiiciuntur,
1641 2621 1716 2655 141.

1203 2677 1264 2712 XV.
1281 2675 1490 2712 Confirmatio
1510 2675 1685 2716 bonorum,
1705 2674 1825 2708 iurium
1843 2673 1946 2708 etim-

1291 2730 1487 2777 munitatum
1509 2729 1655 2763 omnium
1668 2727 1815 2762 Cavensis
1835 2736 1946 2761 mona-
