2180 3205
46 301 94 329 Au.
113 299 142 326 C.
160 298 226 325 1118

93 399 170 421 Gelasii
185 398 224 419 PP-

47 427 179 453 subscriptio.

84 1583 203 1606 Exordium.

83 1879 178 1900 ruentia·
192 1879 233 1899 du-

55 1910 68 1926 e
79 1905 114 1926 ndi
125 1912 200 1932 nquam
208 1912 233 1926 ex

54 1931 116 1953 fluvio
145 1932 231 1953 moris.

883 279 1035 303 GELitstrs
1061 279 1085 301 ll
1110 279 1158 301 91².

249 335 345 372 tentis
356 334 414 370 Dei
429 335 565 370 servitiis
581 347 688 371 vacare
709 335 847 383 quietius
864 335 999 370 valeatis.

300 385 370 420 Eoo
392 384 556 420 Gsmstcs
571 385 742 420 catholicae
756 385 913 420 Ecclesiae
937 385 1002 432 cpi-

249 446 364 482 scopus
390 447 432 470 ss.

440 485 573 529 Si'ynum
594 496 704 518 manus
726 496 806 518 meoe.

339 545 485 568 noxiixts
512 545 546 568 ιΝ
580 545 664 568 Loco
694 544 817 567 smero
843 543 913 567 suo.

297 582 412 617 Datum
435 582 563 629 Capuae
576 594 602 616 11
630 581 701 615 idus
723 581 843 628 aprilis,
866 594 921 627 per
937 593 1001 615 ma-

249 643 326 666 num
351 631 550 679 Chrysogoni
578 631 611 666 S.
635 630 674 664 R.
705 630 740 664 E.
774 631 896 665 diaconi
928 642 1000 664 car-

249 680 377 725 dinalis,
400 693 484 715 anno
510 680 686 715 dominicae
709 679 827 714 incarn.
851 691 998 723 MCXVHI,

248 729 358 764 indict.
387 742 437 773 xl,
459 730 658 776 pontificatus
684 736 787 763 autem
810 728 999 763 domniGe-

248 779 315 814 lasii
334 779 464 814 secundi
492 778 613 826 Papae,
635 790 718 812 anno
740 790 763 812 1.

304 835 365 866 Dat.
386 835 434 866 die
453 835 489 865 12
507 835 609 875 aprilis
626 844 702 865 anno
719 834 836 865 Domini
857 835 941 865 1118.

599 954 653 989 ΠΙ.

250 1033 451 1078 Prt'vi'leqium
457 1044 516 1078 pro
526 1032 708 1066 monasterio
718 1033 851 1066 Sanctae
865 1031 1000 1076 Sophiae

422 1086 587 1131 Capuanae
613 1087 752 1119 dioecesis
775 1087 833 1129 (l).

516 1155 731 1185 smnlAP-ltssit

248 1219 416 1251 Exordium.
437 1238 478 1244 —
507 1221 643 1251 Facultas
672 1221 798 1251 ducendi
829 1230 935 1260 aquam
968 1231 1001 1251 ex

289 1266 377 1296 fluvio
387 1265 508 1296 Caloris.
520 1265 765 1295 —Consirmatur
783 1266 1000 1296 concambium.

288 1327 328 1334 —
342 1310 452 1340 Gelasii
469 1310 522 1340 PP.
534 1315 562 1340 et
574 1309 602 1340 S.
619 1310 652 1340 R.
670 1310 700 1340 E.
713 1311 907 1340 cardinalium
925 1311 999 1340 sub-

289 1355 476 1394 scriptiones.

251 1425 356 1456 Gelasius
377 1426 497 1464 episcopus
525 1434 603 1455 servus
625 1434 741 1455 servorum
764 1424 814 1462 nei,
842 1425 927 1454 dilecto
953 1425 1001 1454 lilio

291 1469 409 1500 Bernardo
428 1469 506 1499 abbati
524 1470 656 1499 monasterii
679 1469 702 1498 S.
728 1469 836 1509 Sophiae,
863 1469 961 1499 salutem
980 1473 1002 1498 et

290 1514 441 1553 apostolicam
469 1513 664 1543 benedictionem.

299 1575 460 1622 Religiosa
483 1575 551 1611 loca
581 1575 774 1622 temporibus
797 1575 910 1610 nostris
930 1588 1003 1622 pro-

251 1633 321 1673 pter
344 1633 470 1671 peccata
504 1625 685 1660 communia
720 1624 827 1659 multis
860 1625 1003 1659 videmus

251 1675 405 1721 angustiis
457 1682 488 1709 et
526 1674 781 1709 tribulationibus
817 1675 1000 1721 angustiari.

253 1723 298 1758 Ea
321 1732 447 1771 propter
463 1732 676 1771 opportunum
699 1724 859 1764 duximus,
881 1736 1002 1758 eorum-

252 1773 324 1807 dem
360 1773 500 1807 locorum
536 1773 787 1813 necessitatibus,
825 1773 1001 1808 secundum

253 1821 357 1856 datam
383 1822 534 1856 divinitus
562 1822 763 1865 facultatem,
801 1822 1003 1868 Apostolicae

253 1871 347 1906 Sedis
379 1871 476 1916 gratia
507 1871 676 1915 benignius
709 1871 887 1906 subvenire.
927 1872 1003 1905 Tuis

254 1932 342 1966 ergo,
369 1920 482 1955 dilecte
509 1920 539 1953 in
564 1919 692 1954 Christo
714 1920 768 1958 fili,
804 1920 902 1955 abbas
924 1920 1004 1955 Ber-

255 1969 363 2014 narde,
398 1969 604 2015 petitionibus
627 1977 819 2010 annuentes,
853 1970 1003 2004 concedi-

255 2031 338 2059 mus,
363 2027 397 2052 ut
417 2018 568 2064 deinceps
589 2018 644 2052 tibi
681 2019 807 2064 tuisque
839 2031 1005 2053 successo-

254 2067 343 2102 ribus
368 2067 479 2107 liceat,
517 2067 556 2102 de
590 2067 686 2102 fluvio
724 2067 847 2102 Caloris
873 2080 1003 2114 aquam,

256 2125 437 2163 perceptum
460 2116 648 2151 beneficium
675 2125 810 2151 restrum
838 2118 1005 2164 accipere,

255 2173 288 2200 et
309 2178 366 2212 pro
393 2165 518 2200 duobus
545 2165 746 2205 molendinis,
774 2165 820 2199 vel
845 2165 913 2200 aliis
937 2178 1006 2200 mo-

257 2214 384 2249 nasterii
421 2213 610 2248 utilitatibus
644 2226 697 2261 per
723 2222 837 2248 terram
872 2223 1004 2249 vestram

258 2275 357 2310 usque
383 2263 413 2296 in
441 2263 589 2297 eumdem
612 2263 741 2297 fluvium
768 2263 890 2297 Caloris
912 2263 1006 2297 dedu-

257 2324 340 2346 cere.
364 2311 398 2346 Si
421 2319 527 2346 autem
553 2312 738 2358 oportuerit.
766 2312 923 2346 licentiam
950 2312 1006 2346 ha·

259 2360 358 2396 beatis
391 2360 563 2407 accipiendi
591 2361 734 2394 eamdem
762 2372 872 2407 aquam
896 2373 1007 2407 supra,

258 2409 305 2444 vel
331 2409 409 2444 infra
437 2409 584 2455 praediis,
607 2417 672 2443 tum
694 2409 882 2449 aedificium,
906 2422 1007 2456 quan-

258 2466 324 2492 tum
354 2457 500 2492 videlicet
530 2466 609 2492 terra
646 2466 746 2492 vestra
774 2466 804 2493 et
837 2470 917 2504 aqua
950 2468 1006 2493 est.

258 2507 351 2549 Quod
379 2508 403 2541 si
427 2507 613 2542 necessitate
636 2516 779 2553 urgente,
819 2519 874 2554 pro
897 2507 1008 2542 eodem

295 2577 335 2612 (1)
354 2577 394 2604 Ex
419 2577 621 2604 Commentariis
651 2577 813 2604 Constantini
839 2577 953 2604 Caietani
979 2580 1011 2605 ad

261 2616 343 2643 vitam
358 2617 457 2643 Gelasii
474 2618 522 2643 ΡΡ.
535 2626 582 2652 per
599 2617 783 2651 Pandulphum
800 2617 932 2649 Pisanum,
949 2619 1009 2645 [ἴθι.

263 2655 322 2682 nal.
340 2655 436 2691 Script.
459 2661 523 2683 trim-
540 2665 581 2689 111,
599 2665 658 2692 pag.
677 2658 738 2684 390.

1670 269 1740 304 283

1042 335 1234 382 aquaeductu
1259 336 1296 370 tle
1325 343 1402 371 terra
1427 336 1493 371 viae
1520 336 1687 379 inferioris,
1709 350 1789 384 quae

1042 385 1124 418 iuxta
1153 394 1210 424 cst,
1233 387 1408 433 acceperis,
1436 387 1618 420 tantundem
1643 386 1681 421 de
1709 395 1789 421 terra

1041 446 1076 467 cx
1095 442 1180 479 parte
1202 434 1296 469 altera
1321 436 1522 470 restaurentis
1537 438 1591 478 (1).
1615 435 1698 470 Sane
1717 448 1789 470 con-

1041 483 1214 524 cambium,
1243 484 1326 530 quod
1356 485 1385 518 in
1415 485 1482 518 loco
1522 485 1590 530 ipso
1624 484 1663 518 de
1691 485 1789 518 inter-

1042 532 1152 566 iacenti
1176 540 1274 567 terrac
1297 537 1341 574 (⁶2)
1358 533 1485 577 fecistis,
1500 542 1600 567 ratum
1625 533 1786 568 habemus.

1043 581 1112 615 Eoo
1121 580 1282 616 Gemsrrs
1294 582 1450 616 Ecclesiae
1459 582 1631 617 catholicae
1638 583 1734 630 episc.
1744 595 1786 618 ss.

1227 633 1359 676 Siynnm
1381 644 1489 665 manus
1513 644 1599 665 meze:

1158 692 1239 714 pecs
1273 692 1305 714 is
1335 692 1419 714 Loco
1446 692 1566 715 smero
1593 692 1662 715 suo.

1040 728 1107 775 Ego
1122 728 1234 764 Petrus
1248 729 1431 764 portuensis
1446 730 1615 776 episcopus
1628 730 1787 775 consensi,

1089 786 1118 812 et
1141 791 1182 813 ss.

1040 827 1107 873 Ego
1129 827 1198 873 Ugo
1220 826 1387 862 cardinalis
1413 826 1572 874 presbyter
1593 828 1673 863 tituli
1700 828 1790 876 Apo-

1088 876 1240 911 stolorum
1262 876 1421 920 cousensi,
1448 885 1477 911 et
1499 889 1541 911 ss.

1040 925 1108 971 Ego
1135 926 1247 960 Petrus
1285 925 1454 961 cardinalis
1493 925 1596 974 presb.
1637 925 1717 962 tituli
1750 926 1784 962 S.

1088 975 1253 1010 Susannae
1280 987 1323 1010 ss.

1088 1024 1203 1059 Datum
1225 1024 1353 1071 Capuae
1380 1036 1435 1069 per
1456 1037 1568 1060 manus
1589 1024 1787 1073 Chrysogoni

1041 1082 1165 1108 sanctae
1191 1074 1352 1109 Romanae
1378 1074 1538 1109 Ecclesiae
1564 1074 1688 1109 diaconi
1711 1087 1787 1109 car-

1041 1122 1165 1166 (linaiis,
1194 1135 1248 1158 xiv
1260 1123 1320 1157 kal.
1338 1123 1421 1164 maii,
1444 1123 1617 1158 indictione
1636 1136 1685 1167 xr,
1707 1135 1791 1159 anno

1042 1171 1216 1207 dominicae
1251 1172 1474 1207 incarnationis
1495 1185 1635 1213 ncxvni,
1663 1172 1792 1219 pontifi-

1042 1229 1129 1255 catus
1141 1229 1244 1256 autem
1259 1221 1364 1255 domni
1377 1221 1493 1256 Gelasii
1511 1222 1536 1255 ll
1554 1222 1657 1269 Papae
1672 1234 1754 1256 anno
1767 1234 1790 1256 1.

1097 1278 1158 1309 Dat.
1177 1279 1224 1309 die
1247 1279 1283 1308 18
1306 1279 1408 1317 aprilis
1427 1288 1502 1308 anno
1521 1278 1635 1308 Domini
1653 1279 1738 1316 1118,

1296 1323 1399 1363 pontif.
1424 1333 1499 1353 anno
1522 1332 1540 1353 1.

1394 1462 1446 1497 lv.

1045 1542 1199 1576 Gualeeriz·
1220 1542 1408 1575 Ravennatis
1429 1541 1648 1586 archiepiscopi
1664 1542 1790 1574 electio-

1092 1605 1178 1633 nem,
1211 1599 1278 1636 post
1299 1592 1429 1624 schisma
1449 1592 1602 1624 eiuratum
1629 1604 1646 1624 α
1673 1592 1795 1624 Raven-

1091 1642 1223 1678 ualibus,
1245 1641 1428 1685 confirmat,
1460 1641 1546 1684 eique
1565 1641 1699 1684 pallium
1724 1651 1792 1673 cum

1092 1691 1161 1723 aliis
1188 1691 1306 1723 iuribus
1333 1691 1467 1723 concedit
1490 1692 1548 1731 (5).

1313 1763 1527 1794 SUIMARIUM

1044 1829 1199 1859 Exordium
1216 1828 1251 1858 ab
1268 1829 1381 1858 eiurato
1408 1829 1569 1858 schismate
1596 1829 1795 1867 desumptum.

1083 1891 1122 1896 —
1132 1874 1288 1904 Restitutio
1297 1873 1445 1903 Ecclesiae
1458 1873 1635 1903 Ravennatis
1648 1873 1675 1902 iu
1694 1872 1797 1911 pristi-

1085 1928 1152 1948 nam
1171 1919 1353 1957 dignitatem.
1371 1935 1410 1940 —
1432 1917 1581 1947 Ecclesiae
1603 1918 1697 1947 eidem
1714 1921 1797 1946 antea

1085 1964 1250 2000 subiectae3
1286 1972 1353 1992 cum
1386 1963 1553 1992 omnimoda
1590 1961 1795 1991 iurisdictione

1085 2009 1281 2037 restituuntur
1298 2006 1566 2037 ei.—Conceditur
1577 2006 1699 2045 pallium
1712 2005 1800 2034 Gual-

1084 2057 1144 2081 tero
1157 2052 1389 2090 archiepiscopo.
1411 2067 1450 2072 —
1468 2050 1637 2080 Adhortatio
1661 2049 1695 2078 ad
1709 2048 1797 2078 Gual-

1086 2100 1243 2124 lerum.—
1264 2094 1372 2124 Gelasii
1392 2094 1445 2123 PP.
1469 2094 1658 2132 subscriptio.

1045 2152 1149 2182 Gelasius
1167 2153 1286 2191 episcopus
1299 2161 1376 2182 servus
1386 2161 1503 2181 serrorum
1518 2151 1569 2187 nei,
1590 2149 1717 2180 venerabili
1733 2149 1796 2179 fratri

1085 2196 1194 2226 Gualtero
1212 2197 1379 2225 Ravennaiium
1393 2195 1574 2234 archiepiscopo,
1586 2195 1684 2224 salutem
1703 2198 1724 2223 et
1746 2202 1800 2232 apo-

1085 2241 1190 2270 stolicam
1205 2239 1402 2269 benedictionem.

1095 2302 1211 2337 Unitati
1235 2301 1358 2335 divinae
1380 2300 1542 2335 Trinitatis
1568 2300 1686 2346 gratiae
1705 2311 1796 2345 agen-

1048 2351 1104 2385 dae
1118 2359 1292 2397 sunt,quae
1314 2362 1369 2397 per
1387 2362 1462 2384 suae
1477 2349 1624 2383 Caritatis
1642 2348 1801 2396 Spiritum

1049 2401 1143 2434 divisa
1167 2400 1339 2443 coniungit,
1367 2407 1396 2433 et
1424 2399 1539 2432 multos
1563 2398 1592 2432 in
1616 2410 1648 2432 se
1674 2398 1802 2432 animos

1050 2461 1147 2483 unum
1176 2448 1257 2483 facit.
1286 2448 1428 2483 Ecclesia
1450 2447 1604 2494 siquidem
1630 2446 1803 2481 Ravenna-

1051 2499 1126 2533 tium
1157 2510 1210 2544 per
1232 2498 1329 2531 multa
1357 2497 1416 2531 iam
1438 2504 1579 2542 tempora
1602 2496 1642 2530 ab
1663 2496 1805 2541 Aposto-

1051 2548 1127 2582 lieae
1151 2547 1242 2581 Sedis
1264 2547 1382 2580 unitate
1404 2546 1547 2586 discissa,
1568 2545 1681 2579 multas
1700 2545 1804 2579 eidem

1088 2618 1126 2651 (l)
1139 2617 1256 2644 Forsitan
1267 2619 1421 2642 restituatis.
1461 2616 1499 2650 (Ξ)
1512 2616 1588 2642 Forte
1612 2619 1695 2642 terra.
1715 2616 1754 2649 (n.
1767 2612 1806 2648 τ.)

1054 2660 1092 2693 (5)
1105 2658 1142 2684 Ex
1154 2657 1252 2684 concil.
1265 2660 1330 2684 tom.
1343 2665 1392 2688 x11,
1403 2656 1453 2683 col.
1477 2657 1554 2682 12'42.

1814 289 1862 315 Λι.
1883 287 1911 314 C.
1930 287 1997 314 1118

1861 340 1999 362 Conni-matut

1815 368 1968 389 concambium.

1829 613 1908 634 Gelasii
1924 612 1962 632 PP.
1980 614 2001 633 et

1816 640 1837 660 S.
1854 640 1876 660 11.
1893 639 1916 660 Ε.
1929 639 1999 659 rai-ili-

1815 667 1893 687 naluum
1909 666 2000 686 sutscri-

1815 693 1905 719 ptionos.

1825 2296 1938 2318 Exordium
1951 2296 1976 2316 ab
1988 2302 2008 2315 ε-

1826 2324 1894 2344 iurato
1909 2323 2010 2343 schisma-

1826 2352 1846 2370 te
1870 2350 2010 2375 desumptum.
