<?xml version="1.0" encoding="UTF-8"?>
<!DOCTYPE html PUBLIC "-//W3C//DTD XHTML 1.0 Transitional//EN"
    "http://www.w3.org/TR/xhtml1/DTD/xhtml1-transitional.dtd">
<html xmlns="http://www.w3.org/1999/xhtml" xml:lang="en" lang="en">
 <head>
  <title>
</title>
<meta http-equiv="Content-Type" content="text/html;charset=utf-8" />
  <meta name='ocr-system' content='tesseract 3.04.00' />
  <meta name='ocr-capabilities' content='ocr_page ocr_carea ocr_par ocr_line ocrx_word'/>
</head>
<body>
  <div class='ocr_page' id='page_1' title='image "./bullarumdiplomat02cath_0083.png"; bbox 0 0 2180 3205; ppageno 0'>
   <div class='ocr_carea' id='block_1_1' title="bbox 20 184 204 212">
    <p class='ocr_par' dir='ltr' id='par_1_1' title="bbox 20 184 204 212">
     <span class='ocr_line' id='line_1_1' title="bbox 20 184 204 212; baseline 0 0"><span class='ocrx_word' id='word_1_1' title='bbox 20 186 70 212; x_wconf 80' lang='lat' dir='ltr'>An.</span> <span class='ocrx_word' id='word_1_2' title='bbox 86 184 115 212; x_wconf 87' lang='lat' dir='ltr'>C.</span> <span class='ocrx_word' id='word_1_3' title='bbox 136 184 204 212; x_wconf 71' lang='lat' dir='ltr'>tow</span> 
     </span>
    </p>
   </div>
   <div class='ocr_carea' id='block_1_2' title="bbox 56 1443 215 1469">
    <p class='ocr_par' dir='ltr' id='par_1_2' title="bbox 56 1443 215 1469">
     <span class='ocr_line' id='line_1_2' title="bbox 56 1443 215 1469; baseline -0.006 -1"><span class='ocrx_word' id='word_1_4' title='bbox 56 1445 130 1469; x_wconf 67' lang='lat' dir='ltr'>sortes</span> <span class='ocrx_word' id='word_1_5' title='bbox 155 1444 190 1468; x_wconf 70' lang='lat' dir='ltr'>he</span> <span class='ocrx_word' id='word_1_6' title='bbox 199 1443 215 1467; x_wconf 73' lang='lat' dir='ltr'>l.</span> 
     </span>
    </p>
   </div>
   <div class='ocr_carea' id='block_1_3' title="bbox 840 188 1217 216">
    <p class='ocr_par' dir='ltr' id='par_1_3' title="bbox 840 188 1217 216">
     <span class='ocr_line' id='line_1_3' title="bbox 840 188 1217 216; baseline -0.016 0"><span class='ocrx_word' id='word_1_7' title='bbox 840 193 865 216; x_wconf 86' lang='lat' dir='ltr'>S.</span> <span class='ocrx_word' id='word_1_8' title='bbox 893 189 1079 215; x_wconf 68' lang='lat' dir='ltr'>emmonius</span> <span class='ocrx_word' id='word_1_9' title='bbox 1100 189 1147 212; x_wconf 79' lang='lat' dir='ltr'>vn</span> <span class='ocrx_word' id='word_1_10' title='bbox 1170 188 1217 211; x_wconf 72' lang='lat' dir='ltr'>Pr.</span> 
     </span>
    </p>
   </div>
   <div class='ocr_carea' id='block_1_4' title="bbox 236 245 990 443">
    <p class='ocr_par' dir='ltr' id='par_1_4' title="bbox 236 245 990 443">
     <span class='ocr_line' id='line_1_4' title="bbox 236 245 988 300; baseline -0.013 -11"><span class='ocrx_word' id='word_1_11' title='bbox 236 253 362 300; x_wconf 87' lang='lat' dir='ltr'>patione</span> <span class='ocrx_word' id='word_1_12' title='bbox 374 250 540 299; x_wconf 83' lang='lat' dir='ltr'>recipiant,</span> <span class='ocrx_word' id='word_1_13' title='bbox 556 250 632 286; x_wconf 87' lang='lat' dir='ltr'>dum</span> <span class='ocrx_word' id='word_1_14' title='bbox 647 248 820 297; x_wconf 87' lang='lat' dir='ltr'>iniquitatis</span> <span class='ocrx_word' id='word_1_15' title='bbox 834 255 865 282; x_wconf 88' lang='lat' dir='ltr'>et</span> <span class='ocrx_word' id='word_1_16' title='bbox 877 245 988 281; x_wconf 84' lang='lat' dir='ltr'>mortis</span> 
     </span>
     <span class='ocr_line' id='line_1_5' title="bbox 236 297 990 349; baseline -0.013 -11"><span class='ocrx_word' id='word_1_17' title='bbox 236 314 312 338; x_wconf 89' lang='lat' dir='ltr'>suae</span> <span class='ocrx_word' id='word_1_18' title='bbox 339 301 474 349; x_wconf 92' lang='lat' dir='ltr'>pretium</span> <span class='ocrx_word' id='word_1_19' title='bbox 507 299 660 335; x_wconf 84' lang='lat' dir='ltr'>diabolica</span> <span class='ocrx_word' id='word_1_20' title='bbox 700 297 848 333; x_wconf 82' lang='lat' dir='ltr'>aviditate</span> <span class='ocrx_word' id='word_1_21' title='bbox 882 304 912 330; x_wconf 89' lang='lat' dir='ltr'>ct</span> <span class='ocrx_word' id='word_1_22' title='bbox 943 302 990 329; x_wconf 91' lang='lat' dir='ltr'>te-</span> 
     </span>
     <span class='ocr_line' id='line_1_6' title="bbox 238 343 989 396; baseline -0.011 -10"><span class='ocrx_word' id='word_1_23' title='bbox 238 351 380 386; x_wconf 87' lang='lat' dir='ltr'>meritate</span> <span class='ocrx_word' id='word_1_24' title='bbox 403 350 576 396; x_wconf 89' lang='lat' dir='ltr'>possident.</span> <span class='ocrx_word' id='word_1_25' title='bbox 599 348 669 383; x_wconf 81' lang='lat' dir='ltr'>Dat.</span> <span class='ocrx_word' id='word_1_26' title='bbox 698 347 818 383; x_wconf 85' lang='lat' dir='ltr'>Rornae</span> <span class='ocrx_word' id='word_1_27' title='bbox 841 357 901 380; x_wconf 79' lang='lat' dir='ltr'>vui</span> <span class='ocrx_word' id='word_1_28' title='bbox 918 343 989 380; x_wconf 87' lang='lat' dir='ltr'>idus</span> 
     </span>
     <span class='ocr_line' id='line_1_7' title="bbox 237 397 742 443; baseline -0.01 -8"><span class='ocrx_word' id='word_1_29' title='bbox 237 400 322 443; x_wconf 81' lang='lat' dir='ltr'>maii,</span> <span class='ocrx_word' id='word_1_30' title='bbox 345 399 516 434; x_wconf 74' lang='lat' dir='ltr'>indictione</span> <span class='ocrx_word' id='word_1_31' title='bbox 543 397 742 433; x_wconf 89' lang='lat' dir='ltr'>duodecima.</span> 
     </span>
    </p>
   </div>
   <div class='ocr_carea' id='block_1_5' title="bbox 306 451 949 535">
    <p class='ocr_par' dir='ltr' id='par_1_5' title="bbox 306 451 949 535">
     <span class='ocr_line' id='line_1_8' title="bbox 306 451 949 495; baseline -0.008 -10"><span class='ocrx_word' id='word_1_32' title='bbox 306 455 368 486; x_wconf 86' lang='lat' dir='ltr'>Dat.</span> <span class='ocrx_word' id='word_1_33' title='bbox 387 456 434 487; x_wconf 87' lang='lat' dir='ltr'>die</span> <span class='ocrx_word' id='word_1_34' title='bbox 452 456 490 485; x_wconf 61' lang='lat'>024</span> <span class='ocrx_word' id='word_1_35' title='bbox 508 455 611 495; x_wconf 81' lang='lat' dir='ltr'>aprilis</span> <span class='ocrx_word' id='word_1_36' title='bbox 634 463 710 484; x_wconf 90' lang='lat' dir='ltr'>anno</span> <span class='ocrx_word' id='word_1_37' title='bbox 729 453 844 483; x_wconf 89' lang='lat' dir='ltr'>Domini</span> <span class='ocrx_word' id='word_1_38' title='bbox 867 451 949 487; x_wconf 64' lang='lat'>1074,</span> 
     </span>
     <span class='ocr_line' id='line_1_9' title="bbox 494 495 739 535; baseline -0.012 -10"><span class='ocrx_word' id='word_1_39' title='bbox 494 495 596 535; x_wconf 87' lang='lat' dir='ltr'>pontif.</span> <span class='ocrx_word' id='word_1_40' title='bbox 615 503 691 525; x_wconf 87' lang='lat' dir='ltr'>anno</span> <span class='ocrx_word' id='word_1_41' title='bbox 711 502 739 523; x_wconf 89' lang='grc'>11.</span> 
     </span>
    </p>
   </div>
   <div class='ocr_carea' id='block_1_6' title="bbox 549 554 683 562">
    <p class='ocr_par' dir='ltr' id='par_1_6' title="bbox 549 554 683 562">
     <span class='ocr_line' id='line_1_10' title="bbox 549 554 683 562; baseline 0 0"><span class='ocrx_word' id='word_1_42' title='bbox 549 554 683 562; x_wconf 95' lang='lat' dir='ltr'> </span> 
     </span>
    </p>
   </div>
   <div class='ocr_carea' id='block_1_7' title="bbox 588 609 645 644">
    <p class='ocr_par' dir='ltr' id='par_1_7' title="bbox 588 609 645 644">
     <span class='ocr_line' id='line_1_11' title="bbox 588 609 645 644; baseline 0 0"><span class='ocrx_word' id='word_1_43' title='bbox 588 609 645 644; x_wconf 76' lang='lat' dir='ltr'>lx.</span> 
     </span>
    </p>
   </div>
   <div class='ocr_carea' id='block_1_8' title="bbox 239 676 990 867">
    <p class='ocr_par' dir='ltr' id='par_1_8' title="bbox 239 676 990 867">
     <span class='ocr_line' id='line_1_12' title="bbox 239 676 989 720; baseline -0.005 -8"><span class='ocrx_word' id='word_1_44' title='bbox 239 678 421 712; x_wconf 78' lang='lat' dir='ltr'>Commi&#39;ssi&#39;o</span> <span class='ocrx_word' id='word_1_45' title='bbox 470 677 642 711; x_wconf 78' lang='lat' dir='ltr'>Trevireusi</span> <span class='ocrx_word' id='word_1_46' title='bbox 686 676 912 720; x_wconf 75' lang='lat' dir='ltr'>archiepiscopo</span> <span class='ocrx_word' id='word_1_47' title='bbox 963 682 989 708; x_wconf 86' lang='lat' dir='ltr'>et</span> 
     </span>
     <span class='ocr_line' id='line_1_13' title="bbox 289 726 988 771; baseline -0.006 -10"><span class='ocrx_word' id='word_1_48' title='bbox 289 726 417 761; x_wconf 50' lang='lat' dir='ltr'>alletensi</span> <span class='ocrx_word' id='word_1_49' title='bbox 427 727 565 771; x_wconf 78' lang='lat' dir='ltr'>episcopo</span> <span class='ocrx_word' id='word_1_50' title='bbox 578 737 635 770; x_wconf 84' lang='lat' dir='ltr'>pro</span> <span class='ocrx_word' id='word_1_51' title='bbox 654 726 862 770; x_wconf 65' lang='lat' dir='ltr'>cognoscenda</span> <span class='ocrx_word' id='word_1_52' title='bbox 884 736 988 765; x_wconf 80' lang='lat' dir='ltr'>causa,</span> 
     </span>
     <span class='ocr_line' id='line_1_14' title="bbox 287 775 990 820; baseline -0.004 -11"><span class='ocrx_word' id='word_1_53' title='bbox 287 788 364 820; x_wconf 80' lang='lat' dir='ltr'>quae</span> <span class='ocrx_word' id='word_1_54' title='bbox 378 778 454 809; x_wconf 77' lang='lat' dir='ltr'>incer</span> <span class='ocrx_word' id='word_1_55' title='bbox 473 776 642 809; x_wconf 81' lang='lat' dir='ltr'>Tullensem</span> <span class='ocrx_word' id='word_1_56' title='bbox 657 775 838 818; x_wconf 80' lang='lat' dir='ltr'>ept&#39;scopum,</span> <span class='ocrx_word' id='word_1_57' title='bbox 854 782 879 807; x_wconf 83' lang='lat' dir='ltr'>el</span> <span class='ocrx_word' id='word_1_58' title='bbox 891 786 990 818; x_wconf 79' lang='lat' dir='ltr'>quem-</span> 
     </span>
     <span class='ocr_line' id='line_1_15' title="bbox 286 825 888 867; baseline -0.003 -9"><span class='ocrx_word' id='word_1_59' title='bbox 286 827 358 858; x_wconf 82' lang='lat' dir='ltr'>dam</span> <span class='ocrx_word' id='word_1_60' title='bbox 381 826 443 858; x_wconf 76' lang='lat' dir='ltr'>eius</span> <span class='ocrx_word' id='word_1_61' title='bbox 464 826 607 858; x_wconf 81' lang='lat' dir='ltr'>clericum</span> <span class='ocrx_word' id='word_1_62' title='bbox 633 825 812 857; x_wconf 72' lang='lat' dir='ltr'><strong><em>versabatur</em></strong></span> <span class='ocrx_word' id='word_1_63' title='bbox 834 826 888 867; x_wconf 85' lang='lat' dir='ltr'>(l).</span> 
     </span>
    </p>
   </div>
   <div class='ocr_carea' id='block_1_9' title="bbox 237 887 990 1222">
    <p class='ocr_par' dir='ltr' id='par_1_9' title="bbox 237 887 990 1222">
     <span class='ocr_line' id='line_1_16' title="bbox 512 887 725 919; baseline -0.005 0"><span class='ocrx_word' id='word_1_64' title='bbox 512 887 725 919; x_wconf 58' lang='lat' dir='ltr'>summumst</span> 
     </span>
     <span class='ocr_line' id='line_1_17' title="bbox 237 943 986 977; baseline 0 -1"><span class='ocrx_word' id='word_1_65' title='bbox 237 943 336 977; x_wconf 84' lang='lat' dir='ltr'>Series</span> <span class='ocrx_word' id='word_1_66' title='bbox 355 946 434 976; x_wconf 89' lang='lat' dir='ltr'>facti.</span> <span class='ocrx_word' id='word_1_67' title='bbox 465 963 505 968; x_wconf 97' lang='lat'><strong>—</strong></span> <span class='ocrx_word' id='word_1_68' title='bbox 531 945 691 975; x_wconf 90' lang='lat' dir='ltr'>Committit</span> <span class='ocrx_word' id='word_1_69' title='bbox 715 945 882 974; x_wconf 84' lang='lat' dir='ltr'>Trevirensi</span> <span class='ocrx_word' id='word_1_70' title='bbox 905 946 986 976; x_wconf 84' lang='lat' dir='ltr'>arch.</span> 
     </span>
     <span class='ocr_line' id='line_1_18' title="bbox 278 985 988 1024; baseline 0 -9"><span class='ocrx_word' id='word_1_71' title='bbox 278 991 305 1015; x_wconf 89' lang='lat' dir='ltr'>et</span> <span class='ocrx_word' id='word_1_72' title='bbox 337 985 443 1016; x_wconf 82' lang='lat' dir='ltr'>Meten.</span> <span class='ocrx_word' id='word_1_73' title='bbox 483 985 621 1024; x_wconf 86' lang='lat' dir='ltr'>episcopo</span> <span class='ocrx_word' id='word_1_74' title='bbox 660 986 858 1023; x_wconf 73' lang='lat' dir='ltr'>cognitionem</span> <span class='ocrx_word' id='word_1_75' title='bbox 899 985 988 1015; x_wconf 82' lang='lat' dir='ltr'>liuius</span> 
     </span>
     <span class='ocr_line' id='line_1_19' title="bbox 277 1024 988 1055; baseline -0.001 0"><span class='ocrx_word' id='word_1_76' title='bbox 277 1034 397 1055; x_wconf 88' lang='lat' dir='ltr'>causae.</span> <span class='ocrx_word' id='word_1_77' title='bbox 429 1042 469 1048; x_wconf 89' lang='lat'>—-</span> <span class='ocrx_word' id='word_1_78' title='bbox 501 1024 649 1054; x_wconf 88' lang='lat' dir='ltr'>Clericum</span> <span class='ocrx_word' id='word_1_79' title='bbox 679 1029 772 1054; x_wconf 92' lang='lat' dir='ltr'>tutum</span> <span class='ocrx_word' id='word_1_80' title='bbox 804 1024 988 1054; x_wconf 83' lang='lat' dir='ltr'>reddendum</span> 
     </span>
     <span class='ocr_line' id='line_1_20' title="bbox 277 1063 988 1103; baseline 0 -9"><span class='ocrx_word' id='word_1_81' title='bbox 277 1070 387 1101; x_wconf 91' lang='lat' dir='ltr'>monet,</span> <span class='ocrx_word' id='word_1_82' title='bbox 407 1081 447 1087; x_wconf 94' lang='lat'><strong>—</strong></span> <span class='ocrx_word' id='word_1_83' title='bbox 467 1064 632 1103; x_wconf 81' lang='lat' dir='ltr'>Omniaque</span> <span class='ocrx_word' id='word_1_84' title='bbox 662 1063 757 1093; x_wconf 86' lang='lat' dir='ltr'>ablata</span> <span class='ocrx_word' id='word_1_85' title='bbox 790 1064 864 1093; x_wconf 84' lang='lat' dir='ltr'>bona</span> <span class='ocrx_word' id='word_1_86' title='bbox 892 1065 988 1094; x_wconf 86' lang='lat' dir='ltr'>eidem</span> 
     </span>
     <span class='ocr_line' id='line_1_21' title="bbox 277 1103 988 1134; baseline 0 -1"><span class='ocrx_word' id='word_1_87' title='bbox 277 1104 471 1134; x_wconf 87' lang='lat' dir='ltr'>restituenda.</span> <span class='ocrx_word' id='word_1_88' title='bbox 488 1120 528 1126; x_wconf 91' lang='lat'><strong>—</strong></span> <span class='ocrx_word' id='word_1_89' title='bbox 545 1103 619 1133; x_wconf 89' lang='lat' dir='ltr'>Tum</span> <span class='ocrx_word' id='word_1_90' title='bbox 645 1104 814 1133; x_wconf 84' lang='lat' dir='ltr'>convocatis</span> <span class='ocrx_word' id='word_1_91' title='bbox 837 1103 988 1133; x_wconf 91' lang='lat' dir='ltr'>Tullensi-</span> 
     </span>
     <span class='ocr_line' id='line_1_22' title="bbox 277 1142 990 1181; baseline 0 -8"><span class='ocrx_word' id='word_1_92' title='bbox 277 1142 334 1173; x_wconf 88' lang='lat' dir='ltr'>bus</span> <span class='ocrx_word' id='word_1_93' title='bbox 356 1144 475 1173; x_wconf 80' lang='lat' dir='ltr'>clericis</span> <span class='ocrx_word' id='word_1_94' title='bbox 495 1143 704 1181; x_wconf 89' lang='lat' dir='ltr'>inquirendum</span> <span class='ocrx_word' id='word_1_95' title='bbox 724 1143 759 1172; x_wconf 90' lang='lat' dir='ltr'>de</span> <span class='ocrx_word' id='word_1_96' title='bbox 778 1143 910 1172; x_wconf 89' lang='lat' dir='ltr'>moribus</span> <span class='ocrx_word' id='word_1_97' title='bbox 929 1145 990 1181; x_wconf 89' lang='lat' dir='ltr'>epi-</span> 
     </span>
     <span class='ocr_line' id='line_1_23' title="bbox 279 1181 989 1222; baseline 0.001 -10"><span class='ocrx_word' id='word_1_98' title='bbox 279 1183 370 1222; x_wconf 86' lang='lat' dir='ltr'>scopi,</span> <span class='ocrx_word' id='word_1_99' title='bbox 396 1182 494 1213; x_wconf 83' lang='lat' dir='ltr'>—..Et</span> <span class='ocrx_word' id='word_1_100' title='bbox 511 1183 547 1212; x_wconf 89' lang='lat' dir='ltr'>ad</span> <span class='ocrx_word' id='word_1_101' title='bbox 569 1181 674 1212; x_wconf 86' lang='lat' dir='ltr'>Sedem</span> <span class='ocrx_word' id='word_1_102' title='bbox 693 1183 891 1221; x_wconf 73' lang='lat' dir='ltr'>Apostolicam</span> <span class='ocrx_word' id='word_1_103' title='bbox 915 1183 989 1213; x_wconf 87' lang='lat' dir='ltr'>refe-</span> 
     </span>
    </p>
   </div>
   <div class='ocr_carea' id='block_1_10' title="bbox 239 1222 416 1252">
    <p class='ocr_par' dir='ltr' id='par_1_10' title="bbox 239 1222 416 1252">
     <span class='ocr_line' id='line_1_24' title="bbox 239 1222 416 1252; baseline 0 0"><span class='ocrx_word' id='word_1_104' title='bbox 239 1245 242 1247; x_wconf 85' lang='lat'>.</span> <span class='ocrx_word' id='word_1_105' title='bbox 279 1222 416 1252; x_wconf 78' lang='lat' dir='ltr'>rendum,</span> 
     </span>
    </p>
   </div>
   <div class='ocr_carea' id='block_1_11' title="bbox 242 1283 990 1401">
    <p class='ocr_par' dir='ltr' id='par_1_11' title="bbox 242 1283 990 1401">
     <span class='ocr_line' id='line_1_25' title="bbox 242 1283 990 1320; baseline -0.001 -7"><span class='ocrx_word' id='word_1_106' title='bbox 242 1283 385 1320; x_wconf 71' lang='lat' dir='ltr'>Gregorius</span> <span class='ocrx_word' id='word_1_107' title='bbox 404 1284 544 1319; x_wconf 76' lang='lat' dir='ltr'>episcopus</span> <span class='ocrx_word' id='word_1_108' title='bbox 567 1290 662 1312; x_wconf 80' lang='lat' dir='ltr'>servus</span> <span class='ocrx_word' id='word_1_109' title='bbox 681 1289 820 1312; x_wconf 78' lang='lat' dir='ltr'>sorvorum</span> <span class='ocrx_word' id='word_1_110' title='bbox 838 1283 892 1316; x_wconf 85' lang='lat' dir='ltr'>Dei,</span> <span class='ocrx_word' id='word_1_111' title='bbox 909 1284 990 1312; x_wconf 78' lang='lat' dir='ltr'>udoni</span> 
     </span>
     <span class='ocr_line' id='line_1_26' title="bbox 285 1328 989 1364; baseline 0 -7"><span class='ocrx_word' id='word_1_112' title='bbox 285 1328 455 1357; x_wconf 78' lang='lat' dir='ltr'>Trevirorum</span> <span class='ocrx_word' id='word_1_113' title='bbox 474 1328 684 1364; x_wconf 73' lang='lat' dir='ltr'>archiepiscopo.</span> <span class='ocrx_word' id='word_1_114' title='bbox 705 1328 821 1357; x_wconf 77' lang='lat' dir='ltr'>salutem</span> <span class='ocrx_word' id='word_1_115' title='bbox 837 1329 865 1357; x_wconf 83' lang='lat' dir='ltr'>et</span> <span class='ocrx_word' id='word_1_116' title='bbox 882 1330 989 1364; x_wconf 80' lang='lat' dir='ltr'>aposto·</span> 
     </span>
     <span class='ocr_line' id='line_1_27' title="bbox 284 1372 604 1401; baseline -0.003 0"><span class='ocrx_word' id='word_1_117' title='bbox 284 1372 367 1401; x_wconf 76' lang='lat' dir='ltr'>neam</span> <span class='ocrx_word' id='word_1_118' title='bbox 382 1372 604 1401; x_wconf 76' lang='lat' dir='ltr'>benedictionem.</span> 
     </span>
    </p>
   </div>
   <div class='ocr_carea' id='block_1_12' title="bbox 241 1425 998 2252">
    <p class='ocr_par' dir='ltr' id='par_1_12' title="bbox 241 1425 998 2252">
     <span class='ocr_line' id='line_1_28' title="bbox 288 1425 989 1473; baseline 0.001 -13"><span class='ocrx_word' id='word_1_119' title='bbox 288 1425 471 1461; x_wconf 84' lang='lat' dir='ltr'>Admonere</span> <span class='ocrx_word' id='word_1_120' title='bbox 492 1434 534 1466; x_wconf 89' lang='lat' dir='ltr'>te,</span> <span class='ocrx_word' id='word_1_121' title='bbox 562 1426 668 1470; x_wconf 87' lang='lat' dir='ltr'>frater,</span> <span class='ocrx_word' id='word_1_122' title='bbox 697 1433 730 1460; x_wconf 92' lang='lat' dir='ltr'>ut</span> <span class='ocrx_word' id='word_1_123' title='bbox 752 1438 801 1470; x_wconf 87' lang='lat' dir='ltr'>ea,</span> <span class='ocrx_word' id='word_1_124' title='bbox 827 1438 907 1473; x_wconf 91' lang='lat' dir='ltr'>quae</span> <span class='ocrx_word' id='word_1_125' title='bbox 935 1427 989 1461; x_wconf 89' lang='lat' dir='ltr'>tibi</span> 
     </span>
     <span class='ocr_line' id='line_1_29' title="bbox 241 1474 988 1521; baseline 0.001 -12"><span class='ocrx_word' id='word_1_126' title='bbox 241 1475 482 1519; x_wconf 75' lang='lat' dir='ltr'>committimus,</span> <span class='ocrx_word' id='word_1_127' title='bbox 505 1474 638 1510; x_wconf 86' lang='lat' dir='ltr'>fideliter</span> <span class='ocrx_word' id='word_1_128' title='bbox 664 1486 736 1521; x_wconf 80' lang='lat' dir='ltr'>agas</span> <span class='ocrx_word' id='word_1_129' title='bbox 758 1487 796 1510; x_wconf 83' lang='lat' dir='ltr'>ex</span> <span class='ocrx_word' id='word_1_130' title='bbox 823 1476 988 1510; x_wconf 80' lang='lat' dir='ltr'>charitate:</span> 
     </span>
     <span class='ocr_line' id='line_1_30' title="bbox 242 1523 993 1560; baseline 0.003 -2"><span class='ocrx_word' id='word_1_131' title='bbox 242 1531 277 1558; x_wconf 92' lang='lat' dir='ltr'>ut</span> <span class='ocrx_word' id='word_1_132' title='bbox 306 1535 380 1559; x_wconf 88' lang='lat' dir='ltr'>vero</span> <span class='ocrx_word' id='word_1_133' title='bbox 413 1523 560 1559; x_wconf 83' lang='lat' dir='ltr'>velociter</span> <span class='ocrx_word' id='word_1_134' title='bbox 586 1536 623 1559; x_wconf 81' lang='lat' dir='ltr'>ex</span> <span class='ocrx_word' id='word_1_135' title='bbox 658 1524 855 1559; x_wconf 86' lang='lat' dir='ltr'>considerata</span> <span class='ocrx_word' id='word_1_136' title='bbox 887 1537 993 1560; x_wconf 87' lang='lat' dir='ltr'>causa-</span> 
     </span>
     <span class='ocr_line' id='line_1_31' title="bbox 242 1572 993 1620; baseline 0 -12"><span class='ocrx_word' id='word_1_137' title='bbox 242 1585 325 1614; x_wconf 89' lang='lat' dir='ltr'>rum,</span> <span class='ocrx_word' id='word_1_138' title='bbox 352 1573 399 1608; x_wconf 85' lang='lat' dir='ltr'>vel</span> <span class='ocrx_word' id='word_1_139' title='bbox 431 1580 610 1620; x_wconf 89' lang='lat' dir='ltr'>temporum</span> <span class='ocrx_word' id='word_1_140' title='bbox 645 1572 679 1607; x_wconf 89' lang='lat' dir='ltr'>fit</span> <span class='ocrx_word' id='word_1_141' title='bbox 713 1574 924 1620; x_wconf 82' lang='lat' dir='ltr'>competentia</span> <span class='ocrx_word' id='word_1_142' title='bbox 962 1582 993 1608; x_wconf 88' lang='lat' dir='ltr'>et</span> 
     </span>
     <span class='ocr_line' id='line_1_32' title="bbox 241 1621 993 1670; baseline 0.001 -13"><span class='ocrx_word' id='word_1_143' title='bbox 241 1622 426 1657; x_wconf 84' lang='lat' dir='ltr'>necessitate</span> <span class='ocrx_word' id='word_1_144' title='bbox 436 1624 491 1666; x_wconf 77' lang='lat'>(2):</span> <span class='ocrx_word' id='word_1_145' title='bbox 505 1634 584 1669; x_wconf 90' lang='lat' dir='ltr'>quae</span> <span class='ocrx_word' id='word_1_146' title='bbox 598 1621 725 1669; x_wconf 87' lang='lat' dir='ltr'>quidem</span> <span class='ocrx_word' id='word_1_147' title='bbox 737 1631 866 1670; x_wconf 87' lang='lat' dir='ltr'>utraque</span> <span class='ocrx_word' id='word_1_148' title='bbox 879 1624 910 1658; x_wconf 92' lang='lat' dir='ltr'>in</span> <span class='ocrx_word' id='word_1_149' title='bbox 924 1623 993 1658; x_wconf 89' lang='lat' dir='ltr'>sub-</span> 
     </span>
     <span class='ocr_line' id='line_1_33' title="bbox 242 1670 992 1718; baseline 0.001 -12"><span class='ocrx_word' id='word_1_150' title='bbox 242 1670 360 1718; x_wconf 88' lang='lat' dir='ltr'>scripto</span> <span class='ocrx_word' id='word_1_151' title='bbox 381 1671 514 1717; x_wconf 83' lang='lat' dir='ltr'>negocio</span> <span class='ocrx_word' id='word_1_152' title='bbox 541 1671 581 1706; x_wconf 89' lang='lat' dir='ltr'>ita</span> <span class='ocrx_word' id='word_1_153' title='bbox 596 1679 626 1706; x_wconf 90' lang='lat' dir='ltr'>te</span> <span class='ocrx_word' id='word_1_154' title='bbox 647 1671 813 1706; x_wconf 83' lang='lat' dir='ltr'>observare</span> <span class='ocrx_word' id='word_1_155' title='bbox 836 1672 992 1717; x_wconf 88' lang='lat' dir='ltr'>volumus,</span> 
     </span>
     <span class='ocr_line' id='line_1_34' title="bbox 242 1720 993 1767; baseline 0.001 -12"><span class='ocrx_word' id='word_1_156' title='bbox 242 1728 278 1755; x_wconf 91' lang='lat' dir='ltr'>ut</span> <span class='ocrx_word' id='word_1_157' title='bbox 303 1720 596 1767; x_wconf 89' lang='lat' dir='ltr'>(quemadmodum</span> <span class='ocrx_word' id='word_1_158' title='bbox 622 1720 802 1765; x_wconf 89' lang='lat' dir='ltr'>credimus)</span> <span class='ocrx_word' id='word_1_159' title='bbox 820 1721 929 1765; x_wconf 18' lang='lat' dir='ltr'>,fidum</span> <span class='ocrx_word' id='word_1_160' title='bbox 964 1730 993 1756; x_wconf 90' lang='lat' dir='ltr'>te</span> 
     </span>
     <span class='ocr_line' id='line_1_35' title="bbox 241 1768 994 1816; baseline 0.003 -12"><span class='ocrx_word' id='word_1_161' title='bbox 241 1776 274 1804; x_wconf 90' lang='lat' dir='ltr'>et</span> <span class='ocrx_word' id='word_1_162' title='bbox 306 1768 500 1805; x_wconf 85' lang='lat' dir='ltr'>indefessum</span> <span class='ocrx_word' id='word_1_163' title='bbox 527 1770 620 1804; x_wconf 90' lang='lat' dir='ltr'>nobis</span> <span class='ocrx_word' id='word_1_164' title='bbox 659 1778 895 1816; x_wconf 85' lang='lat' dir='ltr'>cooperatorem</span> <span class='ocrx_word' id='word_1_165' title='bbox 931 1783 994 1806; x_wconf 89' lang='lat' dir='ltr'>co-</span> 
     </span>
     <span class='ocr_line' id='line_1_36' title="bbox 243 1818 994 1865; baseline 0.001 -12"><span class='ocrx_word' id='word_1_166' title='bbox 243 1829 446 1865; x_wconf 85' lang='lat' dir='ltr'>gnoscamus.</span> <span class='ocrx_word' id='word_1_167' title='bbox 468 1818 578 1854; x_wconf 84' lang='lat' dir='ltr'>Frater</span> <span class='ocrx_word' id='word_1_168' title='bbox 600 1819 657 1855; x_wconf 91' lang='lat' dir='ltr'>iste</span> <span class='ocrx_word' id='word_1_169' title='bbox 691 1819 850 1855; x_wconf 91' lang='lat' dir='ltr'>Tullensis</span> <span class='ocrx_word' id='word_1_170' title='bbox 877 1824 929 1864; x_wconf 88' lang='lat' dir='ltr'>(ut</span> <span class='ocrx_word' id='word_1_171' title='bbox 956 1820 994 1855; x_wconf 88' lang='lat' dir='ltr'>fa-</span> 
     </span>
     <span class='ocr_line' id='line_1_37' title="bbox 243 1867 996 1917; baseline 0.004 -16"><span class='ocrx_word' id='word_1_172' title='bbox 243 1870 344 1912; x_wconf 88' lang='lat' dir='ltr'>tetur)</span> <span class='ocrx_word' id='word_1_173' title='bbox 367 1867 512 1913; x_wconf 88' lang='lat' dir='ltr'>clericus,</span> <span class='ocrx_word' id='word_1_174' title='bbox 538 1868 578 1903; x_wconf 87' lang='lat' dir='ltr'>ad</span> <span class='ocrx_word' id='word_1_175' title='bbox 601 1881 658 1903; x_wconf 94' lang='lat' dir='ltr'>nos</span> <span class='ocrx_word' id='word_1_176' title='bbox 684 1869 824 1913; x_wconf 89' lang='lat' dir='ltr'>veniens,</span> <span class='ocrx_word' id='word_1_177' title='bbox 859 1881 996 1917; x_wconf 90' lang='lat' dir='ltr'>conque-</span> 
     </span>
     <span class='ocr_line' id='line_1_38' title="bbox 243 1917 996 1964; baseline 0.003 -13"><span class='ocrx_word' id='word_1_178' title='bbox 243 1923 312 1951; x_wconf 84' lang='lat' dir='ltr'>stus</span> <span class='ocrx_word' id='word_1_179' title='bbox 332 1924 380 1951; x_wconf 90' lang='lat' dir='ltr'>est</span> <span class='ocrx_word' id='word_1_180' title='bbox 408 1917 512 1958; x_wconf 82' lang='lat' dir='ltr'>nobis,</span> <span class='ocrx_word' id='word_1_181' title='bbox 535 1919 685 1964; x_wconf 86' lang='lat' dir='ltr'>quoniam</span> <span class='ocrx_word' id='word_1_182' title='bbox 709 1918 804 1953; x_wconf 89' lang='lat' dir='ltr'>iratus</span> <span class='ocrx_word' id='word_1_183' title='bbox 825 1919 864 1953; x_wconf 92' lang='lat' dir='ltr'>sit</span> <span class='ocrx_word' id='word_1_184' title='bbox 889 1920 917 1953; x_wconf 91' lang='lat' dir='ltr'>ei</span> <span class='ocrx_word' id='word_1_185' title='bbox 941 1919 996 1953; x_wconf 90' lang='lat' dir='ltr'>do-</span> 
     </span>
     <span class='ocr_line' id='line_1_39' title="bbox 242 1965 994 2012; baseline 0.003 -12"><span class='ocrx_word' id='word_1_186' title='bbox 242 1965 350 2001; x_wconf 90' lang='lat' dir='ltr'>minus</span> <span class='ocrx_word' id='word_1_187' title='bbox 364 1978 453 2011; x_wconf 88' lang='lat' dir='ltr'>suus,</span> <span class='ocrx_word' id='word_1_188' title='bbox 469 1966 615 2002; x_wconf 86' lang='lat' dir='ltr'>videlicet</span> <span class='ocrx_word' id='word_1_189' title='bbox 626 1967 787 2002; x_wconf 88' lang='lat' dir='ltr'>Tullensis</span> <span class='ocrx_word' id='word_1_190' title='bbox 808 1970 852 2011; x_wconf 92' lang='lat' dir='ltr'>(ut</span> <span class='ocrx_word' id='word_1_191' title='bbox 867 1967 994 2012; x_wconf 89' lang='lat' dir='ltr'>dicitur)</span> 
     </span>
     <span class='ocr_line' id='line_1_40' title="bbox 243 2014 996 2062; baseline 0.004 -13"><span class='ocrx_word' id='word_1_192' title='bbox 243 2014 428 2062; x_wconf 81' lang='lat' dir='ltr'>episcopuS,</span> <span class='ocrx_word' id='word_1_193' title='bbox 446 2027 480 2050; x_wconf 91' lang='lat' dir='ltr'>se</span> <span class='ocrx_word' id='word_1_194' title='bbox 501 2016 628 2051; x_wconf 73' lang='lat' dir='ltr'>exulem</span> <span class='ocrx_word' id='word_1_195' title='bbox 647 2016 774 2060; x_wconf 87' lang='lat' dir='ltr'>factum,</span> <span class='ocrx_word' id='word_1_196' title='bbox 793 2025 825 2051; x_wconf 92' lang='lat' dir='ltr'>et</span> <span class='ocrx_word' id='word_1_197' title='bbox 845 2017 996 2052; x_wconf 90' lang='lat' dir='ltr'>omnibus</span> 
     </span>
     <span class='ocr_line' id='line_1_41' title="bbox 244 2063 995 2114; baseline 0.004 -16"><span class='ocrx_word' id='word_1_198' title='bbox 244 2063 340 2099; x_wconf 89' lang='lat' dir='ltr'>rebus</span> <span class='ocrx_word' id='word_1_199' title='bbox 361 2065 428 2099; x_wconf 88' lang='lat' dir='ltr'>suis</span> <span class='ocrx_word' id='word_1_200' title='bbox 442 2065 646 2112; x_wconf 82' lang='lat' dir='ltr'>expoliatum,</span> <span class='ocrx_word' id='word_1_201' title='bbox 668 2066 850 2112; x_wconf 82' lang='lat' dir='ltr'>supplicans</span> <span class='ocrx_word' id='word_1_202' title='bbox 867 2075 899 2101; x_wconf 91' lang='lat' dir='ltr'>ut</span> <span class='ocrx_word' id='word_1_203' title='bbox 911 2067 995 2114; x_wconf 89' lang='lat' dir='ltr'>apud</span> 
     </span>
     <span class='ocr_line' id='line_1_42' title="bbox 244 2113 996 2161; baseline 0.004 -14"><span class='ocrx_word' id='word_1_204' title='bbox 244 2113 446 2160; x_wconf 87' lang='lat' dir='ltr'>apostolicam</span> <span class='ocrx_word' id='word_1_205' title='bbox 483 2114 631 2161; x_wconf 87' lang='lat' dir='ltr'>pietatem</span> <span class='ocrx_word' id='word_1_206' title='bbox 664 2122 821 2150; x_wconf 85' lang='lat' dir='ltr'>tantarum</span> <span class='ocrx_word' id='word_1_207' title='bbox 859 2116 996 2150; x_wconf 89' lang='lat' dir='ltr'>miseria-</span> 
     </span>
     <span class='ocr_line' id='line_1_43' title="bbox 245 2162 995 2210; baseline 0.003 -14"><span class='ocrx_word' id='word_1_208' title='bbox 245 2173 315 2196; x_wconf 89' lang='lat' dir='ltr'>rum</span> <span class='ocrx_word' id='word_1_209' title='bbox 362 2162 499 2210; x_wconf 86' lang='lat' dir='ltr'>aliquam</span> <span class='ocrx_word' id='word_1_210' title='bbox 539 2164 693 2198; x_wconf 89' lang='lat' dir='ltr'>inveniret</span> <span class='ocrx_word' id='word_1_211' title='bbox 735 2164 995 2200; x_wconf 84' lang='lat' dir='ltr'>consolationem.</span> 
     </span>
     <span class='ocr_line' id='line_1_44' title="bbox 245 2209 998 2252; baseline 0.004 -7"><span class='ocrx_word' id='word_1_212' title='bbox 245 2209 346 2245; x_wconf 89' lang='lat' dir='ltr'>Nobis</span> <span class='ocrx_word' id='word_1_213' title='bbox 367 2223 452 2252; x_wconf 89' lang='lat' dir='ltr'>vero,</span> <span class='ocrx_word' id='word_1_214' title='bbox 477 2224 534 2246; x_wconf 90' lang='lat' dir='ltr'>cur</span> <span class='ocrx_word' id='word_1_215' title='bbox 555 2212 615 2247; x_wconf 89' lang='lat' dir='ltr'>hoc</span> <span class='ocrx_word' id='word_1_216' title='bbox 640 2212 699 2248; x_wconf 89' lang='lat' dir='ltr'>sibi</span> <span class='ocrx_word' id='word_1_217' title='bbox 726 2213 888 2250; x_wconf 74' lang='lat' dir='ltr'>acciderit,</span> <span class='ocrx_word' id='word_1_218' title='bbox 924 2213 998 2248; x_wconf 90' lang='lat' dir='ltr'>dili-</span> 
     </span>
    </p>
   </div>
   <div class='ocr_carea' id='block_1_13' title="bbox 198 2259 998 2311">
    <p class='ocr_par' dir='ltr' id='par_1_13' title="bbox 198 2259 998 2311">
     <span class='ocr_line' id='line_1_45' title="bbox 198 2259 998 2311; baseline 0.004 -17"><span class='ocrx_word' id='word_1_219' title='bbox 198 2304 204 2311; x_wconf 18' lang='lat'><em>*</em></span> <span class='ocrx_word' id='word_1_220' title='bbox 246 2267 357 2306; x_wconf 85' lang='lat' dir='ltr'>genter</span> <span class='ocrx_word' id='word_1_221' title='bbox 383 2259 632 2307; x_wconf 83' lang='lat' dir='ltr'>inquirentibus,</span> <span class='ocrx_word' id='word_1_222' title='bbox 669 2262 774 2297; x_wconf 89' lang='lat' dir='ltr'>retulit</span> <span class='ocrx_word' id='word_1_223' title='bbox 806 2274 839 2297; x_wconf 90' lang='lat' dir='ltr'>se</span> <span class='ocrx_word' id='word_1_224' title='bbox 865 2263 904 2297; x_wconf 91' lang='lat' dir='ltr'>ab</span> <span class='ocrx_word' id='word_1_225' title='bbox 930 2263 998 2310; x_wconf 90' lang='lat' dir='ltr'>epi-</span> 
     </span>
    </p>
   </div>
   <div class='ocr_carea' id='block_1_14' title="bbox 247 2309 998 2408">
    <p class='ocr_par' dir='ltr' id='par_1_14' title="bbox 247 2309 998 2408">
     <span class='ocr_line' id='line_1_46' title="bbox 247 2309 997 2358; baseline 0.004 -15"><span class='ocrx_word' id='word_1_226' title='bbox 247 2320 346 2356; x_wconf 89' lang='lat' dir='ltr'>scopo</span> <span class='ocrx_word' id='word_1_227' title='bbox 379 2309 547 2357; x_wconf 87' lang='lat' dir='ltr'>quamdam</span> <span class='ocrx_word' id='word_1_228' title='bbox 586 2310 759 2346; x_wconf 87' lang='lat' dir='ltr'>Ecclesiam</span> <span class='ocrx_word' id='word_1_229' title='bbox 801 2311 997 2358; x_wconf 83' lang='lat' dir='ltr'>postulasse,</span> 
     </span>
     <span class='ocr_line' id='line_1_47' title="bbox 247 2357 998 2408; baseline 0.004 -16"><span class='ocrx_word' id='word_1_230' title='bbox 247 2370 327 2405; x_wconf 90' lang='lat' dir='ltr'>quae</span> <span class='ocrx_word' id='word_1_231' title='bbox 348 2357 388 2393; x_wconf 90' lang='lat' dir='ltr'>ad</span> <span class='ocrx_word' id='word_1_232' title='bbox 410 2357 547 2393; x_wconf 88' lang='lat' dir='ltr'>officium</span> <span class='ocrx_word' id='word_1_233' title='bbox 570 2359 732 2395; x_wconf 86' lang='lat' dir='ltr'>custodiae</span> <span class='ocrx_word' id='word_1_234' title='bbox 751 2360 838 2408; x_wconf 92' lang='lat' dir='ltr'>quod</span> <span class='ocrx_word' id='word_1_235' title='bbox 861 2361 998 2405; x_wconf 88' lang='lat' dir='ltr'>tenebat,</span> 
     </span>
    </p>
   </div>
   <div class='ocr_carea' id='block_1_15' title="bbox 248 2413 1001 2594">
    <p class='ocr_par' dir='ltr' id='par_1_15' title="bbox 248 2413 1001 2594">
     <span class='ocr_line' id='line_1_48' title="bbox 283 2413 1000 2451; baseline 0.006 -11"><span class='ocrx_word' id='word_1_236' title='bbox 283 2413 323 2449; x_wconf 74' lang='grc' dir='ltr'>(ί)</span> <span class='ocrx_word' id='word_1_237' title='bbox 338 2414 381 2440; x_wconf 80' lang='lat' dir='ltr'>Ex</span> <span class='ocrx_word' id='word_1_238' title='bbox 399 2414 464 2442; x_wconf 89' lang='lat' dir='ltr'>edit.</span> <span class='ocrx_word' id='word_1_239' title='bbox 491 2415 570 2442; x_wconf 82' lang='lat' dir='ltr'>Card.</span> <span class='ocrx_word' id='word_1_240' title='bbox 596 2416 714 2443; x_wconf 77' lang='lat' dir='ltr'>Carafae.</span> <span class='ocrx_word' id='word_1_241' title='bbox 753 2417 792 2451; x_wconf 53' lang='grc' dir='ltr'>(ἢ)</span> <span class='ocrx_word' id='word_1_242' title='bbox 818 2417 1000 2444; x_wconf 74' lang='lat' dir='ltr'>Admonemus</span> 
     </span>
     <span class='ocr_line' id='line_1_49' title="bbox 249 2449 1001 2485; baseline 0.007 -10"><span class='ocrx_word' id='word_1_243' title='bbox 249 2452 285 2482; x_wconf 81' lang='lat' dir='ltr'>te,</span> <span class='ocrx_word' id='word_1_244' title='bbox 304 2449 395 2481; x_wconf 80' lang='lat' dir='ltr'>frater,</span> <span class='ocrx_word' id='word_1_245' title='bbox 416 2453 445 2476; x_wconf 81' lang='lat' dir='ltr'>ut</span> <span class='ocrx_word' id='word_1_246' title='bbox 463 2458 492 2477; x_wconf 85' lang='lat' dir='ltr'>ea</span> <span class='ocrx_word' id='word_1_247' title='bbox 511 2459 580 2485; x_wconf 85' lang='lat' dir='ltr'>quae</span> <span class='ocrx_word' id='word_1_248' title='bbox 599 2451 647 2478; x_wconf 90' lang='lat' dir='ltr'>tibi</span> <span class='ocrx_word' id='word_1_249' title='bbox 669 2453 870 2484; x_wconf 67' lang='lat' dir='ltr'>committimtss,</span> <span class='ocrx_word' id='word_1_250' title='bbox 892 2452 1001 2480; x_wconf 79' lang='lat' dir='ltr'>fideliter</span> 
     </span>
     <span class='ocr_line' id='line_1_50' title="bbox 248 2485 999 2519; baseline 0.004 -8"><span class='ocrx_word' id='word_1_251' title='bbox 248 2492 321 2519; x_wconf 80' lang='lat' dir='ltr'>agas,</span> <span class='ocrx_word' id='word_1_252' title='bbox 339 2492 373 2511; x_wconf 83' lang='lat' dir='ltr'>ex</span> <span class='ocrx_word' id='word_1_253' title='bbox 392 2485 536 2513; x_wconf 84' lang='lat' dir='ltr'>charitate:</span> <span class='ocrx_word' id='word_1_254' title='bbox 559 2490 587 2513; x_wconf 88' lang='lat' dir='ltr'>ut</span> <span class='ocrx_word' id='word_1_255' title='bbox 607 2495 673 2514; x_wconf 89' lang='lat' dir='ltr'>vero</span> <span class='ocrx_word' id='word_1_256' title='bbox 693 2487 817 2514; x_wconf 83' lang='lat' dir='ltr'>velociter</span> <span class='ocrx_word' id='word_1_257' title='bbox 830 2508 837 2518; x_wconf 90' lang='lat'>,</span> <span class='ocrx_word' id='word_1_258' title='bbox 857 2496 890 2514; x_wconf 75' lang='lat' dir='ltr'>ex</span> <span class='ocrx_word' id='word_1_259' title='bbox 909 2489 999 2515; x_wconf 89' lang='lat' dir='ltr'>consi-</span> 
     </span>
     <span class='ocr_line' id='line_1_51' title="bbox 249 2519 1001 2559; baseline 0.005 -14"><span class='ocrx_word' id='word_1_260' title='bbox 249 2519 500 2559; x_wconf 32' lang='lat' dir='ltr'>derata-causarum</span> <span class='ocrx_word' id='word_1_261' title='bbox 522 2521 563 2548; x_wconf 88' lang='lat' dir='ltr'>vel</span> <span class='ocrx_word' id='word_1_262' title='bbox 593 2525 743 2557; x_wconf 88' lang='lat' dir='ltr'>temporum</span> <span class='ocrx_word' id='word_1_263' title='bbox 771 2524 945 2558; x_wconf 87' lang='lat' dir='ltr'>competentia</span> <span class='ocrx_word' id='word_1_264' title='bbox 975 2527 1001 2550; x_wconf 88' lang='lat' dir='ltr'>et</span> 
     </span>
     <span class='ocr_line' id='line_1_52' title="bbox 251 2557 1000 2594; baseline 0.007 -13"><span class='ocrx_word' id='word_1_265' title='bbox 251 2558 421 2582; x_wconf 77' lang='lat' dir='ltr'>necessitate:</span> <span class='ocrx_word' id='word_1_266' title='bbox 444 2571 475 2575; x_wconf 88' lang='lat'><em>—</em></span> <span class='ocrx_word' id='word_1_267' title='bbox 495 2557 534 2583; x_wconf 86' lang='lat' dir='ltr'>[ta</span> <span class='ocrx_word' id='word_1_268' title='bbox 553 2565 600 2583; x_wconf 87' lang='lat' dir='ltr'>nos</span> <span class='ocrx_word' id='word_1_269' title='bbox 627 2557 768 2593; x_wconf 76' lang='lat' dir='ltr'>legendum</span> <span class='ocrx_word' id='word_1_270' title='bbox 788 2565 846 2585; x_wconf 87' lang='lat' dir='ltr'>esse</span> <span class='ocrx_word' id='word_1_271' title='bbox 864 2563 1000 2594; x_wconf 83' lang='lat' dir='ltr'>putamus.</span> 
     </span>
    </p>
   </div>
   <div class='ocr_carea' id='block_1_16' title="bbox 329 2598 821 2632">
    <p class='ocr_par' dir='ltr' id='par_1_16' title="bbox 329 2598 821 2632">
     <span class='ocr_line' id='line_1_53' title="bbox 329 2598 821 2632; baseline 0.008 -4"><span class='ocrx_word' id='word_1_272' title='bbox 329 2598 405 2632; x_wconf 74' lang='lat' dir='ltr'>Ball.</span> <span class='ocrx_word' id='word_1_273' title='bbox 422 2598 501 2631; x_wconf 84' lang='lat' dir='ltr'>Rom.</span> <span class='ocrx_word' id='word_1_274' title='bbox 528 2600 583 2631; x_wconf 80' lang='lat' dir='ltr'>Vol.</span> <span class='ocrx_word' id='word_1_275' title='bbox 604 2600 642 2631; x_wconf 86' lang='lat' dir='ltr'>II.</span> <span class='ocrx_word' id='word_1_276' title='bbox 683 2618 691 2626; x_wconf 59' lang='grc' dir='ltr'><em>ν</em></span> <span class='ocrx_word' id='word_1_277' title='bbox 712 2611 773 2620; x_wconf 65' lang='grc'>-’··</span> <span class='ocrx_word' id='word_1_278' title='bbox 804 2602 821 2632; x_wconf 85' lang='grc'>9</span> 
     </span>
    </p>
   </div>
   <div class='ocr_carea' id='block_1_17' title="bbox 1688 174 1733 207">
    <p class='ocr_par' dir='ltr' id='par_1_17' title="bbox 1688 174 1733 207">
     <span class='ocr_line' id='line_1_54' title="bbox 1688 174 1733 207; baseline -0.022 0"><span class='ocrx_word' id='word_1_279' title='bbox 1688 174 1733 207; x_wconf 80' lang='grc'>65</span> 
     </span>
    </p>
   </div>
   <div class='ocr_carea' id='block_1_18' title="bbox 1030 238 1791 2598">
    <p class='ocr_par' dir='ltr' id='par_1_18' title="bbox 1030 238 1791 2598">
     <span class='ocr_line' id='line_1_55' title="bbox 1031 238 1780 289; baseline -0.001 -12"><span class='ocrx_word' id='word_1_280' title='bbox 1031 242 1123 289; x_wconf 83' lang='lat' dir='ltr'>legali</span> <span class='ocrx_word' id='word_1_281' title='bbox 1152 241 1374 278; x_wconf 87' lang='lat' dir='ltr'>constitutione</span> <span class='ocrx_word' id='word_1_282' title='bbox 1401 238 1518 274; x_wconf 86' lang='lat' dir='ltr'>dicitur</span> <span class='ocrx_word' id='word_1_283' title='bbox 1540 238 1682 274; x_wconf 84' lang='lat' dir='ltr'>attinere.</span> <span class='ocrx_word' id='word_1_284' title='bbox 1710 239 1780 282; x_wconf 87' lang='lat' dir='ltr'>Qua</span> 
     </span>
     <span class='ocr_line' id='line_1_56' title="bbox 1031 288 1780 337; baseline -0.003 -11"><span class='ocrx_word' id='word_1_285' title='bbox 1031 292 1070 326; x_wconf 86' lang='lat' dir='ltr'>de</span> <span class='ocrx_word' id='word_1_286' title='bbox 1099 303 1130 326; x_wconf 90' lang='lat' dir='ltr'>re</span> <span class='ocrx_word' id='word_1_287' title='bbox 1149 299 1326 325; x_wconf 92' lang='lat' dir='ltr'>commotus</span> <span class='ocrx_word' id='word_1_288' title='bbox 1352 290 1534 337; x_wconf 84' lang='lat' dir='ltr'>episcopus,</span> <span class='ocrx_word' id='word_1_289' title='bbox 1561 300 1633 323; x_wconf 87' lang='lat' dir='ltr'>cum</span> <span class='ocrx_word' id='word_1_290' title='bbox 1660 288 1687 322; x_wconf 88' lang='lat' dir='ltr'>ei</span> <span class='ocrx_word' id='word_1_291' title='bbox 1717 301 1780 324; x_wconf 90' lang='lat' dir='ltr'>non</span> 
     </span>
     <span class='ocr_line' id='line_1_57' title="bbox 1031 337 1778 385; baseline -0.004 -10"><span class='ocrx_word' id='word_1_292' title='bbox 1031 341 1134 375; x_wconf 87' lang='lat' dir='ltr'>solum</span> <span class='ocrx_word' id='word_1_293' title='bbox 1157 341 1238 375; x_wconf 82' lang='lat' dir='ltr'>lianc</span> <span class='ocrx_word' id='word_1_294' title='bbox 1265 340 1436 385; x_wconf 82' lang='lat' dir='ltr'>denegaret</span> <span class='ocrx_word' id='word_1_295' title='bbox 1457 337 1645 377; x_wconf 88' lang='lat' dir='ltr'>Ecclesiam,</span> <span class='ocrx_word' id='word_1_296' title='bbox 1661 338 1717 373; x_wconf 88' lang='lat' dir='ltr'>sed</span> <span class='ocrx_word' id='word_1_297' title='bbox 1737 347 1778 372; x_wconf 82' lang='lat' dir='ltr'>to-</span> 
     </span>
     <span class='ocr_line' id='line_1_58' title="bbox 1032 387 1781 436; baseline 0 -13"><span class='ocrx_word' id='word_1_298' title='bbox 1032 398 1096 424; x_wconf 86' lang='grc'><strong>111111</strong></span> <span class='ocrx_word' id='word_1_299' title='bbox 1135 390 1272 424; x_wconf 84' lang='lat' dir='ltr'>officium</span> <span class='ocrx_word' id='word_1_300' title='bbox 1302 400 1357 436; x_wconf 90' lang='lat' dir='ltr'>per</span> <span class='ocrx_word' id='word_1_301' title='bbox 1390 399 1546 423; x_wconf 86' lang='lat' dir='ltr'>summam</span> <span class='ocrx_word' id='word_1_302' title='bbox 1580 387 1781 423; x_wconf 85' lang='lat' dir='ltr'>interdiceret</span> 
     </span>
     <span class='ocr_line' id='line_1_59' title="bbox 1031 436 1780 484; baseline -0.001 -12"><span class='ocrx_word' id='word_1_303' title='bbox 1031 438 1254 478; x_wconf 82' lang='lat' dir='ltr'>obedientiam,</span> <span class='ocrx_word' id='word_1_304' title='bbox 1279 438 1440 484; x_wconf 88' lang='lat' dir='ltr'>respondit</span> <span class='ocrx_word' id='word_1_305' title='bbox 1457 449 1491 472; x_wconf 87' lang='lat' dir='ltr'>se</span> <span class='ocrx_word' id='word_1_306' title='bbox 1509 448 1570 471; x_wconf 91' lang='lat' dir='ltr'>non</span> <span class='ocrx_word' id='word_1_307' title='bbox 1589 436 1704 472; x_wconf 86' lang='lat' dir='ltr'>debere</span> <span class='ocrx_word' id='word_1_308' title='bbox 1719 438 1780 472; x_wconf 86' lang='lat' dir='ltr'>sibi</span> 
     </span>
     <span class='ocr_line' id='line_1_60' title="bbox 1031 485 1781 532; baseline -0.001 -10"><span class='ocrx_word' id='word_1_309' title='bbox 1031 487 1231 522; x_wconf 81' lang='lat' dir='ltr'>obedientiae</span> <span class='ocrx_word' id='word_1_310' title='bbox 1259 486 1476 529; x_wconf 86' lang='lat' dir='ltr'>reverentiam,</span> <span class='ocrx_word' id='word_1_311' title='bbox 1509 485 1659 532; x_wconf 87' lang='lat' dir='ltr'>quoniam</span> <span class='ocrx_word' id='word_1_312' title='bbox 1681 487 1781 521; x_wconf 89' lang='lat' dir='ltr'>archi-</span> 
     </span>
     <span class='ocr_line' id='line_1_61' title="bbox 1031 535 1779 577; baseline -0.001 -6"><span class='ocrx_word' id='word_1_313' title='bbox 1031 536 1236 577; x_wconf 79' lang='lat' dir='ltr'>diaconatus,</span> <span class='ocrx_word' id='word_1_314' title='bbox 1269 536 1522 570; x_wconf 83' lang='lat' dir='ltr'>consecrationes</span> <span class='ocrx_word' id='word_1_315' title='bbox 1553 535 1779 576; x_wconf 77' lang='lat' dir='ltr'>Ecclesiarum,</span> 
     </span>
     <span class='ocr_line' id='line_1_62' title="bbox 1031 584 1780 633; baseline 0 -13"><span class='ocrx_word' id='word_1_316' title='bbox 1031 594 1061 620; x_wconf 92' lang='lat' dir='ltr'>et</span> <span class='ocrx_word' id='word_1_317' title='bbox 1088 586 1172 633; x_wconf 85' lang='lat' dir='ltr'>ipsas</span> <span class='ocrx_word' id='word_1_318' title='bbox 1196 584 1354 620; x_wconf 86' lang='lat' dir='ltr'>Ecclesias</span> <span class='ocrx_word' id='word_1_319' title='bbox 1387 584 1574 628; x_wconf 85' lang='lat' dir='ltr'>vendendo,</span> <span class='ocrx_word' id='word_1_320' title='bbox 1607 584 1780 620; x_wconf 85' lang='lat' dir='ltr'>simoniaca</span> 
     </span>
     <span class='ocr_line' id='line_1_63' title="bbox 1032 633 1779 670; baseline 0 -1"><span class='ocrx_word' id='word_1_321' title='bbox 1032 635 1150 670; x_wconf 85' lang='lat' dir='ltr'>haeresi</span> <span class='ocrx_word' id='word_1_322' title='bbox 1174 647 1207 670; x_wconf 92' lang='lat' dir='ltr'>se</span> <span class='ocrx_word' id='word_1_323' title='bbox 1234 633 1512 669; x_wconf 83' lang='lat' dir='ltr'>commaculasset:</span> <span class='ocrx_word' id='word_1_324' title='bbox 1544 646 1616 668; x_wconf 90' lang='lat' dir='ltr'>cum</span> <span class='ocrx_word' id='word_1_325' title='bbox 1646 634 1779 669; x_wconf 88' lang='lat' dir='ltr'>muliere</span> 
     </span>
     <span class='ocr_line' id='line_1_64' title="bbox 1030 682 1779 731; baseline 0 -13"><span class='ocrx_word' id='word_1_326' title='bbox 1030 684 1165 731; x_wconf 84' lang='lat' dir='ltr'>quadam</span> <span class='ocrx_word' id='word_1_327' title='bbox 1189 684 1219 718; x_wconf 91' lang='lat' dir='ltr'>in</span> <span class='ocrx_word' id='word_1_328' title='bbox 1251 683 1375 730; x_wconf 85' lang='lat' dir='ltr'>publica</span> <span class='ocrx_word' id='word_1_329' title='bbox 1409 682 1615 717; x_wconf 81' lang='lat' dir='ltr'>fornicatione</span> <span class='ocrx_word' id='word_1_330' title='bbox 1647 683 1779 727; x_wconf 88' lang='lat' dir='ltr'>iaceret,</span> 
     </span>
     <span class='ocr_line' id='line_1_65' title="bbox 1031 732 1780 780; baseline 0.001 -14"><span class='ocrx_word' id='word_1_331' title='bbox 1031 734 1070 768; x_wconf 87' lang='lat' dir='ltr'>‹le</span> <span class='ocrx_word' id='word_1_332' title='bbox 1088 746 1149 780; x_wconf 85' lang='lat' dir='ltr'>qua</span> <span class='ocrx_word' id='word_1_333' title='bbox 1171 733 1270 767; x_wconf 85' lang='lat' dir='ltr'>filium</span> <span class='ocrx_word' id='word_1_334' title='bbox 1293 732 1472 778; x_wconf 72' lang='lat' dir='ltr'>genuisset:</span> <span class='ocrx_word' id='word_1_335' title='bbox 1494 744 1653 778; x_wconf 87' lang='lat' dir='ltr'>quamque</span> <span class='ocrx_word' id='word_1_336' title='bbox 1672 745 1780 767; x_wconf 93' lang='lat' dir='ltr'>rumor</span> 
     </span>
     <span class='ocr_line' id='line_1_66' title="bbox 1031 780 1781 826; baseline -0.003 -9"><span class='ocrx_word' id='word_1_337' title='bbox 1031 792 1113 817; x_wconf 90' lang='lat' dir='ltr'>esset</span> <span class='ocrx_word' id='word_1_338' title='bbox 1139 790 1347 822; x_wconf 84' lang='lat' dir='ltr'>sacramento,</span> <span class='ocrx_word' id='word_1_339' title='bbox 1370 789 1401 816; x_wconf 88' lang='lat' dir='ltr'>et</span> <span class='ocrx_word' id='word_1_340' title='bbox 1423 780 1667 826; x_wconf 84' lang='lat' dir='ltr'>desponsatione</span> <span class='ocrx_word' id='word_1_341' title='bbox 1687 781 1781 815; x_wconf 87' lang='lat' dir='ltr'>laico-</span> 
     </span>
     <span class='ocr_line' id='line_1_67' title="bbox 1032 829 1779 877; baseline -0.003 -11"><span class='ocrx_word' id='word_1_342' title='bbox 1032 844 1100 866; x_wconf 89' lang='lat' dir='ltr'>rum</span> <span class='ocrx_word' id='word_1_343' title='bbox 1141 843 1228 866; x_wconf 89' lang='lat' dir='ltr'>more</span> <span class='ocrx_word' id='word_1_344' title='bbox 1259 831 1317 866; x_wconf 85' lang='lat' dir='ltr'>sibi</span> <span class='ocrx_word' id='word_1_345' title='bbox 1356 829 1521 877; x_wconf 85' lang='lat' dir='ltr'>copulasse</span> <span class='ocrx_word' id='word_1_346' title='bbox 1554 838 1585 865; x_wconf 90' lang='lat' dir='ltr'>et</span> <span class='ocrx_word' id='word_1_347' title='bbox 1620 838 1779 877; x_wconf 86' lang='lat' dir='ltr'>praeterea</span> 
     </span>
     <span class='ocr_line' id='line_1_68' title="bbox 1030 879 1783 928; baseline -0.004 -12"><span class='ocrx_word' id='word_1_348' title='bbox 1030 881 1115 928; x_wconf 91' lang='lat' dir='ltr'>quod</span> <span class='ocrx_word' id='word_1_349' title='bbox 1144 880 1299 922; x_wconf 88' lang='lat' dir='ltr'>nonnulli,</span> <span class='ocrx_word' id='word_1_350' title='bbox 1330 892 1402 914; x_wconf 87' lang='lat' dir='ltr'>enm</span> <span class='ocrx_word' id='word_1_351' title='bbox 1421 879 1459 913; x_wconf 91' lang='lat' dir='ltr'>ad</span> <span class='ocrx_word' id='word_1_352' title='bbox 1481 879 1697 926; x_wconf 82' lang='lat' dir='ltr'>episcopatum</span> <span class='ocrx_word' id='word_1_353' title='bbox 1731 892 1783 925; x_wconf 85' lang='lat' dir='ltr'>pa-</span> 
     </span>
     <span class='ocr_line' id='line_1_69' title="bbox 1030 928 1780 977; baseline -0.001 -12"><span class='ocrx_word' id='word_1_354' title='bbox 1030 930 1132 965; x_wconf 86' lang='lat' dir='ltr'>ctione</span> <span class='ocrx_word' id='word_1_355' title='bbox 1155 930 1283 977; x_wconf 88' lang='lat' dir='ltr'>praemii</span> <span class='ocrx_word' id='word_1_356' title='bbox 1308 928 1508 976; x_wconf 85' lang='lat' dir='ltr'>pervenisse,</span> <span class='ocrx_word' id='word_1_357' title='bbox 1543 928 1694 963; x_wconf 88' lang='lat' dir='ltr'>dicerent.</span> <span class='ocrx_word' id='word_1_358' title='bbox 1722 928 1780 964; x_wconf 88' lang='lat' dir='ltr'>His</span> 
     </span>
     <span class='ocr_line' id='line_1_70' title="bbox 1030 977 1781 1026; baseline -0.003 -12"><span class='ocrx_word' id='word_1_359' title='bbox 1030 980 1147 1014; x_wconf 86' lang='lat' dir='ltr'>auditis</span> <span class='ocrx_word' id='word_1_360' title='bbox 1183 979 1375 1026; x_wconf 76' lang='lat' dir='ltr'>episcopus,</span> <span class='ocrx_word' id='word_1_361' title='bbox 1418 978 1507 1025; x_wconf 85' lang='lat' dir='ltr'>quasi</span> <span class='ocrx_word' id='word_1_362' title='bbox 1541 977 1580 1012; x_wconf 91' lang='lat' dir='ltr'>de</span> <span class='ocrx_word' id='word_1_363' title='bbox 1608 977 1781 1012; x_wconf 81' lang='lat' dir='ltr'>manifestis</span> 
     </span>
     <span class='ocr_line' id='line_1_71' title="bbox 1030 1027 1780 1076; baseline -0.001 -13"><span class='ocrx_word' id='word_1_364' title='bbox 1030 1029 1132 1076; x_wconf 88' lang='lat' dir='ltr'>culpis</span> <span class='ocrx_word' id='word_1_365' title='bbox 1167 1028 1349 1074; x_wconf 76' lang='lat' dir='ltr'>poenitenS,</span> <span class='ocrx_word' id='word_1_366' title='bbox 1376 1035 1407 1062; x_wconf 89' lang='lat' dir='ltr'>et</span> <span class='ocrx_word' id='word_1_367' title='bbox 1433 1027 1471 1061; x_wconf 92' lang='lat' dir='ltr'>de</span> <span class='ocrx_word' id='word_1_368' title='bbox 1495 1039 1549 1061; x_wconf 90' lang='lat' dir='ltr'>sua</span> <span class='ocrx_word' id='word_1_369' title='bbox 1582 1027 1780 1062; x_wconf 86' lang='lat' dir='ltr'>correctione</span> 
     </span>
     <span class='ocr_line' id='line_1_72' title="bbox 1030 1076 1778 1116; baseline -0.003 -4"><span class='ocrx_word' id='word_1_370' title='bbox 1030 1085 1097 1112; x_wconf 89' lang='lat' dir='ltr'>tum</span> <span class='ocrx_word' id='word_1_371' title='bbox 1124 1090 1195 1112; x_wconf 87' lang='lat' dir='ltr'>cum</span> <span class='ocrx_word' id='word_1_372' title='bbox 1231 1078 1290 1111; x_wconf 85' lang='lat' dir='ltr'>lioc</span> <span class='ocrx_word' id='word_1_373' title='bbox 1317 1076 1406 1116; x_wconf 89' lang='lat' dir='ltr'>solo,</span> <span class='ocrx_word' id='word_1_374' title='bbox 1445 1084 1511 1110; x_wconf 89' lang='lat' dir='ltr'>tum</span> <span class='ocrx_word' id='word_1_375' title='bbox 1545 1088 1618 1111; x_wconf 92' lang='lat' dir='ltr'>cum</span> <span class='ocrx_word' id='word_1_376' title='bbox 1644 1077 1778 1111; x_wconf 84' lang='lat' dir='ltr'>caeteris</span> 
     </span>
     <span class='ocr_line' id='line_1_73' title="bbox 1030 1124 1779 1173; baseline -0.001 -13"><span class='ocrx_word' id='word_1_377' title='bbox 1030 1126 1179 1161; x_wconf 80' lang='lat' dir='ltr'>fratribus</span> <span class='ocrx_word' id='word_1_378' title='bbox 1192 1127 1340 1173; x_wconf 86' lang='lat' dir='ltr'>loquens,</span> <span class='ocrx_word' id='word_1_379' title='bbox 1363 1124 1488 1159; x_wconf 87' lang='lat' dir='ltr'>tandem</span> <span class='ocrx_word' id='word_1_380' title='bbox 1512 1125 1676 1160; x_wconf 88' lang='lat' dir='ltr'>manifesta</span> <span class='ocrx_word' id='word_1_381' title='bbox 1700 1125 1779 1159; x_wconf 86' lang='lat' dir='ltr'>indi-</span> 
     </span>
     <span class='ocr_line' id='line_1_74' title="bbox 1030 1175 1780 1222; baseline -0.001 -12"><span class='ocrx_word' id='word_1_382' title='bbox 1030 1176 1178 1222; x_wconf 82' lang='lat' dir='ltr'>gnatione</span> <span class='ocrx_word' id='word_1_383' title='bbox 1200 1183 1231 1209; x_wconf 90' lang='lat' dir='ltr'>et</span> <span class='ocrx_word' id='word_1_384' title='bbox 1253 1176 1296 1209; x_wconf 85' lang='lat' dir='ltr'>ira</span> <span class='ocrx_word' id='word_1_385' title='bbox 1323 1186 1420 1220; x_wconf 91' lang='lat' dir='ltr'>super</span> <span class='ocrx_word' id='word_1_386' title='bbox 1449 1175 1543 1208; x_wconf 89' lang='lat' dir='ltr'>istum</span> <span class='ocrx_word' id='word_1_387' title='bbox 1567 1175 1780 1209; x_wconf 84' lang='lat' dir='ltr'>inflammatus</span> 
     </span>
     <span class='ocr_line' id='line_1_75' title="bbox 1031 1223 1781 1271; baseline 0 -12"><span class='ocrx_word' id='word_1_388' title='bbox 1031 1233 1087 1259; x_wconf 88' lang='lat' dir='ltr'>est.</span> <span class='ocrx_word' id='word_1_389' title='bbox 1113 1224 1313 1271; x_wconf 81' lang='lat' dir='ltr'>Egressoque</span> <span class='ocrx_word' id='word_1_390' title='bbox 1336 1223 1375 1258; x_wconf 90' lang='lat' dir='ltr'>ab</span> <span class='ocrx_word' id='word_1_391' title='bbox 1399 1223 1474 1257; x_wconf 83' lang='lat' dir='ltr'>urbe</span> <span class='ocrx_word' id='word_1_392' title='bbox 1495 1224 1659 1270; x_wconf 86' lang='lat' dir='ltr'>episcopo,</span> <span class='ocrx_word' id='word_1_393' title='bbox 1687 1224 1781 1270; x_wconf 90' lang='lat' dir='ltr'>paulo</span> 
     </span>
     <span class='ocr_line' id='line_1_76' title="bbox 1033 1273 1781 1320; baseline -0.001 -12"><span class='ocrx_word' id='word_1_394' title='bbox 1033 1282 1101 1320; x_wconf 87' lang='lat' dir='ltr'>post</span> <span class='ocrx_word' id='word_1_395' title='bbox 1128 1273 1245 1307; x_wconf 87' lang='lat' dir='ltr'>milites</span> <span class='ocrx_word' id='word_1_396' title='bbox 1271 1274 1338 1307; x_wconf 90' lang='lat' dir='ltr'>eius</span> <span class='ocrx_word' id='word_1_397' title='bbox 1361 1276 1487 1318; x_wconf 86' lang='lat' dir='ltr'>(utpote</span> <span class='ocrx_word' id='word_1_398' title='bbox 1515 1284 1577 1307; x_wconf 91' lang='lat' dir='ltr'>non</span> <span class='ocrx_word' id='word_1_399' title='bbox 1601 1273 1781 1319; x_wconf 84' lang='lat' dir='ltr'>ignorantes</span> 
     </span>
     <span class='ocr_line' id='line_1_77' title="bbox 1033 1321 1781 1363; baseline 0 -7"><span class='ocrx_word' id='word_1_400' title='bbox 1033 1323 1222 1357; x_wconf 76' lang='lat' dir='ltr'>voluntatem</span> <span class='ocrx_word' id='word_1_401' title='bbox 1249 1321 1370 1356; x_wconf 89' lang='lat' dir='ltr'>domini</span> <span class='ocrx_word' id='word_1_402' title='bbox 1393 1322 1462 1363; x_wconf 90' lang='lat' dir='ltr'>sui)</span> <span class='ocrx_word' id='word_1_403' title='bbox 1485 1321 1560 1356; x_wconf 89' lang='lat' dir='ltr'>huic</span> <span class='ocrx_word' id='word_1_404' title='bbox 1581 1333 1709 1356; x_wconf 87' lang='lat' dir='ltr'>omnem</span> <span class='ocrx_word' id='word_1_405' title='bbox 1735 1334 1781 1356; x_wconf 89' lang='lat' dir='ltr'>se-</span> 
     </span>
     <span class='ocr_line' id='line_1_78' title="bbox 1032 1370 1780 1417; baseline 0 -12"><span class='ocrx_word' id='word_1_406' title='bbox 1032 1372 1194 1406; x_wconf 87' lang='lat' dir='ltr'>curitatem</span> <span class='ocrx_word' id='word_1_407' title='bbox 1217 1370 1424 1417; x_wconf 80' lang='lat' dir='ltr'>abnegavere,</span> <span class='ocrx_word' id='word_1_408' title='bbox 1447 1378 1478 1404; x_wconf 88' lang='lat' dir='ltr'>et</span> <span class='ocrx_word' id='word_1_409' title='bbox 1504 1371 1583 1404; x_wconf 82' lang='lat' dir='ltr'>intra</span> <span class='ocrx_word' id='word_1_410' title='bbox 1607 1370 1780 1405; x_wconf 86' lang='lat' dir='ltr'>claustrum</span> 
     </span>
     <span class='ocr_line' id='line_1_79' title="bbox 1032 1419 1782 1461; baseline 0 -7"><span class='ocrx_word' id='word_1_411' title='bbox 1032 1421 1060 1454; x_wconf 92' lang='lat' dir='ltr'>ei</span> <span class='ocrx_word' id='word_1_412' title='bbox 1084 1420 1194 1454; x_wconf 91' lang='lat' dir='ltr'>minati</span> <span class='ocrx_word' id='word_1_413' title='bbox 1217 1428 1291 1454; x_wconf 91' lang='lat' dir='ltr'>sunt</span> <span class='ocrx_word' id='word_1_414' title='bbox 1318 1421 1348 1454; x_wconf 93' lang='lat' dir='ltr'>in</span> <span class='ocrx_word' id='word_1_415' title='bbox 1372 1419 1495 1454; x_wconf 86' lang='lat' dir='ltr'>faciem.</span> <span class='ocrx_word' id='word_1_416' title='bbox 1525 1419 1613 1461; x_wconf 85' lang='lat' dir='ltr'>Quos</span> <span class='ocrx_word' id='word_1_417' title='bbox 1640 1431 1712 1454; x_wconf 91' lang='lat' dir='ltr'>cum</span> <span class='ocrx_word' id='word_1_418' title='bbox 1733 1420 1782 1454; x_wconf 85' lang='lat' dir='ltr'>iu-</span> 
     </span>
     <span class='ocr_line' id='line_1_80' title="bbox 1032 1467 1782 1515; baseline 0 -11"><span class='ocrx_word' id='word_1_419' title='bbox 1032 1469 1139 1504; x_wconf 90' lang='lat' dir='ltr'>sidiari</span> <span class='ocrx_word' id='word_1_420' title='bbox 1173 1469 1253 1503; x_wconf 81' lang='lat' dir='ltr'>vitae</span> <span class='ocrx_word' id='word_1_421' title='bbox 1280 1481 1355 1503; x_wconf 89' lang='lat' dir='ltr'>suae</span> <span class='ocrx_word' id='word_1_422' title='bbox 1381 1476 1410 1503; x_wconf 85' lang='lat' dir='ltr'>ct</span> <span class='ocrx_word' id='word_1_423' title='bbox 1436 1467 1546 1502; x_wconf 87' lang='lat' dir='ltr'>honori</span> <span class='ocrx_word' id='word_1_424' title='bbox 1572 1469 1782 1515; x_wconf 83' lang='lat' dir='ltr'>intelligeret,</span> 
     </span>
     <span class='ocr_line' id='line_1_81' title="bbox 1032 1517 1782 1564; baseline 0 -12"><span class='ocrx_word' id='word_1_425' title='bbox 1032 1518 1113 1553; x_wconf 90' lang='lat' dir='ltr'>clam</span> <span class='ocrx_word' id='word_1_426' title='bbox 1145 1518 1310 1558; x_wconf 85' lang='lat' dir='ltr'>discessit,</span> <span class='ocrx_word' id='word_1_427' title='bbox 1341 1525 1376 1551; x_wconf 91' lang='lat' dir='ltr'>ut</span> <span class='ocrx_word' id='word_1_428' title='bbox 1402 1529 1458 1551; x_wconf 84' lang='grc'><strong>5111</strong></span> <span class='ocrx_word' id='word_1_429' title='bbox 1489 1517 1631 1552; x_wconf 87' lang='lat' dir='ltr'>absentia</span> <span class='ocrx_word' id='word_1_430' title='bbox 1659 1526 1782 1564; x_wconf 90' lang='lat' dir='ltr'>tempe-</span> 
     </span>
     <span class='ocr_line' id='line_1_82' title="bbox 1033 1566 1785 1613; baseline -0.001 -11"><span class='ocrx_word' id='word_1_431' title='bbox 1033 1575 1116 1602; x_wconf 89' lang='lat' dir='ltr'>raret</span> <span class='ocrx_word' id='word_1_432' title='bbox 1141 1568 1339 1602; x_wconf 88' lang='lat' dir='ltr'>severitatem</span> <span class='ocrx_word' id='word_1_433' title='bbox 1366 1566 1459 1601; x_wconf 87' lang='lat' dir='ltr'>huius</span> <span class='ocrx_word' id='word_1_434' title='bbox 1490 1566 1613 1601; x_wconf 89' lang='lat' dir='ltr'>furoris.</span> <span class='ocrx_word' id='word_1_435' title='bbox 1654 1566 1785 1613; x_wconf 87' lang='lat' dir='ltr'>Episco-</span> 
     </span>
     <span class='ocr_line' id='line_1_83' title="bbox 1035 1615 1785 1664; baseline 0 -13"><span class='ocrx_word' id='word_1_436' title='bbox 1035 1629 1092 1664; x_wconf 90' lang='lat' dir='ltr'>pus</span> <span class='ocrx_word' id='word_1_437' title='bbox 1119 1628 1192 1651; x_wconf 79' lang='lat' dir='ltr'>vero</span> <span class='ocrx_word' id='word_1_438' title='bbox 1228 1615 1391 1651; x_wconf 76' lang='lat' dir='ltr'>confestim</span> <span class='ocrx_word' id='word_1_439' title='bbox 1415 1627 1472 1650; x_wconf 90' lang='lat' dir='ltr'>sua</span> <span class='ocrx_word' id='word_1_440' title='bbox 1503 1617 1608 1650; x_wconf 86' lang='lat' dir='ltr'>omnia</span> <span class='ocrx_word' id='word_1_441' title='bbox 1636 1616 1732 1663; x_wconf 90' lang='lat' dir='ltr'>diripi</span> <span class='ocrx_word' id='word_1_442' title='bbox 1753 1625 1785 1651; x_wconf 92' lang='lat' dir='ltr'>et</span> 
     </span>
     <span class='ocr_line' id='line_1_84' title="bbox 1036 1665 1782 1713; baseline 0 -13"><span class='ocrx_word' id='word_1_443' title='bbox 1036 1665 1188 1713; x_wconf 90' lang='lat' dir='ltr'>publicari</span> <span class='ocrx_word' id='word_1_444' title='bbox 1204 1666 1373 1712; x_wconf 88' lang='lat' dir='ltr'>praecepit,</span> <span class='ocrx_word' id='word_1_445' title='bbox 1401 1673 1432 1699; x_wconf 87' lang='lat' dir='ltr'>et</span> <span class='ocrx_word' id='word_1_446' title='bbox 1454 1665 1493 1699; x_wconf 90' lang='lat' dir='ltr'>ita</span> <span class='ocrx_word' id='word_1_447' title='bbox 1517 1665 1574 1700; x_wconf 91' lang='lat' dir='ltr'>iste</span> <span class='ocrx_word' id='word_1_448' title='bbox 1596 1666 1721 1700; x_wconf 74' lang='lat' dir='ltr'>exulem</span> <span class='ocrx_word' id='word_1_449' title='bbox 1747 1677 1782 1700; x_wconf 91' lang='lat' dir='ltr'>se</span> 
     </span>
     <span class='ocr_line' id='line_1_85' title="bbox 1035 1713 1784 1762; baseline 0 -13"><span class='ocrx_word' id='word_1_450' title='bbox 1035 1723 1065 1749; x_wconf 88' lang='lat' dir='ltr'>et</span> <span class='ocrx_word' id='word_1_451' title='bbox 1102 1727 1237 1761; x_wconf 84' lang='lat' dir='ltr'>egenum</span> <span class='ocrx_word' id='word_1_452' title='bbox 1275 1714 1392 1749; x_wconf 69' lang='lat' dir='ltr'>iamdiu</span> <span class='ocrx_word' id='word_1_453' title='bbox 1432 1713 1528 1748; x_wconf 89' lang='lat' dir='ltr'>fuisse</span> <span class='ocrx_word' id='word_1_454' title='bbox 1568 1715 1784 1762; x_wconf 89' lang='lat' dir='ltr'>conqueritur.</span> 
     </span>
     <span class='ocr_line' id='line_1_86' title="bbox 1033 1763 1787 1807; baseline 0 -9"><span class='ocrx_word' id='word_1_455' title='bbox 1033 1763 1153 1799; x_wconf 81' lang='lat' dir='ltr'>Verum</span> <span class='ocrx_word' id='word_1_456' title='bbox 1167 1764 1243 1799; x_wconf 88' lang='lat' dir='ltr'>haec</span> <span class='ocrx_word' id='word_1_457' title='bbox 1257 1764 1348 1798; x_wconf 91' lang='lat' dir='ltr'>nobis</span> <span class='ocrx_word' id='word_1_458' title='bbox 1367 1763 1554 1807; x_wconf 87' lang='lat' dir='ltr'>inordinata,</span> <span class='ocrx_word' id='word_1_459' title='bbox 1577 1771 1608 1799; x_wconf 89' lang='lat' dir='ltr'>et</span> <span class='ocrx_word' id='word_1_460' title='bbox 1623 1763 1712 1799; x_wconf 89' lang='lat' dir='ltr'>valde</span> <span class='ocrx_word' id='word_1_461' title='bbox 1730 1764 1787 1798; x_wconf 90' lang='lat' dir='ltr'>ini-</span> 
     </span>
     <span class='ocr_line' id='line_1_87' title="bbox 1035 1812 1785 1861; baseline 0 -14"><span class='ocrx_word' id='word_1_462' title='bbox 1035 1826 1094 1861; x_wconf 85' lang='lat' dir='ltr'>qua</span> <span class='ocrx_word' id='word_1_463' title='bbox 1120 1813 1277 1853; x_wconf 85' lang='lat' dir='ltr'>videntur;</span> <span class='ocrx_word' id='word_1_464' title='bbox 1305 1813 1456 1860; x_wconf 90' lang='lat' dir='ltr'>quoniam</span> <span class='ocrx_word' id='word_1_465' title='bbox 1478 1812 1504 1846; x_wconf 90' lang='lat' dir='ltr'>si</span> <span class='ocrx_word' id='word_1_466' title='bbox 1527 1812 1578 1847; x_wconf 90' lang='lat' dir='ltr'>illa</span> <span class='ocrx_word' id='word_1_467' title='bbox 1606 1825 1677 1847; x_wconf 89' lang='lat' dir='ltr'>vera</span> <span class='ocrx_word' id='word_1_468' title='bbox 1698 1821 1785 1854; x_wconf 87' lang='lat' dir='ltr'>sunt,</span> 
     </span>
     <span class='ocr_line' id='line_1_88' title="bbox 1035 1862 1785 1909; baseline 0 -13"><span class='ocrx_word' id='word_1_469' title='bbox 1035 1863 1222 1909; x_wconf 86' lang='lat' dir='ltr'>episcopus,</span> <span class='ocrx_word' id='word_1_470' title='bbox 1257 1862 1321 1897; x_wconf 90' lang='lat' dir='ltr'>imo</span> <span class='ocrx_word' id='word_1_471' title='bbox 1355 1862 1564 1909; x_wconf 80' lang='lat' dir='ltr'>exepiscopus</span> <span class='ocrx_word' id='word_1_472' title='bbox 1590 1874 1653 1897; x_wconf 94' lang='lat' dir='ltr'>non</span> <span class='ocrx_word' id='word_1_473' title='bbox 1676 1862 1785 1903; x_wconf 87' lang='lat' dir='ltr'>hunc,</span> 
     </span>
     <span class='ocr_line' id='line_1_89' title="bbox 1036 1911 1784 1958; baseline 0 -13"><span class='ocrx_word' id='word_1_474' title='bbox 1036 1912 1090 1946; x_wconf 90' lang='lat' dir='ltr'>sed</span> <span class='ocrx_word' id='word_1_475' title='bbox 1112 1911 1336 1946; x_wconf 91' lang='lat' dir='ltr'>conscientiam</span> <span class='ocrx_word' id='word_1_476' title='bbox 1358 1923 1446 1945; x_wconf 89' lang='lat' dir='ltr'>suam</span> <span class='ocrx_word' id='word_1_477' title='bbox 1470 1911 1593 1952; x_wconf 91' lang='lat' dir='ltr'>odisse,</span> <span class='ocrx_word' id='word_1_478' title='bbox 1620 1920 1650 1946; x_wconf 89' lang='lat' dir='ltr'>et</span> <span class='ocrx_word' id='word_1_479' title='bbox 1673 1923 1784 1958; x_wconf 89' lang='lat' dir='ltr'>perse·</span> 
     </span>
     <span class='ocr_line' id='line_1_90' title="bbox 1036 1960 1787 2008; baseline 0 -13"><span class='ocrx_word' id='word_1_480' title='bbox 1036 1961 1089 2008; x_wconf 92' lang='lat' dir='ltr'>qui</span> <span class='ocrx_word' id='word_1_481' title='bbox 1112 1960 1280 1995; x_wconf 85' lang='lat' dir='ltr'>debuerat:</span> <span class='ocrx_word' id='word_1_482' title='bbox 1311 1961 1361 1995; x_wconf 89' lang='lat' dir='ltr'>sin</span> <span class='ocrx_word' id='word_1_483' title='bbox 1389 1972 1462 1995; x_wconf 88' lang='lat' dir='ltr'>vero</span> <span class='ocrx_word' id='word_1_484' title='bbox 1488 1960 1565 1996; x_wconf 87' lang='lat' dir='ltr'>salsa</span> <span class='ocrx_word' id='word_1_485' title='bbox 1591 1964 1640 2005; x_wconf 89' lang='lat' dir='ltr'>(et</span> <span class='ocrx_word' id='word_1_486' title='bbox 1667 1961 1787 1995; x_wconf 82' lang='lat' dir='ltr'>utinam</span> 
     </span>
     <span class='ocr_line' id='line_1_91' title="bbox 1037 2009 1788 2056; baseline 0 -12"><span class='ocrx_word' id='word_1_487' title='bbox 1037 2010 1128 2052; x_wconf 80' lang='lat' dir='ltr'>falsa)</span> <span class='ocrx_word' id='word_1_488' title='bbox 1157 2021 1220 2044; x_wconf 93' lang='lat' dir='ltr'>non</span> <span class='ocrx_word' id='word_1_489' title='bbox 1254 2017 1358 2044; x_wconf 89' lang='lat' dir='ltr'>tamen</span> <span class='ocrx_word' id='word_1_490' title='bbox 1395 2021 1451 2056; x_wconf 90' lang='lat' dir='ltr'>per</span> <span class='ocrx_word' id='word_1_491' title='bbox 1484 2009 1614 2050; x_wconf 87' lang='lat' dir='ltr'>milites,</span> <span class='ocrx_word' id='word_1_492' title='bbox 1641 2009 1698 2044; x_wconf 88' lang='lat' dir='ltr'>sed</span> <span class='ocrx_word' id='word_1_493' title='bbox 1733 2022 1788 2056; x_wconf 91' lang='lat' dir='ltr'>per</span> 
     </span>
     <span class='ocr_line' id='line_1_92' title="bbox 1037 2058 1787 2106; baseline -0.001 -12"><span class='ocrx_word' id='word_1_494' title='bbox 1037 2059 1239 2106; x_wconf 89' lang='lat' dir='ltr'>disciplinam</span> <span class='ocrx_word' id='word_1_495' title='bbox 1267 2070 1436 2101; x_wconf 88' lang='lat' dir='ltr'>canonum,</span> <span class='ocrx_word' id='word_1_496' title='bbox 1471 2058 1589 2093; x_wconf 90' lang='lat' dir='ltr'>iustum</span> <span class='ocrx_word' id='word_1_497' title='bbox 1617 2059 1787 2106; x_wconf 88' lang='lat' dir='ltr'>corripere,</span> 
     </span>
     <span class='ocr_line' id='line_1_93' title="bbox 1037 2107 1790 2154; baseline 0 -11"><span class='ocrx_word' id='word_1_498' title='bbox 1037 2116 1068 2143; x_wconf 88' lang='lat' dir='ltr'>et</span> <span class='ocrx_word' id='word_1_499' title='bbox 1089 2108 1246 2154; x_wconf 77' lang='lat' dir='ltr'>flagellare</span> <span class='ocrx_word' id='word_1_500' title='bbox 1267 2120 1402 2154; x_wconf 87' lang='lat' dir='ltr'>aequum</span> <span class='ocrx_word' id='word_1_501' title='bbox 1426 2107 1535 2142; x_wconf 87' lang='lat' dir='ltr'>fuerat.</span> <span class='ocrx_word' id='word_1_502' title='bbox 1559 2107 1716 2149; x_wconf 86' lang='lat' dir='ltr'>Quocirca</span> <span class='ocrx_word' id='word_1_503' title='bbox 1732 2107 1790 2143; x_wconf 88' lang='lat' dir='ltr'>fra-</span> 
     </span>
     <span class='ocr_line' id='line_1_94' title="bbox 1038 2157 1788 2203; baseline 0.001 -12"><span class='ocrx_word' id='word_1_504' title='bbox 1038 2158 1214 2192; x_wconf 85' lang='lat' dir='ltr'>ternitatem</span> <span class='ocrx_word' id='word_1_505' title='bbox 1257 2165 1342 2191; x_wconf 85' lang='lat' dir='ltr'>tuam</span> <span class='ocrx_word' id='word_1_506' title='bbox 1381 2157 1552 2203; x_wconf 90' lang='lat' dir='ltr'>apostolica</span> <span class='ocrx_word' id='word_1_507' title='bbox 1601 2157 1788 2192; x_wconf 87' lang='lat' dir='ltr'>auctoritate</span> 
     </span>
     <span class='ocr_line' id='line_1_95' title="bbox 1039 2205 1789 2250; baseline -0.001 -9"><span class='ocrx_word' id='word_1_508' title='bbox 1039 2206 1276 2250; x_wconf 86' lang='lat' dir='ltr'>commonitam,</span> <span class='ocrx_word' id='word_1_509' title='bbox 1307 2214 1338 2241; x_wconf 89' lang='lat' dir='ltr'>et</span> <span class='ocrx_word' id='word_1_510' title='bbox 1370 2206 1401 2240; x_wconf 93' lang='lat' dir='ltr'>in</span> <span class='ocrx_word' id='word_1_511' title='bbox 1429 2206 1487 2240; x_wconf 89' lang='lat' dir='ltr'>hac</span> <span class='ocrx_word' id='word_1_512' title='bbox 1514 2218 1609 2240; x_wconf 89' lang='lat' dir='ltr'>causa</span> <span class='ocrx_word' id='word_1_513' title='bbox 1631 2205 1789 2241; x_wconf 83' lang='lat' dir='ltr'>suffultam</span> 
     </span>
     <span class='ocr_line' id='line_1_96' title="bbox 1039 2254 1788 2300; baseline 0.001 -11"><span class='ocrx_word' id='word_1_514' title='bbox 1039 2267 1108 2289; x_wconf 88' lang='lat' dir='ltr'>esse</span> <span class='ocrx_word' id='word_1_515' title='bbox 1130 2255 1296 2300; x_wconf 86' lang='lat' dir='ltr'>volumus,</span> <span class='ocrx_word' id='word_1_516' title='bbox 1334 2263 1365 2289; x_wconf 88' lang='lat' dir='ltr'>ut</span> <span class='ocrx_word' id='word_1_517' title='bbox 1394 2263 1565 2290; x_wconf 88' lang='lat' dir='ltr'>convocato</span> <span class='ocrx_word' id='word_1_518' title='bbox 1587 2263 1617 2289; x_wconf 91' lang='lat' dir='ltr'>et</span> <span class='ocrx_word' id='word_1_519' title='bbox 1638 2254 1788 2290; x_wconf 89' lang='lat' dir='ltr'>adiuncto</span> 
     </span>
     <span class='ocr_line' id='line_1_97' title="bbox 1040 2303 1789 2339; baseline 0.001 -1"><span class='ocrx_word' id='word_1_520' title='bbox 1040 2304 1095 2338; x_wconf 83' lang='lat' dir='ltr'>tibi</span> <span class='ocrx_word' id='word_1_521' title='bbox 1123 2303 1236 2339; x_wconf 91' lang='lat' dir='ltr'>dilecto</span> <span class='ocrx_word' id='word_1_522' title='bbox 1267 2303 1423 2339; x_wconf 84' lang='lat' dir='ltr'>confratre</span> <span class='ocrx_word' id='word_1_523' title='bbox 1453 2312 1560 2338; x_wconf 89' lang='lat' dir='ltr'>nostro</span> <span class='ocrx_word' id='word_1_524' title='bbox 1594 2303 1789 2339; x_wconf 89' lang='lat' dir='ltr'>Herimanno</span> 
     </span>
     <span class='ocr_line' id='line_1_98' title="bbox 1042 2352 1790 2400; baseline 0 -12"><span class='ocrx_word' id='word_1_525' title='bbox 1042 2353 1209 2388; x_wconf 82' lang='lat' dir='ltr'>venerabili</span> <span class='ocrx_word' id='word_1_526' title='bbox 1244 2353 1394 2400; x_wconf 90' lang='lat' dir='ltr'>episcopo</span> <span class='ocrx_word' id='word_1_527' title='bbox 1419 2353 1573 2397; x_wconf 88' lang='lat' dir='ltr'>Metensi,</span> <span class='ocrx_word' id='word_1_528' title='bbox 1606 2352 1790 2388; x_wconf 89' lang='lat' dir='ltr'>Tullensem</span> 
     </span>
     <span class='ocr_line' id='line_1_99' title="bbox 1041 2401 1790 2448; baseline 0.001 -12"><span class='ocrx_word' id='word_1_529' title='bbox 1041 2402 1245 2443; x_wconf 84' lang='lat' dir='ltr'>conveniatis,</span> <span class='ocrx_word' id='word_1_530' title='bbox 1270 2414 1427 2448; x_wconf 85' lang='lat' dir='ltr'>euinque,</span> <span class='ocrx_word' id='word_1_531' title='bbox 1456 2409 1491 2436; x_wconf 91' lang='lat' dir='ltr'>ut</span> <span class='ocrx_word' id='word_1_532' title='bbox 1516 2401 1666 2437; x_wconf 87' lang='lat' dir='ltr'>clericum</span> <span class='ocrx_word' id='word_1_533' title='bbox 1694 2402 1790 2437; x_wconf 83' lang='lat' dir='ltr'>istum</span> 
     </span>
     <span class='ocr_line' id='line_1_100' title="bbox 1041 2451 1791 2498; baseline 0.001 -13"><span class='ocrx_word' id='word_1_534' title='bbox 1041 2452 1109 2486; x_wconf 89' lang='lat' dir='ltr'>sine</span> <span class='ocrx_word' id='word_1_535' title='bbox 1136 2452 1222 2486; x_wconf 86' lang='lat' dir='ltr'>omni</span> <span class='ocrx_word' id='word_1_536' title='bbox 1251 2451 1390 2498; x_wconf 86' lang='lat' dir='ltr'>periculo</span> <span class='ocrx_word' id='word_1_537' title='bbox 1413 2451 1503 2495; x_wconf 89' lang='lat' dir='ltr'>vitae,</span> <span class='ocrx_word' id='word_1_538' title='bbox 1530 2458 1561 2486; x_wconf 90' lang='lat' dir='ltr'>et</span> <span class='ocrx_word' id='word_1_539' title='bbox 1581 2463 1730 2486; x_wconf 89' lang='lat' dir='ltr'>securum</span> <span class='ocrx_word' id='word_1_540' title='bbox 1752 2452 1791 2486; x_wconf 89' lang='lat' dir='ltr'>ab</span> 
     </span>
     <span class='ocr_line' id='line_1_101' title="bbox 1042 2499 1791 2535; baseline 0.001 -1"><span class='ocrx_word' id='word_1_541' title='bbox 1042 2501 1126 2534; x_wconf 91' lang='lat' dir='ltr'>omni</span> <span class='ocrx_word' id='word_1_542' title='bbox 1148 2499 1338 2535; x_wconf 86' lang='lat' dir='ltr'>contumelia</span> <span class='ocrx_word' id='word_1_543' title='bbox 1360 2500 1391 2534; x_wconf 91' lang='lat' dir='ltr'>in</span> <span class='ocrx_word' id='word_1_544' title='bbox 1417 2500 1591 2535; x_wconf 89' lang='lat' dir='ltr'>claustrum</span> <span class='ocrx_word' id='word_1_545' title='bbox 1612 2513 1705 2535; x_wconf 93' lang='lat' dir='ltr'>suum</span> <span class='ocrx_word' id='word_1_546' title='bbox 1739 2513 1791 2535; x_wconf 90' lang='lat' dir='ltr'>re-</span> 
     </span>
     <span class='ocr_line' id='line_1_102' title="bbox 1043 2548 1791 2598; baseline 0.001 -14"><span class='ocrx_word' id='word_1_547' title='bbox 1043 2550 1149 2598; x_wconf 83' lang='lat' dir='ltr'>cipiat,</span> <span class='ocrx_word' id='word_1_548' title='bbox 1171 2558 1200 2585; x_wconf 88' lang='lat' dir='ltr'>et</span> <span class='ocrx_word' id='word_1_549' title='bbox 1231 2548 1369 2584; x_wconf 86' lang='lat' dir='ltr'>officium</span> <span class='ocrx_word' id='word_1_550' title='bbox 1401 2549 1563 2586; x_wconf 86' lang='lat' dir='ltr'>custodiae</span> <span class='ocrx_word' id='word_1_551' title='bbox 1590 2561 1662 2586; x_wconf 90' lang='lat' dir='ltr'>cum</span> <span class='ocrx_word' id='word_1_552' title='bbox 1683 2549 1791 2586; x_wconf 87' lang='lat' dir='ltr'>Eccle-</span> 
     </span>
    </p>
   </div>
   <div class='ocr_carea' id='block_1_19' title="bbox 1798 167 1982 196">
    <p class='ocr_par' dir='ltr' id='par_1_19' title="bbox 1798 167 1982 196">
     <span class='ocr_line' id='line_1_103' title="bbox 1798 167 1982 196; baseline 0.005 -1"><span class='ocrx_word' id='word_1_553' title='bbox 1798 170 1846 195; x_wconf 82' lang='grc' dir='ltr'>Αη.</span> <span class='ocrx_word' id='word_1_554' title='bbox 1863 168 1891 195; x_wconf 81' lang='grc' dir='ltr'>Γ.</span> <span class='ocrx_word' id='word_1_555' title='bbox 1914 167 1982 196; x_wconf 67' lang='lat'>¹07⁴</span> 
     </span>
    </p>
   </div>
   <div class='ocr_carea' id='block_1_20' title="bbox 1815 2115 2002 2270">
    <p class='ocr_par' dir='ltr' id='par_1_20' title="bbox 1824 2115 2000 2137">
     <span class='ocr_line' id='line_1_104' title="bbox 1824 2115 2000 2137; baseline -0.011 0"><span class='ocrx_word' id='word_1_556' title='bbox 1824 2116 1939 2137; x_wconf 72' lang='lat' dir='ltr'>Committit</span> <span class='ocrx_word' id='word_1_557' title='bbox 1949 2115 2000 2136; x_wconf 84' lang='lat' dir='ltr'>Tre·</span> 
     </span>
    </p>

    <p class='ocr_par' dir='ltr' id='par_1_21' title="bbox 1815 2142 2002 2270">
     <span class='ocr_line' id='line_1_105' title="bbox 1815 2142 2000 2163; baseline -0.005 0"><span class='ocrx_word' id='word_1_558' title='bbox 1815 2143 1892 2163; x_wconf 70' lang='lat' dir='ltr'>virensi</span> <span class='ocrx_word' id='word_1_559' title='bbox 1931 2142 2000 2162; x_wconf 81' lang='lat' dir='ltr'>archi-</span> 
     </span>
     <span class='ocr_line' id='line_1_106' title="bbox 1816 2169 2000 2196; baseline 0 -7"><span class='ocrx_word' id='word_1_560' title='bbox 1816 2170 1915 2196; x_wconf 80' lang='lat' dir='ltr'>episcopo</span> <span class='ocrx_word' id='word_1_561' title='bbox 1927 2172 1947 2189; x_wconf 86' lang='lat' dir='ltr'>et</span> <span class='ocrx_word' id='word_1_562' title='bbox 1957 2169 2000 2189; x_wconf 78' lang='lat' dir='ltr'>Me-</span> 
     </span>
     <span class='ocr_line' id='line_1_107' title="bbox 1815 2200 1999 2221; baseline -0.005 -5"><span class='ocrx_word' id='word_1_563' title='bbox 1815 2200 1869 2217; x_wconf 75' lang='lat' dir='ltr'>tensi</span> <span class='ocrx_word' id='word_1_564' title='bbox 1898 2200 1999 2221; x_wconf 76' lang='lat' dir='ltr'>episcopo</span> 
     </span>
     <span class='ocr_line' id='line_1_108' title="bbox 1816 2222 2002 2248; baseline -0.011 -5"><span class='ocrx_word' id='word_1_565' title='bbox 1816 2222 2002 2248; x_wconf 71' lang='lat' dir='ltr'>cognitionomhu—</span> 
     </span>
     <span class='ocr_line' id='line_1_109' title="bbox 1816 2250 1948 2270; baseline -0.015 0"><span class='ocrx_word' id='word_1_566' title='bbox 1816 2250 1848 2270; x_wconf 77' lang='lat' dir='ltr'>ius</span> <span class='ocrx_word' id='word_1_567' title='bbox 1863 2254 1948 2269; x_wconf 72' lang='lat' dir='ltr'>causae.</span> 
     </span>
    </p>
   </div>
   <div class='ocr_carea' id='block_1_21' title="bbox 1817 2434 2004 2511">
    <p class='ocr_par' dir='ltr' id='par_1_22' title="bbox 1817 2434 2004 2511">
     <span class='ocr_line' id='line_1_110' title="bbox 1845 2434 2003 2454; baseline -0.013 0"><span class='ocrx_word' id='word_1_568' title='bbox 1845 2434 1948 2454; x_wconf 80' lang='lat' dir='ltr'>ctericum</span> <span class='ocrx_word' id='word_1_569' title='bbox 1971 2435 2003 2452; x_wconf 78' lang='lat' dir='ltr'>tn-</span> 
     </span>
     <span class='ocr_line' id='line_1_111' title="bbox 1818 2459 2004 2481; baseline -0.005 0"><span class='ocrx_word' id='word_1_570' title='bbox 1818 2463 1861 2481; x_wconf 80' lang='lat' dir='ltr'>tum</span> <span class='ocrx_word' id='word_1_571' title='bbox 1873 2459 2004 2481; x_wconf 74' lang='lat' dir='ltr'>reddendum</span> 
     </span>
     <span class='ocr_line' id='line_1_112' title="bbox 1817 2490 1902 2511; baseline -0.012 -3"><span class='ocrx_word' id='word_1_572' title='bbox 1817 2490 1888 2508; x_wconf 76' lang='lat' dir='ltr'>mouet</span> <span class='ocrx_word' id='word_1_573' title='bbox 1897 2495 1902 2511; x_wconf 87' lang='lat'>;</span> 
     </span>
    </p>
   </div>
  </div>
 </body>
</html>
