2180 3205
180 267 229 295 An.
248 268 275 293 c.
294 268 355 294 tici
426 257 494 290 672

375 323 403 356 in
426 320 510 356 omui
535 327 673 365 tompore
695 317 757 351 sint
772 315 831 351 sub
852 327 886 350 ea
916 327 990 362 pace
1005 313 1117 348 securi.
1165 312 1422 359 parochianorum
1446 310 1592 357 elegerit;
1619 319 1649 346 et
1671 312 1701 346 in
1726 311 1776 346 (lie
1790 318 1904 348 statuta

188 375 210 396 ¹¹¹
244 380 268 395 ⁰⁰
291 374 359 417 ,ΜΕ
374 372 438 406 Nec
461 370 512 404 ulli
536 370 623 403 liccat
648 375 768 414 practer
793 373 929 400 armatos
952 364 1064 398 milites
1091 371 1121 397 et

175 409 360 458 lL'.'.}¹l²⁸⁰aeiss'f¹'t-¹.lff
374 422 517 463 clientes,
535 417 694 465 quaelibet
711 428 795 450 arma
816 414 905 454 serre,
926 414 984 448 nisi
1005 413 1120 447 milites

176 473 220 493 affl
373 482 465 505 enses
498 467 721 507 solummodo,
757 473 786 500 et
813 464 945 499 clientes
979 462 1121 508 singulos

374 519 502 555 baculos
530 517 640 556 ferant,
663 516 715 563 qui
744 515 846 561 pacis,
880 514 961 548 sicut
995 511 1121 556 caeteri,

187 575 264 594 (ΜΝ
276 572 359 608 5¹¹¹b¹⁵⁰f⁵
374 570 490 604 debent
511 566 675 602 securitate
697 564 844 611 gaudere.
867 563 907 597 Et
923 569 1043 610 praeter
1057 574 1122 605 eos,

175 608 314 632 pri-iurantes,
335 605 360 623 li-

176 638 360 656 .11·.nment.t-uws
375 620 427 666 qui
450 619 531 653 hanc
558 628 679 664 pacem,
710 615 792 649 sicut
828 621 940 648 statuta
973 619 1038 652 est,
1065 623 1124 646 no-

174 669 245 718 llil?
260 666 361 724 :icil-pli*
376 669 468 704 luerit
490 668 624 707 firmare,
651 673 681 700 et
703 663 924 698 inviolabiliter
945 661 1122 701 observare,

174 733 215 750 ου·-
354 713 457 753 'sicut
478 717 517 752 de
541 716 607 756 bis,
641 714 694 762 qui
717 713 842 761 publice
878 712 1048 759 periurant,
1076 710 1121 745 vel

377 768 468 803 {idem
492 765 688 801 mentiuntur
716 775 770 810 pro
799 761 963 796 manifesto
999 759 1123 800 debito,

376 830 431 853 seu
461 829 517 864 pro
554 815 679 861 cognita
716 812 934 851 fideiussione,
961 810 1000 844 de
1030 809 1124 844 rebus

376 879 485 902 eorum
511 863 715 913 pignorandis
743 862 866 897 licentia
894 873 956 894 non
989 859 1125 905 denege-

189 921 280 941 1'·*⁰¹³¹¹¹¹‘
297 922 363 940 mm·
377 925 443 952 tur:
473 916 562 951 vobis
585 922 688 949 tamen
711 911 861 958 exceptis.
897 909 945 944 Ad
969 908 1123 943 eiusmodi

174 956 363 1003 ‘'¹210‘d‘1121ul'lf‘u2'l‘
377 979 448 1002 vero
481 966 568 1014 pacis
601 972 631 998 et
657 961 832 998 securitatis
866 959 1123 994 sustentationem

239 1017 296 1039 ‘¹⁰⁴
376 1024 406 1051 et
428 1016 641 1051 defensionem
665 1019 815 1047 statutum
838 1018 896 1051 est,
923 1018 958 1043 ut
979 1008 1123 1048 abbates,

375 1064 607 1107 archidiaconi,
640 1059 921 1108 archipresbyteri,
959 1057 1124 1098 monachi,

374 1115 535 1159 canonici,
565 1114 695 1160 priores,
726 1119 756 1145 et
790 1121 900 1144 omnes
927 1107 1044 1151 clerici,
1071 1107 1123 1154 qui

376 1165 517 1212 proprias
538 1163 695 1199 Ecclesias
713 1167 836 1207 regunt,
860 1158 972 1192 milites
988 1169 1124 1204 quoque,

374 1222 406 1249 et
427 1222 627 1253 mercatoreS,
655 1220 746 1259 atque
775 1209 960 1255 burgenseS‚
995 1206 1048 1253 qui
1080 1205 1126 1240 sa-

375 1263 547 1299 cultatibus
568 1259 809 1299 abundaverint,
842 1266 872 1293 et
894 1268 1005 1292 omnes
1032 1256 1123 1290 etiam

375 1313 520 1349 homines
540 1322 600 1348 tam
629 1309 734 1346 clerici
754 1320 847 1356 quam
870 1306 952 1350 laici,
981 1306 1033 1352 qui
1063 1305 1126 1340 ha-

376 1363 502 1398 buerint
525 1376 578 1409 par
600 1362 695 1397 boum
709 1371 764 1395 seu
781 1358 912 1393 aliorum
930 1354 1124 1394 animalium,

376 1425 448 1447 cum
472 1413 587 1460 quibus
609 1423 697 1447 arare
724 1408 856 1456 possint,
891 1406 956 1441 sive
991 1404 1126 1451 amplius

378 1462 556 1504 habuerint,
584 1462 632 1496 vel
654 1459 706 1508 qui
725 1455 1126 1497 habuerintsummarium,

377 1524 495 1558 equum
534 1512 653 1547 scilicet
681 1509 727 1545 vel
761 1519 891 1554 equam,
920 1504 1040 1540 mulum
1079 1503 1124 1538 vel

378 1562 507 1606 mulam,
543 1574 622 1609 quae
650 1559 688 1594 ad
717 1556 869 1606 portanda
898 1567 992 1590 onera
1020 1554 1125 1592 licent,

378 1611 545 1646 duodecim
573 1610 719 1646 denarios
737 1607 947 1644 Rutenenses‚
970 1604 1033 1638 sive
1049 1602 1126 1638 alios

379 1661 564 1696 tantundem
592 1660 748 1698 valentes,
775 1656 906 1690 donent.
944 1653 1026 1689 Cum
1053 1665 1126 1687 vero

379 1711 546 1745 habuerint
573 1711 654 1745 ovile
680 1709 802 1747 ovium,
830 1705 904 1739 dent
937 1716 993 1750 pro
1015 1714 1051 1737 eo
1074 1714 1126 1737 sex

380 1759 525 1795 denarios
546 1760 688 1796 eiusdem
717 1762 877 1795 monetae,
906 1754 951 1788 vel
974 1752 1051 1786 alios
1072 1764 1127 1786 ae—

380 1810 586 1856 quivalentes.
613 1808 757 1844 Totidem
787 1813 890 1840 autem
926 1802 1047 1837 dabunt
1074 1801 1127 1848 qui

380 1859 495 1894 habent
530 1872 627 1895 unum
662 1858 771 1892 bovem
808 1861 941 1897 tantum,
969 1851 1016 1886 vel
1043 1850 1127 1885 aliud

381 1910 508 1951 animal,
535 1923 607 1945 cum
630 1920 693 1956 quo
715 1906 838 1941 valeant
858 1915 958 1946 arare,
984 1902 1049 1936 sive
1067 1901 1128 1935 asi-

197 1971 321 1997 Summaque
358 1976 369 1989 a
383 1971 471 2003 num,
487 1972 579 2007 quem
601 1958 722 2007 possint
743 1956 855 1990 locare.
883 1952 1022 1987 Clientes
1043 1962 1128 1990 vero,

185 2001 372 2060 ΖΪΓἹῘῘΞΨᾙᾟΪ
384 2016 414 2043 et
434 2009 580 2054 artifices,
606 2008 726 2043 scilicet
747 2005 836 2044 fabri,
866 2010 1011 2041 sartores,
1040 1999 1130 2047 pelli-

186 2065 246 2084 ⁰³¹¹¹³·
384 2058 490 2104 ciarii,
524 2067 554 2094 et
580 2069 692 2093 omnes
718 2053 870 2102 operarii,
898 2059 950 2086 aut
976 2062 1050 2093 sex,
1081 2049 1128 2083 vel

382 2109 460 2144 sicto
486 2111 544 2153 (t),
570 2120 624 2143 seu
647 2105 813 2141 duodecim
836 2101 993 2140 denarios,
1015 2111 1131 2134 secun-

382 2158 457 2193 dum
481 2170 608 2193 suorum
636 2155 868 2202 capellanorum
896 2150 1058 2186 arbitrium
1081 2148 1132 2182 da-

383 2208 473 2243 bunt.
496 2207 612 2242 Verum
637 2207 662 2241 si
687 2213 773 2252 pater
794 2214 865 2237 cum
893 2200 977 2239 filiis,
999 2211 1056 2233 scu
1075 2197 1132 2232 fra-

383 2265 447 2292 tres
473 2258 536 2292 sive
561 2253 788 2302 consanguinei
818 2250 945 2294 suerint,
971 2249 1025 2296 qui
1050 2260 1131 2282 non—

384 2307 460 2342 dum
483 2315 556 2342 sunt
577 2306 710 2340 invicem
732 2301 878 2350 separati,
905 2311 963 2334 nec
984 2305 1057 2333 sunt
1083 2309 1132 2331 res

385 2369 493 2392 eorum
521 2356 649 2395 divisae,
681 2366 762 2388 unus
783 2364 839 2399 pro
860 2349 1008 2385 omnibus
1029 2346 1131 2382 dabit:

386 2406 501 2453 alioqui
529 2405 629 2440 solvat
657 2403 872 2450 unusquisque
894 2412 948 2446 pro
970 2410 1014 2433 se.
1042 2396 1133 2450 Com-

387 2469 483 2490 mune
509 2464 611 2490 autem
637 2453 718 2488 istud
736 2449 947 2500 persingulas
970 2445 1134 2495 parochias

388 2505 481 2540 debet
504 2505 589 2540 reddi
618 2516 689 2539 cum
713 2502 829 2548 scripto
852 2499 947 2534 unius
969 2495 1135 2545 parochia-

389 2568 513 2595 norum,
558 2566 652 2601 quem
679 2551 859 2599 capellanus
892 2560 963 2583 cum
1003 2544 1135 2581 consilio

390 2605 438 2638 sui
472 2602 733 2651 archipresbyteri
759 2608 791 2637 et
822 2598 980 2634 voluntate
1005 2606 1134 2630 suorum

427 2667 466 2701 (ί)
483 2666 548 2700 Lege
564 2669 630 2691 octo.

951 259 1137 284 minantum
1165 260 1276 281 umus
1283 258 1326 281 ΗΜ

1920 252 2013 280 Αη.(].
2031 252 2095 279 1161

1162 361 1200 397 ab
1228 363 1295 408 ipso
1323 361 1522 408 parochiano,
1550 369 1670 395 etcum
1698 362 1808 396 eodem
1827 364 1906 397 scri-

1165 420 1215 458 pto
1238 411 1275 445 ad
1303 411 1516 445 Rutenensem
1543 410 1714 445 Ecclesiam
1738 411 1903 448 deseratur.

1163 461 1316 508 Quisquis
1336 469 1439 495 autem
1462 472 1512 494 res
1538 472 1610 495 suas
1636 461 1784 505 amiserit,
1817 471 1905 508 post·
1933 468 2103 503 Alincum-<tam

1163 523 1256 558 quam
1285 522 1474 552 commune,
1509 510 1590 544 sicut
1623 510 1814 556 praedictum
1842 500 2038 555 est,¹''⁴⁰¹‘⁴'''‘'⁹'

1163 560 1301 601 solverit,
1325 561 1353 594 in
1371 560 1525 606 integrum
1542 559 1737 600 restituatur;
1760 561 1784 595 si
1804 570 1906 597 tamen

1164 619 1278 645 certam
1309 622 1492 658 personam,
1529 621 1609 655 quae
1636 621 1684 643 res
1711 609 1769 644 sibi
1793 611 1910 646 ablatas

1166 659 1287 704 habeat,
1321 660 1365 694 vel
1390 659 1504 698 locum,
1529 659 1579 692 ubi
1601 667 1686 701 sunt,
1717 661 1829 706 poterit
1854 661 1911 695 dc-

1166 719 1354 750 monstrare,
1381 709 1429 743 sin
1452 716 1572 748 autem,
1606 709 1747 743 minime.
1782 709 1814 744 Si
1839 722 1911 744 vero

1167 759 1322 799 inimicos,
1344 758 1432 793 villas
1454 757 1499 792 vel
1522 757 1637 805 oppida
1659 758 1841 805 depraedari
1865 760 1910 794 vel

1165 808 1290 843 diruere
1316 809 1395 843 forte
1419 808 1597 854 contigerit,
1622 820 1670 843 res
1692 807 1818 854 quidem
1847 821 1914 843 mo-

1167 857 1246 892 biles
1281 857 1532 893 emendabuntur
1569 857 1608 892 de
1639 858 1817 899 communi,
1857 858 1911 893 sed

1166 912 1276 947 damna
1306 925 1408 947 rerum
1432 911 1640 947 immobilium
1665 924 1726 946 non
1751 912 1914 947 restituen-

1167 973 1233 1006 tur,
1264 967 1324 1001 nisi
1347 975 1498 1014 quantum
1525 979 1541 1001 a
1568 966 1822 1001 malefactoribus
1849 979 1913 1013 po-

1168 1021 1238 1055 terit
1252 1020 1440 1068 recuperari.
1463 1019 1576 1055 Clerici
1595 1032 1681 1061 vero,
1702 1021 1753 1068 qui
1771 1021 1912 1068 proprias

1167 1075 1325 1110 Ecclesias
1360 1087 1422 1109 non
1458 1074 1594 1119 habent,
1638 1075 1696 1109 nisi
1737 1087 1790 1122 par
1816 1075 1912 1110 boum

1169 1129 1344 1173 habuerint,
1372 1141 1434 1163 non
1461 1136 1615 1175 cogantur
1635 1129 1720 1174 dare,
1746 1129 1773 1164 si
1795 1130 1913 1169 nolint:

1167 1183 1220 1218 sed
1249 1195 1310 1218 non
1339 1183 1412 1218 dato
1434 1183 1607 1225 communi,
1629 1183 1654 1218 si
1677 1183 1754 1219 forte
1779 1196 1827 1219 res
1843 1196 1915 1219 suas

1170 1237 1386 1285 perdiderunt,
1412 1237 1458 1272 eis
1479 1249 1676 1284 nequaquam
1700 1237 1915 1273 emendabun-

1168 1300 1228 1327 tur.
1265 1292 1418 1326 Additum
1445 1300 1491 1326 est
1512 1292 1542 1326 in
1566 1291 1724 1339 praedicta
1749 1305 1845 1340 pace,
1881 1300 1915 1328 ut

1168 1346 1321 1394 capellani
1344 1346 1569 1390 Ecclesiarum,
1596 1353 1627 1380 et
1655 1357 1766 1381 omnes
1787 1346 1870 1388 laici,
1897 1359 1915 1382 a

1168 1400 1404 1449 quatuordecim
1432 1394 1522 1435 annis
1552 1408 1582 1435 et
1613 1412 1719 1448 supra,
1755 1413 1861 1447 pacem
1884 1408 1915 1436 et

1168 1467 1336 1490 commune
1364 1454 1488 1489 firmare
1514 1454 1658 1494 debeant,
1681 1462 1711 1488 et
1737 1454 1914 1490 observare.

1167 1509 1229 1552 Qui
1257 1522 1329 1544 vero
1351 1509 1381 1544 in
1411 1508 1470 1544 hoc
1495 1508 1624 1544 obedire
1651 1509 1916 1556 contempserint,

1168 1563 1283 1599 debent
1313 1563 1351 1598 ab
1377 1563 1538 1599 Ecclesiae
1570 1563 1732 1597 liminibus
1765 1563 1914 1605 coerceri,

1168 1628 1199 1655 et
1224 1619 1262 1654 ab
1288 1618 1373 1653 omni
1410 1631 1486 1665 pace
1512 1618 1579 1653 fieri
1613 1617 1719 1652 alieni.
1755 1617 1916 1653 Ecclesiae

1168 1685 1294 1721 quoque
1317 1672 1548 1719 parochiarum,
1570 1672 1600 1706 iu
1620 1671 1736 1719 quibus
1751 1671 1916 1707 violatores

1171 1729 1256 1776 pacis
1277 1727 1501 1771 habitaverint,
1535 1738 1552 1761 a
1577 1725 1692 1760 divinis
1713 1734 1823 1761 vacent
1848 1725 1918 1760 offi-

1169 1784 1243 1828 ciis,
1270 1783 1371 1817 donec
1391 1781 1451 1828 ipsi
1473 1780 1511 1816 ad
1533 1780 1784 1815 emendationem
1807 1780 1913 1815 venire

1169 1845 1337 1884 cogantur:
1370 1848 1462 1883 quam
1485 1834 1642 1882 siquidem
1677 1835 1761 1881 pacis
1782 1834 1914 1869 institu-
1948 1843 2005 1866 lineo
2025 1845 2094 1880 simnia

1171 1893 1299 1931 tionem,
1326 1888 1593 1938 quemadmodum
1615 1900 1632 1923 a
1654 1888 1742 1923 vobis
1759 1888 1837 1923 facta
1855 1897 1914 1934 est,
1929 1874 2117 1928 ᾗζέιζθρῖῗζηζζ

1170 1955 1200 1981 et
1227 1945 1378 1992 rescripto
1405 1942 1586 1978 authentico
1609 1942 1762 1983 roborata,
1794 1942 1914 1978 firmam
1931 1936 2117 1990 {fn‘l'ffssffiffww

1171 2009 1202 2035 et
1238 2007 1334 2034 ratam
1369 1997 1542 2041 habemus,
1577 2004 1608 2032 et
1633 2009 1701 2032 eam
1736 1997 1918 2032 auctoritate

1171 2053 1342 2102 apostolica
1369 2052 1614 2095 confirmamus,
1641 2059 1672 2086 et
1706 2051 1918 2099 praesentium

1172 2109 1288 2156 scripto
1310 2106 1563 2147 communimus,
1586 2113 1772 2151 statuentes,
1794 2115 1826 2140 ut
1841 2105 1918 2140 nulli

1172 2163 1301 2199 omnino
1327 2161 1491 2196 hominum
1526 2161 1627 2200 liceat,
1659 2160 1739 2194 hanc
1775 2159 1920 2207 paginam

1173 2226 1296 2252 nostrae
1322 2215 1567 2251 confirmationis
1598 2214 1789 2260 infringere,
1818 2213 1864 2248 vel
1890 2213 1918 2248 ei

1173 2272 1371 2319 aliquatenus
1389 2268 1555 2304 contraire.
1583 2267 1615 2303 Si
1639 2268 1711 2315 quis
1728 2276 1832 2302 autem
1859 2267 1920 2301 hoc

1173 2333 1324 2361 attentare
1368 2322 1634 2371 praesumpserit,
1669 2321 1918 2368 indignationem

1174 2377 1498 2427 omnipotentisDei,
1525 2385 1556 2412 et
1581 2376 1743 2411 beatorum
1774 2375 1858 2410 Petri
1890 2382 1921 2409 et

1175 2434 1274 2473 Pauli,
1297 2446 1330 2468 se
1356 2432 1477 2468 noverit
1503 2431 1712 2466 incursurum.

1224 2489 1339 2523 Datum
1366 2486 1514 2531 Verulis,
1548 2485 1688 2520 secundo
1728 2484 1798 2518 idus
1830 2481 1921 2524 maii,

1178 2543 1375 2591 pontificatus
1401 2540 1498 2575 nostri
1520 2551 1602 2575 anno
1623 2538 1772 2574 secundo.

1247 2604 1309 2634 Dat.
1328 2604 1375 2634 die
1394 2603 1430 2633 14
1449 2602 1518 2632 maii
1535 2610 1611 2631 anno
1628 2600 1742 2630 Domini
1762 2599 1848 2636 1161,

1423 2646 1524 2687 pontis.
1546 2654 1623 2675 auno
1641 2653 1670 2674 ιι.

1938 1024 2003 1052 Quam
2012 1030 2050 1053 pro
2064 1024 2112 1047 clo-

1927 1062 1988 1078 ricus:
