2180 3205
21 229 68 256 An.
87 226 118 254 C.
132 227 193 253 1181

31 580 89 609 Quae
104 581 147 602 suis
161 584 201 600 vo-

19 613 99 634 cnbutis
129 611 201 638 exvi-

0 639 87 667 '¹·mens,
111 643 157 663 iun
179 643 201 661 et

0 666 3 701 l
32 673 188 695 iurisdictione·

20 705 203 727 uiis-‹inemun-

20 737 92 757 minut.

57 1566 177 1588 Libertates

29 1605 120 1628 quoque,
135 1605 160 1620 nc
174 1605 211 1619 ra-

28 1631 142 1652 itomhiies
157 1636 211 1652 con-

29 1663 153 1684 suetudine»
175 1667 212 1683 n-

28 1696 61 1715 tn
74 1693 146 1714 habet.

46 2061 178 2090 sepulturam
192 2061 217 2082 li-

33 2092 105 2114 beram
114 2092 215 2114 declarat.

796 221 990 245 ALExANnfflt
1014 221 1050 243 111
1074 221 1121 242 ΙΨ.

213 279 347 328 propriis
373 277 520 313 duximus
546 276 748 325 exprimenda
773 277 949 312 vocabulis:

212 342 250 365 ex
276 329 360 364 dono
381 327 522 368 Rubeni,
543 327 667 362 comitis
688 326 805 371 Legrec
819 336 849 362 et
863 327 952 361 Ami-

213 380 279 414 Clae
292 377 477 416 COffllliSSsse,
491 377 706 411 consentiente
727 376 866 411 RObQI'lO
889 377 952 411 11110
992 384 1201 419 Decesnimus
1223 395 1309 428 crgo,
1338 390 1369 416 ιη
1385 381 1461 415 null}
1476 378 1604 414 omnino
1632 377 1735 411 homi-
1762 385 1839 405 Sotium
1855 384 1914 405 elau<

1806 415 1871 435 aulae,

212 441 283 473 suo,
309 436 403 463 totam
426 426 576 461 Eatonam
603 438 674 460 cum
691 426 838 461 omnibus
858 427 952 474 pcrti-

213 477 326 513 nentiis
345 477 422 516 suis,
450 476 479 510 in
502 488 561 522 qua
586 475 651 522 ipsa
678 475 800 511 abbatia
827 476 952 511 fundata

213 535 274 563 est:
298 528 328 562 in
350 525 536 561 Henetebria
569 537 630 558 xxv
665 525 791 560 libratas
817 529 861 569 (1)
891 534 954 560 ter-

214 589 280 613 rae:
308 589 345 612 ex
366 576 449 611 dono
475 573 628 614 eiusdem,
658 582 755 610 totum
797 576 952 610 redditum

213 639 306 662 suum
345 625 384 661 de
416 624 562 670 anguillis
611 631 641 658 ct
675 624 838 670 steilingis‚
860 636 952 672 quem

215 675 348 712 habebat
374 675 404 709 in
431 673 563 717 Welles,
592 683 720 720 excepta
747 674 867 709 decima
902 687 955 709 ea-

215 738 284 761 rum
311 723 531 772 anguillarum,
554 735 634 770 quae
650 723 955 770 pertinetEcclesiae

215 775 248 811 S.
271 774 387 810 Mariae
408 773 447 808 de
468 772 561 808 Prato
582 772 718 819 chrec:
737 786 773 808 ex
789 774 872 809 dono
890 774 955 808 Isa-

215 825 314 861 bellae
340 823 516 859 comitissae
560 821 639 857 duas
687 832 847 858 carucatas
909 825 954 867 (2)

217 883 316 910 terrae
338 874 368 908 in
389 871 544 907 Waltam:
564 884 601 906 ex
623 873 706 906 dono
733 872 820 907 Adae
856 873 956 907 comi-

216 925 308 960 tissae
334 922 457 958 Scotiae
478 921 635 956 redditum
663 934 700 956 xx
735 922 792 956 sol.
825 922 957 967 siugulis

215 973 306 1010 aunis
320 971 520 1008 habendum:
543 983 580 1005 ex
592 971 675 1006 dono
689 971 821 1006 Galli-idi
844 971 957 1006 l'Abbe

216 1032 248 1059 et
258 1023 400 1059 Emnuae
423 1021 527 1056 uxoris
547 1021 626 1061 eius,
649 1021 846 1055 medietatem
869 1021 957 1056 villae

217 1073 257 1108 de
278 1072 437 1107 Burthon:
461 1083 497 1104 ex
524 1070 607 1106 dono
629 1070 770 1105 Gerrasii
787 1071 957 1117 paganelli,

218 1121 431 1158 molendinum
454 1120 494 1154 de
519 1119 699 1168 lngepcnna
721 1133 792 1155 curn
817 1128 902 1168 prato
929 1130 959 1155 et

218 1171 316 1208 crofto
337 1173 381 1216 (5)
394 1179 424 1206 et
444 1169 591 1205 omnibus
606 1170 802 1218 pertinentiis
816 1171 891 1210 suis,
904 1183 960 1205 ec-

219 1221 343 1258 clesiam
369 1220 409 1255 de
430 1219 605 1261 Chautona,
631 1221 792 1255 ecclesiam
820 1220 859 1255 de
877 1220 959 1255 Bur-

220 1281 303 1312 tona,
325 1270 487 1306 ecclesiam
510 1269 548 1303 de
575 1269 764 1305 Petresfelda
792 1282 862 1305 cum
885 1282 960 1316 cap-

220 1321 299 1369 pella
331 1319 371 1355 de
410 1318 654 1365 Dapeldresliam
669 1347 676 1359 ,
723 1319 885 1355 ecclesiam
922 1320 960 1354 de

219 1369 384 1413 Suthburi‚
406 1368 568 1404 ecclesiam
591 1369 628 1403 (le
649 1368 768 1405 Derton
795 1382 865 1404 cum
893 1382 962 1403 om-

219 1420 315 1456 nibus
340 1418 586 1466 supradictarum
618 1418 830 1456 Ecclesiarum
860 1419 961 1465 perti-

221 1469 355 1506 nentiis:
378 1481 416 1503 ex
434 1468 517 1502 dono
539 1468 664 1504 Ricardi
687 1470 726 1505 de
743 1470 882 1505 Burtona
911 1469 962 1503 vil-

222 1520 284 1555 lam
298 1518 336 1553 de
356 1517 524 1553 Dodenhul
547 1530 617 1553 cum
637 1519 784 1554 omnibus
801 1518 962 1566 pertinen-

225 1570 276 1604 tiis
296 1567 379 1603 suis:
401 1567 560 1602 libertates
585 1568 676 1604 etiam
696 1570 734 1604 ab
755 1569 910 1604 abbatissa
933 1576 963 1602 et

224 1627 378 1654 conventu
399 1616 510 1651 Fontis
526 1617 654 1653 Ebraldi
671 1619 896 1654 rationabiliter
910 1630 962 1652 vo-

223 1669 273 1704 bis
286 1679 462 1707 concessas,
484 1667 565 1702 sicut
592 1667 621 1701 in
644 1669 824 1704 authentico
845 1668 963 1714 scripto

223 1717 337 1753 exinde
358 1717 497 1751 noscitur
516 1717 684 1758 contineri,
707 1718 793 1753 vobis
814 1727 843 1752 et
861 1718 965 1752 Eccle-

223 1769 289 1803 siae
311 1773 430 1800 vestrae
451 1767 635 1801 auctoritate
656 1769 827 1815 apostolica
849 1767 964 1802 contir-

225 1828 358 1852 mamus.
381 1815 545 1850 Praeterea
567 1817 765 1852 rationabiles
792 1826 966 1852 consuetu—

225 1866 327 1910 dines,
350 1865 561 1900 immunitates
582 1874 675 1913 atque
692 1867 851 1902 libertates
872 1879 887 1901 a
903 1868 966 1913 glo-

226 1916 309 1951 rioso
337 1926 409 1961 rege
448 1913 584 1949 Henrico
615 1924 646 1949 et
677 1916 716 1951 ab
742 1917 897 1964 episcopis
919 1915 965 1951 vel

226 1964 434 2012 principibus,
447 1976 500 1998 seu
516 1964 585 1998 aliis
599 1965 743 2000 fidelibus
764 1967 902 2013 legitime
918 1978 968 2000 vo-

227 2014 276 2050 bis
309 2025 487 2054 concessas,
521 2022 601 2048 ratas
633 2028 759 2051 manere
791 2028 965 2051 censemus.

228 2064 428 2112 Sepulturam
464 2075 590 2110 quoque
624 2065 724 2112 ipsius
753 2065 811 2100 loci
838 2065 966 2100 liberam

229 2126 299 2149 esse
328 2112 541 2153 concedimus,
569 2121 601 2148 ut
627 2126 748 2155 eorum,
770 2115 822 2162 qni
851 2127 883 2149 se
906 2115 969 2150 illic

229 2162 352 2210 sepeliri
381 2161 631 2204 deliberaverint,
645 2164 803 2199 devotioni
823 2172 853 2199 et
865 2173 970 2199 extre-

231 2225 299 2248 mae
321 2211 482 2253 voluntati,
504 2214 563 2248 nisi
585 2214 844 2249 excommunicati
860 2214 905 2249 vel
923 2215 970 2249 in-

230 2262 353 2298 terdicti
375 2261 503 2303 fuerint,
525 2263 632 2298 nullus
653 2263 806 2298 obsistat:
829 2264 911 2299 salva
931 2272 971 2299 ta-

266 2327 305 2364 (1)
324 2327 391 2362 Quid
407 2329 441 2355 sit
457 2330 527 2354 libra
542 2337 588 2356 seu
605 2331 704 2355 librata
724 2333 821 2362 terrae,
847 2330 972 2357 dIssident

230 2368 343 2401 eruditi‚·
354 2367 461 2403 quidam
478 2368 570 2395 volunt
585 2377 642 2396 esse
658 2369 766 2396 modum
782 2371 836 2405 agri
852 2379 881 2397 ac
897 2379 973 2406 prae-

232 2409 268 2435 dii
285 2408 319 2435 ad
334 2408 450 2435 valorem
469 2417 587 2436 annuum
607 2410 749 2444 pecuniarii
774 2411 883 2442 reditus,
901 2416 926 2438 et
941 2412 973 2439 ad

232 2453 335 2476 certum
349 2449 474 2477 librarum
491 2453 611 2476 monetae
630 2450 759 2477 currentis
779 2459 917 2477 numerum
941 2461 972 2479 e-

234 2492 339 2516 xactum
355 2493 382 2516 et
395 2490 575 2522 aestimatum3
592 2497 704 2524 quorum
719 2491 864 2517 sententiae
873 2491 975 2517 accedi-

235 2537 304 2556 mus.
315 2529 353 2564 (n.
369 2529 409 2564 T.)
446 2530 485 2564 (¹2)
503 2529 567 2556 Vide
582 2530 713 2565 superius,
731 2538 788 2564 pag.
807 2531 867 2556 675.
882 2532 918 2565 (u.
936 2532 975 2566 T.)

236 2570 275 2604 (3)
290 2569 421 2603 Crostum,
433 2570 534 2603 croftas
544 2573 570 2596 et
580 2570 677 2603 crofta,
689 2570 786 2604 agellus
802 2571 918 2598 inclusus
929 2580 976 2606 pro

235 2610 391 2637 animalibus
408 2611 522 2637 rusticis.
544 2612 581 2645 (a.
599 2611 637 2644 τ.)

1614 204 1683 236 829

992 288 1061 310 men
1077 274 1226 309 canonica
1246 273 1360 309 iustitia
1376 272 1497 307 illarum
1512 269 1734 313 Ecclesiarum,

992 343 1007 365 a
1030 330 1144 376 quibus
1160 337 1354 365 mortuorum
1374 338 1502 373 corpora
1522 331 1733 358 assumuntur.

993 451 1066 473 num
1083 438 1170 472 liccat
1195 438 1366 484 praelatum
1381 432 1602 470 monasterium
1619 439 1735 466 temere

995 492 1174 540 perturbare
1199 499 1252 525 etc.

1042 544 1100 580 Dat
1104 572 1162 579 .....
1185 547 1240 588 (l).

1322 710 1407 746 cxl.

1001 786 1168 830 Templum,
1213 786 1294 829 quod
1324 785 1415 818 situm
1454 791 1494 817 est
1523 784 1734 827 lerosolymis,

1043 842 1138 874 variis
1164 839 1327 873 communit
1351 838 1536 882 privilegiis,
1561 838 1734 881 prohibens,

1045 907 1080 929 ne
1105 895 1172 939 quis
1194 906 1260 927 eum
1283 895 1392 932 loctun,
1415 893 1552 936 bonaque
1581 892 1622 924 ad
1650 892 1738 924 Tem-

1042 950 1159 995 plarios
1171 948 1367 994 pertinentia.
1387 947 1539 992 perturbet
1562 948 1618 990 (2).

1262 1016 1474 1047 SUMMAPAL'M

998 1085 1102 1115 Milites
1121 1083 1232 1123 Templi
1256 1084 1353 1113 laudat
1375 1083 1461 1122 quod,
1489 1082 1600 1113 relictis
1628 1082 1739 1112 saeculi

1039 1129 1224 1164 vanitatibus,
1242 1130 1315 1158 viam
1337 1129 1409 1158 vitae
1428 1128 1579 1166 elegerint,
1593 1127 1739 1165 Evangelii

1038 1179 1190 1214 praecepta
1210 1172 1514 1212 sequentesz—Quod
1526 1173 1646 1201 caritate
1661 1172 1740 1201 ducti

1039 1220 1150 1249 animas
1169 1228 1237 1248 suas
1261 1223 1368 1257 ponant
1386 1227 1436 1257 pro
1459 1216 1612 1251 fratribus,
1633 1226 1707 1256 quos
1725 1228 1739 1247 a

1039 1264 1160 1304 paganis
1192 1263 1362 1293 defendunt:
1388 1279 1428 1284 —
1459 1261 1513 1291 Eos
1543 1262 1676 1291 hortatur
1705 1262 1741 1291 ad

1040 1309 1176 1339 tuendam
1195 1308 1371 1337 Catl1‹=licam
1396 1306 1554 1336 Ecclesiam
1574 1310 1670 1335 eontra
1693 1315 1743 1345 pa-

1040 1362 1140 1392 ganos.
1169 1369 1208 1374 —
1237 1351 1314 1381 Bona
1351 1356 1379 1380 et
1405 1350 1610 1390 possessiones
1637 1351 1742 1380 domus

1040 1407 1140 1427 eorum
1160 1396 1214 1426 suh
1243 1396 1326 1426 Sedis
1348 1395 1534 1434 Apostolicae
1565 1395 1743 1433 protectione

1041 1442 1225 1481 suscipiens,
1255 1458 1293 1462 —
1315 1440 1450 1469 Deceruit
1477 1449 1539 1469 eam
1563 1445 1649 1479 capnt
1677 1449 1743 1469 esse

1041 1491 1068 1516 et
1090 1486 1256 1523 magistram
1291 1484 1422 1513 omnium
1451 1484 1580 1513 locorum
1615 1485 1649 1514 ad
1680 1493 1743 1514 eam

1042 1530 1257 1571 pertinentium.
1279 1546 1317 1551 —
1338 1529 1420 1558 Vetat
1436 1538 1472 1558 ne
1494 1529 1601 1568 aliquis
1621 1538 1745 1558 consue-

1043 1576 1158 1606 tudines
1181 1574 1298 1604 Ordinis
1321 1574 1426 1603 audeat
1452 1573 1621 1612 infringere.
1638 1591 1677 1595 —
1703 1574 1745 1603 Ad

1042 1620 1229 1650 stabilitatem
1253 1620 1281 1648 in
1304 1622 1440 1656 suscepta
1473 1617 1613 1655 religione
1636 1617 1745 1647 adhor-

1044 1670 1129 1694 tatur:
1150 1681 1190 1686 —
1206 1664 1245 1693 Ac
1269 1662 1403 1703 prohibet
1421 1671 1456 1691 ne
1485 1662 1590 1701 aliquis
1609 1672 1623 1691 e
1647 1662 1746 1692 fratri-

1045 1708 1100 1738 bus
1116 1713 1181 1748 post
1200 1708 1304 1737 saetam
1322 1706 1545 1746 professionem,
1561 1711 1610 1735 aut
1624 1707 1747 1736 dimisso

1045 1753 1145 1783 habitu
1164 1752 1325 1790 religionis,
1344 1751 1378 1780 ad
1398 1751 1549 1780 saeculum
1568 1751 1683 1787 redeat;
1699 1755 1748 1780 aut

1044 1797 1218 1828 inconsultis
1230 1796 1379 1832 fratribus,
1391 1796 1426 1825 ad
1442 1795 1530 1825 alium
1544 1795 1638 1824 locum
1656 1800 1749 1824 trans-

1045 1847 1098 1872 eat.
1120 1859 1159 1864 —
1179 1841 1286 1871 Eorum
1304 1841 1380 1870 bona
1402 1840 1438 1870 ab
1467 1841 1545 1870 omni
1569 1841 1747 1871 decimarum

1044 1888 1108 1916 iure
1127 1886 1233 1916 eximit.
1254 1902 1294 1907 —
1314 1884 1487 1915 Sacerdotes
1511 1895 1561 1924 pro
1585 1887 1677 1915 sacris
1707 1886 1749 1914 sa-

1045 1931 1156 1961 ciendis
1184 1930 1329 1967 habendi,
1358 1930 1526 1960 facultatem
1549 1931 1690 1959 concedit.
1711 1947 1750 1952 —-

1046 1976 1149 2005 Contra
1169 1974 1288 2004 inutiles
1305 1979 1333 2004 et
1351 1974 1523 2011 turbatores,
1545 1975 1690 2013 quomodo
1706 1975 1749 2004 in-

1047 2020 1219 2050 cedendum.
1241 2036 1279 2042 —
1306 2019 1360 2049 Pro
1379 2028 1478 2048 eorum
1499 2019 1692 2055 ordinatione,
1710 2019 1750 2048 li-

1047 2065 1150 2095 berum
1176 2064 1213 2093 sit
1231 2073 1445 2102 quemcumque
1472 2063 1552 2093 adire
1575 2064 1750 2093 catholicum

1048 2109 1227 2148 episcopum.
1244 2125 1283 2130 —
1299 2107 1404 2137 Clerici
1423 2108 1591 2137 istiusmodi
1609 2109 1703 2138 vivant
1722 2110 1750 2138 iu

1049 2153 1172 2191 collegio
1191 2152 1325 2189 militum,
1347 2152 1467 2181 emissis
1486 2153 1559 2182 votis
1575 2153 1751 2189 stabilitatis,

1049 2206 1162 2228 morum
1191 2196 1388 2226 conversionis
1407 2201 1435 2226 et
1456 2196 1637 2226 obedientiae
1657 2199 1750 2235 magi-

1050 2247 1110 2271 stro
1132 2240 1255 2280 Templi.
1277 2257 1316 2262 -—-
1336 2240 1471 2270 Decernit
1498 2241 1620 2280 insuper
1641 2248 1672 2271 ut
1700 2252 1750 2272 sa-

1050 2290 1195 2317 cramenta
1215 2285 1326 2324 possint
1348 2286 1479 2323 accipere
1502 2286 1609 2315 milites
1640 2286 1752 2326 Templi

1053 2331 1230 2369 ubicumque
1254 2339 1267 2358 a
1295 2329 1446 2359 catholicis
1475 2330 1693 2360 sacerdotibus:
1715 2348 1753 2353 —-

1051 2376 1121 2406 Curn
1139 2375 1203 2404 aliis·
1223 2374 1383 2414 privilegiis
1399 2378 1426 2403 et
1441 2374 1604 2410 favoribus,
1621 2392 1660 2397 -
1674 2375 1753 2410 Quae

1053 2420 1148 2449 omnia
1168 2418 1344 2454 corroborat,
1360 2419 1505 2458 proposita
1523 2421 1755 2449 excommunita-

1054 2463 1141 2493 tionis
1169 2472 1259 2502 poena
1282 2473 1333 2502 pro
1360 2463 1626 2499 inobserwussbus,
1646 2481 1685 2486 -—-
1702 2464 1755 2493 Be-

1054 2508 1219 2538 netlictione
1232 2513 1259 2537 et
1272 2516 1340 2547 pace
1353 2517 1403 2547 pro
1415 2508 1637 2538 observantibus
1652 2510 1691 2547 (n.
1705 2510 1755 2548 τ.).

1052 2570 1089 2604 (i)
1110 2570 1170 2596 Sine
1200 2570 1267 2596 notis
1290 2569 1489 2604 chronologicis.

1528 2571 1566 2605 (⁹2)
1591 2571 1628 2598 Ex
1654 2571 1756 2599 archiv.

1019 2610 1105 2644 Angt„
1125 2611 1244 2646 Rymer„
1262 2614 1325 2637 tom.
1342 2619 1361 2643 1,
1379 2619 1437 2646 pag.
1454 2611 1488 2637 50

1750 214 1795 239 Λη.
1815 213 1841 238 ⁴2.
1863 212 1924 238 ilat
