2180 3205
33 220 86 248 An.
102 221 133 250 C.
151 223 217 249 ¹177

831 219 847 240 Α
855 216 913 240 LEX
921 219 937 239 ,x
944 219 957 236 N
965 218 1025 239 ntitt
1050 218 1083 240 111
1114 218 1160 240 ΙΨ.

1657 207 1720 239 801
1792 218 1840 244 An.
1860 218 1887 245 c.
1906 217 1969 246 ¹177

274 274 351 304 idem
371 273 504 303 Pontifex
521 273 692 303 solemniter
711 272 830 301 missam
855 272 985 301 celebra·
1027 285 1080 317 pos
1105 272 1292 307 Τρῃιιιοῃῑρῑ
1314 273 1418 318 regui,
1441 272 1560 306 seilicet
1582 273 1776 308 venerabiles

274 319 322 353 vit,
344 322 372 347 et
394 318 554 357 imperator
581 317 709 352 adstitit,
737 321 765 345 et
791 317 982 345 reverentiam

273 362 428 400 praestitit.
450 378 489 383 —
509 361 547 390 Dc
571 370 603 389 ea
626 369 695 398 ergo
713 360 855 390 zelatores
875 359 983 388 Domus

272 404 321 435 Dei
345 405 542 443 congaudere,
560 404 676 443 Deoquc
695 403 804 442 gratias
824 412 910 441 agere
929 403 983 432 de-

272 448 351 478 bent.

230 515 363 546 Alexander
378 515 498 554 episcopus
512 524 590 544 servus
606 523 722 544 servorum
740 513 791 551 Dei,
814 512 984 542 venerabilibus

270 559 387 597 iratribus,
407 559 499 597 Rogero
517 559 656 589 Ebur-'reensi
674 558 847 596 archiepiscopo
869 557 984 595 Apostoli-

269 612 310 633 eae
332 604 396 633 Sedis
418 604 505 642 legato,
536 607 558 632 et
587 602 662 641 Ugoni
693 602 843 631 Dunelnicnsi
866 601 983 640 episcopo,

268 647 368 676 salutem
386 650 408 676 et
423 646 574 685 apostolicam
589 645 785 675 benedictionem.

279 712 416 759 Exigunt
442 712 638 759 gratissimae
671 711 849 746 devotionis
881 711 982 746 obse-

40 767 216 806 525‘110ffli0‘2·
230 762 315 809 quia,
336 773 417 809 quae
435 761 527 796 nobis
548 769 578 796 et
598 760 771 802 Ecclesiae,
791 769 851 795 tam
869 760 981 794 devote

31 800 323 858 ssssssiff=⁵”⁶⁰‘¹⁵⁰⁸quam
352 810 549 845 laudabiliter
574 809 757 845 exhibuisse
792 809 981 847 noscimini,

229 867 264 894 ut
279 859 387 894 felices
399 871 566 894 successus
594 858 755 893 Ecclesiae
777 858 878 898 vobis,
900 858 982 892 sicut

228 908 418 954 specialibus
439 916 471 943 et
491 908 612 943 devotis
639 906 799 942 Ecclesiae
827 906 899 940 filiis
913 907 981 953 spi-

229 958 407 1001 ritualibus,
433 956 668 996 describamus;
690 968 763 990 cum
787 956 919 1001 dignum
941 955 981 990 sit

227 1014 259 1040 et
284 1006 488 1045 conveniens,
510 1014 541 1040 et
567 1006 748 1049 honesturn,
775 1013 809 1039 ut
836 1016 917 1050 quos
939 1004 980 1038 ita

228 1054 397 1090 habuimus
424 1056 454 1090 in
482 1062 588 1089 nostra
620 1053 788 1089 devotione
816 1053 924 1088 firmos
950 1061 981 1087 et

227 1103 369 1145 stabiles,
392 1105 432 1139 de
452 1104 662 1151 prosperitate
690 1110 794 1137 nostra
822 1110 853 1136 et
880 1102 980 1149 ipsius

227 1152 390 1188 Ecclesiae
415 1153 585 1188 reddamus
607 1152 723 1186 hilares
743 1160 773 1186 et
793 1151 979 1198 gaudentes.

227 1201 320 1248 Agite
342 1203 447 1249 itaque
469 1214 531 1236 una
553 1201 720 1235 nobiscum
743 1200 859 1246 gratias
876 1201 981 1234 omni-

228 1251 348 1297 potenti
370 1251 451 1292 Deo,
475 1251 527 1298 qui
554 1250 674 1285 habitat
702 1250 732 1284 in
754 1249 928 1293 altissimis,
950 1257 981 1283 et

227 1299 358 1335 humilia
385 1300 512 1347 respicit
544 1300 582 1334 de
615 1299 780 1346 supernis,
819 1298 858 1333 de
893 1298 981 1332 cuius

228 1361 362 1385 munere
384 1349 480 1388 venit,
501 1356 536 1383 ut
557 1348 682 1395 Sponsa
703 1360 760 1382 sua
783 1355 979 1382 sacrosancta

229 1397 384 1438 Ecclesia,
405 1398 458 1432 diu
480 1397 615 1444 graviter
637 1396 819 1443 procellosis
834 1395 982 1431 fluctibus

229 1455 261 1481 et
286 1446 477 1482 validissima
505 1454 687 1493 tempestate
713 1453 870 1492 quassata,
898 1457 981 1479 nune

230 1495 356 1531 tandem
377 1503 502 1543 portum
521 1495 630 1529 salutis
651 1495 800 1541 attigerit,
819 1502 849 1528 et
866 1493 982 1540 pacatis

230 1544 444 1580 saevientibus
471 1544 634 1590 procellis,
661 1543 765 1578 debita
793 1551 823 1578 et
849 1542 982 1577 deside-

232 1601 296 1629 rata
318 1594 544 1641 tranquillitate
569 1593 712 1627 laetetur.

78 1670 82 1674 .
280 1643 365 1678 Sane
391 1642 581 1678 duodecimo
605 1642 666 1676 kal.
695 1640 839 1675 instantis
865 1640 982 1674 mensis

35 1695 106 1748 ¹22¹?
133 1696 217 1747 ⁸¹¹0‘2}
232 1691 377 1738 augusti,
399 1692 438 1727 de
457 1691 605 1726 mandato
627 1690 778 1725 carissimi
802 1690 831 1723 in
854 1689 982 1723 Christo

35 1730 220 1786 eiistffissn'ssfl
235 1741 288 1776 filii
315 1741 411 1775 nostri
437 1740 591 1775 Friderici
619 1739 731 1774 illustri
764 1738 980 1772 Romanorum

35 1789 220 1841 ffmfgssfffffi
234 1790 448 1837 imperatoris,
469 1788 686 1836 praesentibus
708 1786 903 1834 principibus
930 1798 984 1821 ec-

65 1826 77 1847 ⁹
177 1836 182 1841 ⁴
232 1839 435 1883 clesiasticis,
462 1846 494 1873 et
523 1837 617 1872 etiam
645 1835 859 1872 saecularibus
896 1836 984 1870 Teu-

233 1888 352 1924 thonici
378 1888 486 1935 regni,
510 1886 636 1934 publice
658 1886 688 1920 in
716 1886 819 1920 anima
842 1884 927 1928 eius,
951 1884 981 1918 in

234 1939 409 1985 praesentia
428 1944 546 1978 nostra,
565 1947 670 1970 coram
690 1945 857 1969 numerosa
878 1933 984 1967 homi-

233 1999 310 2021 num
335 1986 536 2022 multitudine
559 1985 799 2031 praestiterunt,
822 1983 912 2017 tactis
933 1994 984 2016 sa—

234 2038 408 2072 crosanctis
435 2034 627 2081 Evangeliis,
650 2034 875 2071 iuramentum,
898 2030 983 2078 quod

235 2095 403 2133 postquam
430 2084 512 2119 idem
541 2084 712 2131 imperator
738 2081 858 2117 veniret
879 2080 985 2115 Vene-

235 2135 313 2175 tiae»,
346 2134 432 2169 omni
464 2133 648 2181 quaestione
674 2140 704 2167 et
738 2129 985 2166 contradictione

235 2185 348 2230 sopita,
366 2195 475 2231 pacem
496 2181 672 2220 Ecclesiae,
694 2181 776 2215 sicut
794 2191 849 2226 per
874 2178 986 2213 fratres

237 2241 361 2268 nostros
386 2241 416 2267 et
438 2231 597 2279 principes
617 2242 694 2265 suos
715 2228 865 2276 disposita
888 2235 934 2262 est
955 2235 986 2261 et

236 2289 383 2327 tractata,
416 2289 448 2316 et
473 2292 583 2327 pacem
610 2278 763 2314 carissimi
795 2278 827 2312 in
859 2275 986 2310 Christo

236 2330 292 2365 filii
315 2331 414 2366 nostri
435 2329 589 2364 Wiltelmi
610 2327 740 2363 illustris
756 2325 884 2361 Siciliae
902 2336 987 2370 regis

237 2392 338 2427 usque
365 2378 404 2414 ad
430 2378 614 2426 quindecim
641 2388 759 2420 annos,
786 2383 817 2410 et
843 2382 986 2421 treguam

236 2428 520 2476 Longobardorum
550 2438 651 2474 usque
677 2425 715 2461 ad
738 2436 793 2459 sex
819 2436 931 2463 annos,
955 2422 986 2456 in

237 2478 342 2513 anima
367 2489 442 2518 sua,
468 2484 499 2511 et
524 2476 617 2511 etiam
644 2487 660 2510 a
689 2472 888 2522 principibus
920 2471 988 2506 suis

238 2526 366 2571 faceret,
391 2526 474 2562 sicut
494 2525 525 2560 in
553 2525 671 2572 scripto
698 2523 785 2570 pacis
806 2530 836 2556 et
857 2529 987 2567 treguae

237 2577 429 2620 continetur,
455 2575 630 2610 iuramento
652 2572 777 2608 firmari.
804 2570 844 2605 Et
873 2571 989 2617 princi-

317 2632 393 2665 Ball.
415 2631 493 2662 Rom.
516 2630 571 2661 Vol.
594 2630 624 2660 ΙΙ
792 2629 845 2658 101

1027 322 1136 355 fratres
1159 322 1255 355 nostri
1285 322 1578 367 ,lligdebnrgcnsiffi
1601 321 1776 356 Colonien-

1025 371 1084 408 sis,
1120 379 1149 403 et
1184 370 1382 404 Christianus
1417 371 1518 404 dictus
1552 371 1774 416 Moguntintis,

1024 419 1266 465 archiepiscopi,
1289 427 1319 453 et
1339 420 1466 466 quidam
1486 420 1535 454 alii
1556 420 1585 454 in
1600 420 1704 454 anima
1719 433 1773 454 sua

1027 481 1081 515 pro
1109 480 1142 502 se
1170 469 1271 502 iurare
1294 468 1445 502 feceruut.

1073 517 1163 550 Nouo
1190 529 1261 551 vero
1289 516 1412 551 kalend.
1450 517 1575 563 augusti
1616 517 1972 564 praefatusrunewdem

1025 566 1215 612 imperator,
1240 566 1320 600 sicut
1347 574 1512 601 tractatum
1542 566 1643 601 suerat
1664 574 1695 600 et
1721 556 1972 609 ‹li-ss'ssss'ssssfiffssssssf'ff:

1023 616 1192 661 spositum,
1215 615 1298 648 venit
1320 615 1356 649 ad
1379 616 1545 650 ecclesiam
1570 615 1606 649 B.
1635 615 1772 659 Nicolai,
1787 617 1896 637 ⁸⁵⁵0¹⁰¹¹¹⁸
1921 616 1970 641 ’Μ’

1023 676 1103 711 quae
1124 675 1178 710 per
1200 675 1297 698 unum
1315 664 1447 698 milliare
1466 664 1558 698 distat
1580 675 1596 698 a
1619 663 1772 707 Venetiis,

1023 721 1053 747 et
1073 712 1114 746 ibi
1138 721 1198 746 tam
1223 712 1288 758 ipse
1310 725 1404 759 quam
1430 713 1678 759 archiepiscopi,
1701 713 1773 760 epi-

1022 761 1127 808 scopi,
1150 769 1180 795 et
1201 760 1252 794 alii
1276 761 1435 808 principes
1455 761 1644 796 Teutlionici
1669 763 1773 807 regni,

1023 809 1287 845 abrenunciantes
1313 810 1486 849 schismati,
1510 822 1565 857 per
1582 810 1692 845 fratres
1715 823 1774 845 no-

1022 868 1102 894 stros
1125 858 1292 905 episcopos
1314 866 1345 892 et
1369 859 1543 894 cardinales
1561 859 1600 894 de
1625 859 1773 894 mandato

1022 916 1142 952 nostro,
1164 907 1385 954 praesentibus
1407 907 1595 954 quibusdam
1617 908 1700 952 aliis,
1721 908 1774 942 ab·

1021 957 1191 992 solutionis
1212 956 1400 991 beneficium
1424 965 1617 991 meruerunt.

1069 1005 1194 1040 Deinde
1221 1013 1373 1039 venerunt
1398 1005 1557 1046 Venetias‚
1583 1014 1614 1039 et
1636 1005 1676 1039 ibi
1699 1013 1771 1039 ante
1799 1010 1961 1046 obedientiam-

1021 1055 1186 1089 ecclesiam
1207 1054 1246 1088 B.
1269 1054 1364 1089 Marci
1380 1054 1560 1101 praedictus
1582 1054 1771 1101 imperator,
1786 1041 1974 1096 ᾚρξζζζῗθῗῗξῖ

1021 1104 1185 1138 innumera
1207 1103 1408 1138 multitudine
1434 1103 1571 1138 virorum
1599 1111 1630 1137 et
1651 1103 1771 1137 mulie·
1787 1106 1861 1126 nahum

1021 1165 1090 1187 rum
1114 1160 1289 1198 praesente,
1307 1160 1338 1186 et
1358 1152 1417 1186 alta
1438 1164 1515 1187 voce
1533 1151 1684 1187 reddente
1698 1164 1773 1197 gra-

1022 1202 1079 1236 tias
1119 1209 1150 1235 et
1187 1200 1295 1235 laudes
1335 1200 1520 1242 Altissimo,
1559 1201 1650 1235 nobis
1692 1201 1773 1235 sicut

1020 1249 1155 1285 Summo
1177 1249 1322 1284 Pontifici
1345 1249 1556 1285 obedientiam
1578 1258 1608 1285 et
1631 1261 1774 1284 reveren-

1022 1300 1095 1334 tiam
1132 1298 1294 1333 humiliter
1331 1307 1362 1333 et
1395 1307 1572 1334 reverenter
1606 1298 1771 1333 exhibuit:

1021 1357 1051 1384 et
1074 1356 1200 1395 recepto
1222 1360 1239 1382 a
1263 1347 1353 1382 nobis
1376 1348 1460 1394 pacis
1487 1347 1608 1389 osculo,
1631 1360 1688 1382 nos
1715 1347 1774 1381 de-

1023 1406 1091 1432 vote
1113 1396 1265 1432 dextravit
1282 1399 1338 1440 (t),
1366 1404 1396 1431 et
1416 1409 1488 1432 cum
1511 1397 1696 1440 reverentia,
1712 1408 1773 1443 qua

1022 1446 1145 1487 decuit,
1172 1454 1202 1480 et
1228 1446 1413 1487 devotione,
1441 1457 1541 1493 usque
1563 1445 1602 1480 ad
1624 1445 1719 1480 altare
1743 1445 1772 1479 in

1022 1495 1187 1530 ecclesiam
1210 1494 1395 1529 introduxit.

1072 1543 1224 1591 Sequenti
1245 1555 1318 1578 vero
1345 1543 1408 1584 die,
1431 1543 1462 1577 in
1486 1543 1566 1578 festo
1589 1543 1624 1577 Β.
1647 1542 1771 1582 Iacobi,
1801 1554 1831 1574 Ac
1867 1554 1904 1574 sub
1937 1559 1975 1574 fle-

1022 1593 1061 1628 ab
1087 1593 1198 1628 eodem
1227 1592 1415 1639 imperatore
1438 1593 1552 1638 rogati,
1580 1592 1618 1626 ad
1647 1591 1772 1638 praedi-
1787 1584 1972 1635 fflugg‘epfiffiffji

1023 1651 1102 1677 ctam
1131 1641 1296 1677 ecclesiam
1318 1641 1351 1676 S.
1375 1641 1470 1676 Marci
1499 1641 1653 1676 solemnia
1681 1641 1771 1675 cele—
1787 1645 1911 1665 ⁵0¹⁶¹1¹¹¹i¹0s
1924 1645 1974 1677 mis-

1023 1691 1140 1726 braturi
1172 1691 1341 1725 Missarum
1376 1690 1577 1725 accessimus.
1607 1689 1645 1724 Et
1680 1675 1969 1731 iioliisssimcffiff'e'ssiiif'

1024 1740 1098 1775 illuc
1114 1739 1314 1775 venientibus
1329 1739 1485 1786 praefatus
1502 1740 1673 1785 imperator
1686 1746 1772 1772 extra
1786 1737 1913 1788 ζξζὲὲὶζάηξῑ
1928 1741 1971 1786 :aee

1023 1789 1187 1824 ecclesiam
1215 1788 1337 1822 obviam
1361 1789 1462 1832 venit,
1485 1797 1515 1823 et
1540 1788 1651 1822 dextro
1679 1787 1773 1821 latere
1788 1799 1850 1819 siun.
1912 1773 1924 1793 Ρ
1963 1779 1972 1786 ’

1025 1847 1132 1873 nostro
1154 1838 1265 1871 devote
1287 1845 1444 1883 suscepto,
1466 1849 1524 1872 nos
1547 1837 1577 1870 in
1607 1835 1773 1870 ecclesiam

1025 1886 1208 1921 introduxit.
1236 1886 1275 1920 Et
1302 1886 1437 1932 peractis
1463 1886 1629 1920 Missarum
1658 1884 1776 1919 solem-

1024 1940 1095 1981 niis,
1118 1952 1176 1974 nos
1198 1951 1298 1986 usque
1331 1939 1368 1973 ad
1397 1939 1496 1986 ipsius
1522 1938 1674 1973 ecclesiae
1701 1950 1778 1984 por-

1025 2002 1086 2028 tam
1109 1993 1272 2028 dextravit.
1294 1992 1335 2027 Et
1358 2005 1430 2027 cum
1458 1992 1703 2028 ascenderemus
1719 2003 1778 2037 pa-

1025 2047 1179 2082 lefredum
1211 2054 1355 2081 nostrum
1384 2045 1426 2079 ibi
1452 2054 1613 2093 paratum,
1634 2044 1776 2090 stapham

1027 2101 1137 2142 tenuit,
1160 2108 1191 2135 et
1212 2112 1338 2135 omnem
1358 2099 1512 2134 honorem
1525 2106 1557 2133 et
1571 2097 1778 2132 reverentiam

1027 2154 1119 2189 nobis
1140 2152 1292 2197 exhibuit,
1311 2164 1403 2199 quam
1427 2151 1687 2199 praedecessores
1709 2151 1777 2185 eius

1026 2207 1141 2243 nostris
1162 2212 1395 2241 consueverunt
1420 2203 1689 2239 antecessoribus.

1074 2261 1144 2295 Erit
1165 2260 1270 2306 itaque
1291 2258 1503 2294 solicitudinis
1525 2265 1656 2297 vestrae,
1683 2256 1777 2291 nobis
1805 2261 1979 2288 Denergoze-

1793 2293 1873 2313 latores
1899 2292 1978 2313 Domus

1026 2323 1056 2349 et
1077 2314 1239 2348 Ecclesiae
1262 2312 1293 2346 in
1313 2311 1472 2358 prosperis
1487 2309 1687 2345 successibus
1700 2322 1779 2344 con-
1793 2323 1830 2344 Dei
1854 2324 1978 2348 congaude-

1028 2368 1188 2414 gaudere,
1214 2374 1245 2401 et
1271 2366 1417 2400 effectum
1446 2364 1532 2411 pacis
1558 2364 1628 2398 aliis
1656 2362 1778 2398 devotis
1792 2354 1922 2411 ξζςῦξζὲξξ
1933 2359 1980 2405 ῗῖζ

1028 2420 1188 2455 Ecclesiae
1210 2419 1283 2453 filiis
1304 2418 1439 2465 aperire,
1458 2425 1493 2451 ut
1515 2417 1559 2461 hi,
1586 2429 1666 2464 quos
1689 2417 1778 2452 zelus
1793 2416 1852 2436 '³⁶¹¹‘-

1029 2475 1151 2509 Domus
1172 2472 1300 2507 Domini
1328 2471 1444 2517 tangit,
1471 2471 1510 2505 de
1533 2472 1618 2517 pacis
1645 2482 1778 2505 munere

1063 2544 1102 2579 (¹)
1119 2545 1262 2573 Dextrum,
1284 2541 1352 2568 idem
1366 2544 1407 2568 est
1421 2548 1452 2567 ac
1467 2544 1506 2567 ire
1522 2549 1538 2567 a
1553 2543 1662 2573 dextris,
1681 2547 1727 2567 seu
1739 2544 1778 2567 te-

1028 2593 1089 2617 ncre
1105 2586 1173 2610 tarcis
1188 2585 1324 2608 dextrum.
1346 2584 1383 2616 (n.
1401 2581 1440 2617 T.)
1630 2581 1634 2584 ⁴
