2180 3205
124 232 174 259 Aa.
188 232 215 259 tf,
237 231 307 259 1073

152 691 268 712 simoniaci
297 696 309 711 a

134 718 301 739 Cuive-lonensi

125 750 137 764 o
144 746 215 764 mitio
253 744 309 764 dnm-

124 771 178 792 nati.

153 1080 210 1103 Quae
227 1081 271 1101 Deo
281 1078 311 1099 of-

127 1106 144 1125 se
150 1110 234 1129 nititur.
249 1111 311 1127 sacra

126 1133 190 1158 liunt:

153 1317 233 1339 Eodem
249 1317 311 1338 modo

127 1346 164 1370 qui
179 1351 262 1364 sacrum
278 1351 312 1364 or-

127 1371 210 1395 dinem,
230 1377 254 1391 ac
276 1371 311 1397 qui

127 1403 209 1418 sacrani
239 1397 312 1417 Eccle-

126 1424 171 1444 siae
195 1429 240 1443 rem
264 1430 312 1444 ven-

127 1450 184 1472 dunt,
195 1452 226 1470 tel
234 1453 312 1471 emunt.

155 1665 236 1686 Divisio
244 1666 313 1686 reddi-

128 1694 184 1712 tunm
213 1693 313 1713 ecclesia-

127 1719 227 1738 sucorum
237 1720 313 1745 iuqua-

128 1748 175 1765 tuor
196 1748 268 1770 partes
284 1747 313 1766 sa-

128 1771 211 1792 cienda.

144 2243 240 2263 Situs-nia
259 2244 316 2263 ilam-

130 2273 180 2288 nnffl
203 2276 222 2289 tn
246 2269 316 2289 Veturi

131 2296 274 2316 'testanti-nto.

386 203 432 237 52

335 269 519 309 cederetur:
542 267 601 303 nisi
628 266 668 312 ei,
690 265 744 314 qui
772 265 901 311 profano
931 265 1083 312 pecuniae

336 330 466 354 munere
483 317 559 352 illud
581 328 687 351 emere
705 315 897 351 studuisset:
921 314 1014 350 fiebat
1029 315 1086 349 Ec-

335 367 450 412 clesia,
482 376 513 402 et
540 378 589 401 res
623 366 692 400 eius
731 365 772 399 ita
809 363 951 404 venalis,
990 364 1083 399 veluti

335 416 488 463 quaedam
510 424 633 450 terrena
655 423 686 448 et
706 414 775 449 vilis
802 426 889 448 merx
910 426 927 448 a
949 414 1086 460 negotia-

335 466 457 500 toribus
488 465 528 500 ad
569 462 770 499 vendendum
802 463 954 510 exposita.
992 462 1085 505 Quod

334 516 465 559 malum,
486 526 580 562 quam
602 513 798 554 detestabile,
831 520 985 559 quantum
1017 511 1085 546 Deo

334 564 513 611 sanctisque
531 563 572 597 sit
591 563 795 603 contrarium,
810 569 842 596 et
854 561 933 596 sacri
948 573 1085 596 canones

333 614 460 657 docent,
471 622 501 648 et
515 613 578 648 fere
588 612 737 647 omnibus
750 611 954 646 manifestum
968 611 1082 645 existit.

333 663 594 698 Chalcedonense
617 673 753 709 namque
774 660 957 700 concilium,
986 672 1084 694 unum

333 725 372 747 ex
398 711 640 760 principalibus,
662 710 756 745 simili
778 721 880 757 poena
895 708 1086 744 condemnat

333 774 410 803 eos,
437 761 492 808 qui
519 772 639 795 sacram
675 771 787 794 manus
828 758 1085 806 impositionem,

333 823 391 858 per
427 823 522 858 quam
555 809 711 857 Spiritum
747 808 899 843 Sanctum
941 807 1085 848 confert,

333 860 467 895 mercari
488 860 727 905 dignoscuntur.
748 857 907 904 Utrosque
929 857 1014 891 enim
1029 869 1086 891 au-

333 909 482 944 thoritate
503 907 742 955 inexpugnabili
770 907 841 942 illos
866 919 883 941 a
908 905 1085 946 beneficio,

334 961 411 994 istos
432 970 520 994 sacro
541 957 652 992 ordine
667 957 752 991 iubet
772 955 893 1003 repelli.
915 954 1085 989 Sacrorum

333 1020 408 1043 vero
418 1019 575 1043 canonum
588 1006 776 1041 authoritate
790 1006 952 1043 docemur,
968 1004 1086 1048 omnia,

333 1069 415 1105 quae
439 1057 508 1092 Deo
535 1056 582 1090 vel
609 1056 676 1090 eius
702 1054 862 1089 Ecclesiae
898 1053 1086 1097 offeruntur,

333 1119 420 1142 sacra
447 1106 513 1141 fieri
531 1105 597 1152 ipsa
614 1104 788 1143 oblatione;
815 1102 964 1149 nullaque
982 1110 1086 1137 autem

333 1168 422 1191 sacra
444 1155 511 1190 fieri
538 1161 670 1201 possunt
692 1153 750 1187 nisi
773 1152 891 1199 Spiritu
918 1151 1048 1195 Sancto⁷
1071 1163 1087 1185 a

334 1217 398 1252 quo
435 1203 540 1240 omnis
575 1202 781 1237 sanctificatio
814 1200 968 1248 procedit.
1007 1200 1088 1234 Nam

334 1255 414 1289 sicut
434 1253 539 1288 omnis
560 1251 720 1299 quaelibet
742 1263 802 1291 res,
816 1262 888 1285 cum
906 1249 1087 1297 imperatori

334 1304 485 1343 defertur,
512 1301 685 1348 imperialis
706 1300 856 1340 efficitur3
883 1299 929 1334 sic
955 1311 1026 1333 cum
1051 1311 1088 1333 ex

335 1361 407 1388 voto
420 1353 486 1387 Deo
500 1351 546 1385 vel
565 1350 681 1385 sanctis
694 1349 834 1393 offertur,
856 1348 961 1382 divina
983 1360 1018 1382 ac
1033 1360 1089 1395 per

335 1402 396 1437 hoc
406 1400 599 1436 sanctificata
611 1399 824 1446 cognoscitur.
837 1397 905 1431 Non
920 1397 1014 1443 igitur
1028 1398 1089 1431 mi-

335 1464 417 1494 rum,
432 1451 458 1486 si
478 1449 542 1497 pari
559 1460 659 1495 poena
673 1447 862 1494 constringit
883 1459 947 1486 eos,
970 1446 1023 1493 qui
1035 1455 1089 1481 aut

335 1512 458 1535 sacrum
475 1498 630 1538 ordinem,
645 1505 698 1532 aut
711 1509 829 1531 sacram
849 1508 914 1530 rem
930 1495 1089 1531 Ecclesiae

335 1549 470 1584 vendere
496 1560 554 1582 seu
581 1559 685 1581 emere
703 1545 830 1589 audent,
848 1557 919 1579 cum
940 1553 1087 1579 neutrum

335 1598 397 1633 nisi
419 1597 528 1633 Sancti
555 1596 692 1643 Spiritus
713 1595 796 1629 dono
823 1594 922 1629 valeat
942 1594 1086 1628 sanctifi-

336 1648 410 1682 cari.
425 1647 591 1681 Praeterea
604 1657 676 1680 eum
688 1656 847 1679 sacrorum
860 1655 1016 1678 canonum
1031 1655 1089 1677 au-

335 1696 467 1731 thoritas
489 1703 624 1742 quatuor
644 1706 682 1728 ex
700 1693 794 1728 rebus
806 1692 969 1727 Ecclesiae
985 1692 1089 1727 iuheat

335 1745 402 1780 fieri
436 1745 610 1792 portiones,
637 1755 771 1789 quarum
795 1754 855 1776 una
884 1741 1088 1788 pauperibus,

335 1794 431 1829 altera
449 1793 576 1828 fabricis
586 1792 799 1827 Ecclesiarum
811 1791 850 1825 sit
865 1790 1088 1837 impendenda,

337 1844 426 1878 tertia
442 1843 604 1889 episcopo,
622 1849 729 1888 quarta
743 1840 866 1875 clericis
887 1839 1088 1880 conserenda;

336 1893 419 1927 sicut
439 1891 633 1939 pauperibus
647 1889 799 1924 Ecclesiis
820 1888 963 1935 singulae
986 1896 1090 1935 partes

336 1942 433 1988 gratis
459 1949 533 1975 sunt
558 1938 792 1982 concedendae,
817 1938 857 1972 ita
883 1949 1010 1984 quoqne
1037 1950 1090 1972 re-

336 1991 441 2038 liquae
475 1997 580 2036 partes
607 2000 665 2023 nec
686 1987 725 2022 ab
752 1988 820 2033 ipso
855 1988 1006 2033 episcopo
1042 1987 1089 2021 vel

338 2040 423 2075 clero
443 2047 517 2073 sunt
536 2037 729 2080 retinendae,
743 2044 797 2071 aut
812 2035 1011 2075 vendendae;
1034 2035 1089 2070 sed

338 2089 383 2124 eis
406 2100 462 2135 pro
477 2086 641 2133 Evangelii
667 2092 847 2133 praecepto,
869 2092 900 2119 et
926 2084 1019 2118 officii
1041 2084 1089 2119 sui

339 2137 445 2172 labore
461 2136 574 2171 eodem
591 2135 685 2170 modo
700 2134 919 2169 conferendae.
936 2133 970 2167 ln
983 2133 1089 2168 Veteri

339 2198 467 2233 quoque
498 2185 700 2220 Testamento
735 2195 808 2218 cum
851 2183 955 2217 adhuc
992 2183 1090 2228 gratia

338 2234 501 2281 Evangelii
524 2246 587 2269 non
610 2240 790 2268 coruscaret
816 2232 850 2266 in
876 2231 1014 2271 mundo,
1045 2232 1091 2265 le-

340 2284 446 2330 gimus
477 2283 581 2318 scelus
612 2283 672 2317 hoc
699 2289 852 2328 quantum
879 2280 1092 2315 abominabile

340 2341 434 2376 esset⁷
455 2345 527 2367 cum
550 2340 691 2379 tempore
712 2330 876 2365 Ieroboam
898 2330 1091 2377 quicumque

340 2381 474 2421 volebat,
496 2381 646 2428 implebat
671 2392 801 2414 manum
824 2391 926 2423 suam,
947 2386 978 2413 et
1000 2378 1093 2412 fiebat

340 2430 486 2465 sacerdos
504 2429 717 2469 excelsorum3
736 2436 767 2463 et
786 2437 913 2475 propter
925 2428 1006 2461 hanc
1018 2439 1093 2461 cau-

341 2491 408 2514 sam
430 2479 570 2525 peccavit
598 2478 712 2512 domus
741 2477 916 2516 Ieroboam,
939 2485 970 2511 et
991 2475 1092 2509 deleta

341 2536 389 2563 est
419 2528 458 2562 de
488 2526 657 2574 superficie
683 2535 794 2561 terrae.
824 2525 858 2560 Si
887 2537 960 2559 vero
981 2525 1094 2559 domus

920 210 1112 234 numinum!
1135 210 1299 233 nonttxmt

1126 265 1285 312 accipiens
1307 263 1517 299 constituebat
1543 264 1720 300 sacerdotes
1755 264 1785 300 in
1822 277 1881 301 ex-

1127 314 1231 354 celsis,
1248 326 1310 348 non
1323 314 1478 348 immerito
1493 313 1532 348 de
1545 314 1624 348 libro
1639 315 1719 349 vitae
1737 315 1882 350 caelestis

1126 376 1236 398 eorum
1270 364 1397 398 nomina
1433 362 1590 402 delentur,
1618 364 1672 410 qui
1700 363 1881 399 interventu

1127 413 1278 459 pecuniae
1305 412 1483 447 sacerdotes
1510 411 1557 446 vel
1579 412 1710 447 clericos
1732 413 1762 447 in
1785 413 1881 448 domo

1126 462 1183 497 Dei
1207 463 1412 497 constituunt.
1428 461 1511 496 Puto
1526 461 1623 501 enim,
1642 462 1727 508 quod
1748 461 1779 496 hi
1801 463 1880 498 tales

1127 524 1287 559 nunquam
1316 511 1520 546 adverterunt
1547 510 1730 546 Psalmistae
1752 521 1882 547 senten-

1127 561 1213 602 tiam,
1236 561 1388 596 dicentis:
1412 560 1494 602 Quia
1517 572 1579 595 uon
1595 561 1728 607 cognovi
1747 562 1883 607 negotia-

1127 610 1257 651 tionem,
1284 610 1418 645 introibo
1441 611 1471 644 in
1497 609 1652 656 potentias
1674 610 1802 644 Domini
1825 614 1880 654 (a).

1128 659 1205 694 Nam
1228 661 1252 694 si
1281 660 1352 707 quis
1374 659 1445 694 ideo
1468 659 1562 693 intrat
1589 659 1619 692 in
1643 659 1800 706 potentias
1814 660 1882 694 Do-

1126 709 1217 752 mini,
1244 710 1317 757 quia
1351 721 1412 743 non
1441 708 1588 754 cognovit
1615 709 1879 755 negotiationem3

1127 766 1234 805 aperte
1255 758 1461 805 consequitur
1475 785 1483 797 ,
1507 765 1540 791 ut
1561 769 1624 792 non
1644 758 1739 792 intret
1762 758 1793 792 in
1815 770 1880 799 eas,

1127 808 1181 854 qui
1196 808 1435 854 negotiationeS„
1450 807 1585 841 maxime
1598 807 1881 857 ecclesiasticarum

1128 868 1244 897 rerum,
1273 869 1335 891 non
1359 856 1461 891 solum
1490 856 1685 902 cognoverit,
1711 856 1767 891 sed
1786 857 1878 892 etiam

1128 906 1312 941 exercuerit.
1348 906 1383 940 In
1415 905 1508 940 Novo
1539 912 1643 940 autem
1678 905 1882 941 Testamento

1128 955 1256 990 humaui
1272 955 1396 1002 generis
1407 955 1604 1001 Redemptor
1614 966 1725 989 omnes
1739 964 1882 990 ementes

1128 1012 1157 1038 et
1180 1004 1350 1039 vendentes
1369 1004 1408 1039 de
1423 1003 1542 1051 templo
1560 1003 1701 1044 enciens,
1716 1004 1883 1039 cathedras

1129 1054 1332 1088 vendentium
1360 1053 1524 1088 columbas
1550 1053 1671 1095 evertit,
1700 1054 1884 1089 nummula-

1129 1103 1247 1137 riorum
1273 1102 1383 1137 effudit
1404 1114 1467 1143 aes,
1496 1102 1654 1149 praecepti
1684 1102 1733 1136 sui
1758 1103 1881 1138 autho-

1130 1152 1219 1186 ritate
1240 1151 1448 1192 denuncians,
1470 1159 1501 1186 et
1518 1151 1640 1186 dicens:
1662 1151 1767 1186 Nolite
1782 1152 1885 1187 facere

1129 1200 1259 1236 domum
1268 1201 1370 1235 Patris
1382 1201 1442 1236 mei
1457 1201 1587 1235 domum
1602 1200 1884 1247 negotiationis(b).

1129 1250 1164 1284 ln
1187 1262 1250 1297 quo
1272 1249 1443 1285 Salvatoris
1465 1250 1545 1285 facto
1571 1249 1736 1296 vigilanter
1762 1259 1810 1286 est
1827 1250 1886 1285 ad-

1129 1299 1327 1339 vertendum,
1361 1300 1443 1346 quod
1478 1311 1541 1333 non
1576 1298 1692 1333 dicitur
1720 1300 1886 1340 cathedras

1132 1348 1332 1383 vendentium
1357 1349 1504 1393 movisse,
1519 1347 1574 1382 sed
1589 1348 1750 1383 evertisse.
1765 1349 1883 1384 Levius

1131 1398 1239 1444 utique
1275 1397 1439 1432 ferendum
1474 1404 1567 1437 esset,
1592 1396 1617 1431 si
1646 1397 1755 1432 talium
1784 1410 1885 1445 nego-

1130 1446 1276 1481 tiatorum
1304 1447 1471 1481 cathedrae
1499 1455 1709 1487 moverentur,
1735 1459 1831 1493 quam
1858 1447 1884 1482 si

1130 1503 1355 1530 everterentur.
1378 1495 1468 1530 Sicut
1485 1507 1542 1542 per
1558 1495 1709 1530 Ioannem
1726 1495 1885 1531 dominica

1130 1557 1205 1579 voce
1220 1544 1342 1590 Angelo
1365 1545 1447 1579 idem
1466 1544 1669 1591 praedicatori
1688 1545 1806 1592 Ephesi
1822 1546 1886 1580 Ec-

1130 1594 1243 1628 clesiae
1257 1594 1387 1628 dieitur:
1404 1595 1470 1640 Age
1488 1593 1723 1641 poenitentiam,
1739 1603 1768 1629 et
1784 1595 1885 1641 prima

1903 221 1952 248 An.
1968 221 1996 249 C.
2020 220 2086 249 1073

1130 1655 1225 1690 opera
1248 1644 1310 1683 sac3
1333 1643 1484 1691 alioquin,
1507 1642 1629 1677 veniam
1645 1643 1683 1678 ad
1706 1652 1746 1683 te,
1769 1653 1800 1678 et
1823 1656 1886 1678 mo·
1929 1640 1931 1642 ’

1131 1693 1209 1727 veho
1235 1692 1458 1727 candelabrum
1483 1701 1571 1730 tuum
1598 1692 1637 1726 de
1663 1693 1732 1728 loco
1753 1705 1812 1728 suo
1836 1697 1882 1737 (c).

1131 1741 1211 1775 lllud
1234 1753 1360 1789 quoque
1374 1742 1404 1775 in
1421 1742 1531 1776 eodem
1554 1741 1634 1776 facto
1656 1742 1788 1777 sollicite
1807 1754 1886 1777 con-

1131 1790 1276 1830 siderate,
1313 1790 1397 1837 quod
1426 1803 1482 1837 per
1508 1798 1607 1825 totum
1636 1798 1751 1826 testum
1785 1792 1884 1826 sancti

1131 1839 1294 1886 Evangelii
1326 1852 1482 1886 nusquam
1513 1840 1682 1886 reperitur,
1710 1841 1884 1875 Dominum

1132 1896 1213 1923 tanta
1236 1889 1410 1930 severitate,
1431 1897 1493 1923 tam
1520 1888 1660 1923 districta
1682 1902 1814 1924 censura
1835 1890 1884 1924 iu-

1131 1937 1233 1972 stitiae
1268 1945 1436 1985 peccantes
1463 1938 1677 1984 corripuisse,
1710 1951 1783 1974 cum
1821 1951 1885 1973 non

1131 1986 1233 2021 solum
1266 1987 1392 2033 eloquio
1427 1987 1615 2033 increpans,
1648 1999 1754 2022 verum
1790 1987 1885 2022 etiam

1132 2035 1211 2070 facto
1230 2035 1352 2081 flagello
1368 2035 1407 2070 de
1421 2036 1567 2070 funiculis
1589 2036 1756 2070 verberans
1775 2049 1886 2071 omncs

1131 2084 1301 2119 eliminavit
1316 2085 1355 2118 de
1371 2085 1507 2131 templ03
1530 2093 1636 2131 aperte
1651 2085 1884 2126 demonstrans,

1131 2133 1216 2180 quod
1244 2133 1321 2168 tales
1343 2134 1551 2179 negotiatores
1575 2146 1637 2168 non
1660 2134 1740 2169 sicut
1770 2134 1884 2169 caeteri

1133 2190 1313 2228 peccatores
1330 2190 1403 2217 sunt
1422 2183 1626 2229 corripiendi,
1650 2183 1705 2218 sed
1728 2196 1743 2218 a
1765 2184 1884 2230 templo

1133 2231 1200 2269 Dei,
1228 2232 1348 2266 scilicet
1369 2240 1475 2266 sancta
1503 2232 1643 2266 Ecclesia
1669 2232 1795 2279 longius
1814 2240 1887 2267 sunt

1135 2280 1331 2327 proiiciendi.
1367 2281 1449 2315 Nam
1479 2281 1560 2315 sicut
1588 2293 1644 2328 per
1669 2281 1888 2316 columbarum

1133 2329 1313 2364 venditores
1351 2330 1394 2364 illi
1433 2330 1644 2370 denotantur,
1679 2330 1734 2377 qui
1766 2342 1887 2364 sacram

1135 2390 1246 2413 manus
1280 2379 1516 2426 impositionem
1550 2378 1685 2414 vendere
1717 2387 1888 2419 conantum

1134 2427 1180 2461 sic
1199 2439 1253 2473 per
1276 2428 1504 2462 nummularios
1522 2427 1725 2462 ecclesiastici
1742 2428 1888 2462 beneficii

1136 2476 1314 2511 venditores
1340 2477 1556 2523 ‹lesignanttm
1580 2477 1632 2523 qui
1655 2477 1784 2510 (tomum
1816 2476 1889 2518 Dei,

1171 2545 1210 2580 (a)
1227 2546 1322 2572 Psahn.
1340 2554 1406 2573 Lxx.
1422 2547 1462 2573 16.
1502 2546 1540 2582 (b)
1557 2546 1649 2573 Matth.
1662 2554 1721 2573 xxi.
1738 2546 1768 2572 12
1784 2549 1810 2573 et
1825 2553 1885 2581 seq.

341 2575 505 2612 Ieroboam
519 2575 560 2611 ob
575 2575 635 2610 hoc
648 2575 749 2616 deleta
763 2583 808 2610 est
827 2574 911 2622 quod
925 2573 1093 2622 pecuniam
1137 2584 1174 2620 (c)
1191 2586 1274 2621 Apoe.
1296 2594 1324 2612 η,
1346 2587 1371 2613 5.

1943 2151 2060 2172 Simmiae}
2083 2157 2096 2171 a.

1910 2181 1983 2199 sancta
1999 2179 2096 2207 Ecclesia

1910 2206 1970 2251 hunge
1981 2210 2095 2231 prom-ien-

1926 2238 1939 2252 ι,

1937 2311 1975 2334 Qui
1989 2310 2096 2331 columba-

1911 2343 1956 2358 rum
1968 2338 2096 2358 venditores:

1939 2425 1977 2449 Qui
2002 2431 2096 2447 nummu-

1910 2452 1959 2472 larii
1979 2453 2096 2479 intelligan-

1911 2481 1951 2499 tur.
