2180 3205
37 222 86 275 dn.
105 242 134 271 C.
150 242 219 270 109ss

77 832 209 854 confirmatio

38 864 120 890 quoque
134 859 165 885 pri
170 859 218 880 rite-

37 891 115 913 uorum
121 890 218 907 omnium.

62 1258 174 1280 Decretum
183 1259 219 1279 im-

37 1285 144 1307 munitatis
149 1291 162 1306 a
168 1291 219 1312 qua-

37 1317 125 1338 cumque
155 1313 220 1333 mol·-

32 1339 84 1364 ωε,
98 1340 139 1359 etc.

63 1759 132 1783 Abba
150 1766 163 1781 a
178 1766 220 1781 mo-

37 1787 109 1837 ἓῗιξξιὶε
144 1787 220 1813 eligen-

40 2101 114 2128 quit-u<
133 2103 221 2123 liberunt

39 2133 122 2154 quoqne
143 2130 170 2149 sit
193 2130 222 2149 at-

39 2154 113 2175 tarium
149 2161 221 2175 canso-

39 2181 143 2202 craHunes
152 2185 170 2201 et
182 2183 222 2201 ctu-

41 2207 129 2228 τίνοι-μη]
140 2208 222 2228 ordina-

40 2233 106 2254 tiones
131 2240 142 2254 a
170 2240 221 2260 qno-

40 2265 127 2285 cuniqne
157 2261 222 2281 tubue-

40 2285 67 2305 rit
75 2286 175 2312 episcopo
186 2293 221 2313 pc-

40 2313 90 2332 tere.

66 2571 137 2593 lbdom
153 2572 181 2593 ab
192 2579 223 2593 ot·-

41 2597 123 2619 dinario
143 2599 226 2629 episce-

41 2629 68 2650 po
87 2630 225 2646 exeommuni-

881 237 1026 261 numm-5
1053 237 1074 258 tt
1104 237 1151 259 t‘P.

235 292 368 328 Sanctae
395 293 511 328 Mariae
531 292 569 327 de
595 291 767 328 Fenestris,
791 293 897 327 Sam-ti
924 292 984 326 Fi·-

236 346 306 382 licis
320 349 357 381 tlte
376 347 480 381 Buatla
504 361 574 381 cuni
599 347 753 391 det-nnis,
776 346 988 381 oblationibus

235 410 265 436 et
292 401 424 436 caeteris
445 413 551 435 earum
582 401 794 447 pertinentiis:
826 401 856 435 in
885 400 987 433 coini-

236 462 299 489 tatu
324 454 592 493 Barcltinonensi,
622 455 845 489 monasterium
880 453 986 488 Sancti

235 507 389 542 Martialis
427 508 467 542 de
504 508 610 542 Monte
641 507 747 553 Signi:
781 508 810 541 in
841 507 987 542 Tazilano

239 562 371 596 ecelesia
398 561 505 596 Sancti
540 561 724 596 Salvatoris:
761 561 886 595 mercati
909 572 989 606 qno-

235 627 308 662 que,
331 615 416 662 quod
434 627 530 662 penes
553 622 690 648 vestrum
715 614 902 647 coenobium
924 614 987 647 lieri

234 668 325 708 solet,
349 669 522 708 teloneum,
545 676 575 701 et
597 680 723 702 omnem
749 668 909 709 iustitiam,
932 667 987 700 tibi

235 722 360 768 tuisque
374 721 616 756 successoribus
631 721 867 756 confirmamus.
888 720 989 763 Quic-

235 775 309 821 quid
356 783 512 823 praeterea
560 774 606 808 vel
656 788 709 821 per
751 782 988 809 antecessorum

235 836 416 863 nostrorum
453 828 654 875 Apostolicae
681 827 774 862 Sedis
797 827 989 862 Pontificum

236 881 410 929 privilegia,
434 883 480 917 vel
507 894 561 929 per
583 882 761 916 authentica
784 893 906 927 regum,
935 893 990 915 seu

235 935 414 982 principum
433 935 562 982 scripta,
588 935 634 970 vel
657 947 695 969 ex
714 947 990 981 quorumcumque

236 989 378 1024 fidelium
402 988 616 1024 oblationibus
640 990 707 1023 loeo
731 998 833 1023 vestro
855 988 935 1022 iuste
961 996 991 1022 et

236 1041 377 1088 legaliter
411 1043 560 1078 collatum
593 1051 663 1086 est,
701 1042 748 1077 vel
785 1043 815 1076 in
851 1042 989 1076 l'uturttm

235 1095 388 1142 largiente
423 1097 562 1131 Domino
596 1096 732 1131 babituri
768 1097 861 1134 estis,
889 1103 989 1130 ratum

235 1149 326 1185 vobis
366 1158 397 1185 et
432 1150 589 1196 integrum
621 1150 737 1184 servari
766 1149 989 1196 praecipimus.

236 1202 448 1238 Decernimus
474 1215 561 1250 ergo,
589 1211 623 1237 ut
662 1203 740 1237 nulli
768 1203 899 1237 omuino
933 1203 994 1236 110-

237 1256 359 1291 minum
396 1256 486 1291 liceat
521 1256 603 1290 idem
643 1256 836 1291 coenobium
877 1265 993 1290 temere

238 1310 434 1358 perturbare,
450 1318 504 1344 aut
527 1318 650 1356 praeter
671 1310 795 1344 abbatis
817 1318 847 1343 et
862 1309 991 1360 fratrum

238 1364 430 1399 voluntatem
481 1375 590 1398 eorum
640 1363 789 1398 familiam
838 1363 991 1398 saeculari

240 1417 357 1452 iudicio
371 1425 401 1452 et
422 1425 575 1464 potestate
597 1417 823 1463 constringere,
845 1424 898 1451 aut
917 1428 993 1451 coe-

240 1470 326 1506 nobii
351 1472 567 1518 possessiones
602 1471 735 1512 auferre,
765 1471 919 1512 minuere,
947 1471 992 1505 vel

239 1525 414 1560 temerariis
437 1524 656 1560 vexationibus
679 1524 827 1570 fatigare3
847 1524 901 1559 sed
924 1536 994 1559 om-

239 1578 290 1613 nia
312 1577 433 1623 integra
455 1586 693 1618 conserventur,
717 1590 825 1612 eorum
850 1590 905 1624 pro
919 1591 996 1625 quo-

241 1644 309 1666 rum
337 1630 588 1665 substentatione
615 1643 651 1665 ac
672 1631 903 1677 gubernatione
917 1645 997 1667 con-

239 1696 326 1720 cessa
358 1693 442 1725 sunt,
465 1685 576 1719 usibus
604 1685 797 1719 omnimodis
821 1685 993 1732 profutura.

240 1737 387 1772 Obeunte
410 1746 438 1772 te
461 1750 545 1772 nune
566 1739 707 1772 eiusdem
731 1739 791 1773 loci
814 1739 926 1774 abbate
948 1739 995 1773 vel

242 1799 367 1826 tuorum
389 1791 532 1838 quolibet
553 1803 799 1832 successorum,
824 1792 929 1826 nullus
952 1792 995 1826 ibi

241 1844 379 1891 qualibet
400 1844 614 1891 subreptionis
640 1845 749 1879 astutia
779 1845 824 1880 vel
849 1845 994 1880 violentia

242 1906 465 1944 praeponatur,
487 1898 547 1932 nisi
575 1910 670 1944 quem
702 1898 812 1932 fratres
834 1899 995 1933 communi

242 1963 411 1995 consensu,
435 1952 480 1986 vel
504 1952 635 1986 fratrum
658 1964 729 1998 pars
748 1952 871 1986 consilii
896 1953 1006 1998 samio--

244 2004 286 2039 ris
301 2032 309 2045 ,
341 2005 517 2040 secundum
553 2005 610 2040 Dei
647 2006 811 2046 timorem,
847 2014 877 2040 et
916 2006 996 2040 beati

243 2057 406 2092 Benedicti
448 2059 593 2104 regulam
636 2059 800 2105 elegerint.
850 2059 972 2093 Crisma
988 2086 997 2103 ,

245 2110 350 2144 oleum
378 2119 540 2155 sanetum,
568 2112 821 2146 consecrationes
853 2112 996 2146 altarium

246 2163 311 2198 sive
333 2163 547 2208 basilicarum,
569 2164 781 2198 ordinationes
810 2164 997 2199 clericorum

247 2216 307 2251 loci
331 2216 434 2261 vestri,
450 2229 504 2251 seu
520 2218 760 2257 monachorum,
774 2218 826 2264 qui
841 2219 876 2252 ad
893 2231 999 2253 sacros

248 2269 364 2304 suerint
385 2269 513 2304 ordines
529 2271 747 2316 promovendi,
766 2283 780 2305 a
797 2284 999 2318 quocumque

1674 227 1742 259 173

1029 292 1212 327 stu-tientes,
1236 291 1398 324 temerario
1437 305 1523 325 ausu.
1549 300 1597 324 ant
1628 291 1694 326 sint·
1720 292 1773 326 Ro-

1031 346 1112 377 tnani
1153 345 1313 379 l’onttticts
1348 354 1390 378 vot
1417 356 1507 390 iegati
1534 359 1603 381 vius
1624 347 1786 381 audientia

1811 246 1859 271 An.
1880 244 1908 272 C.
1927 244 1995 271 1096

1762 348 1764 351 .
1813 333 1854 353 cari
1862 338 1901 352 nnn
1909 333 1996 358 poe-tm,

1812 365 1850 379 nixi
1864 362 1996 380 rowen'ten-

1813 388 1831 405 te
1843 385 1859 407 R
1867 392 1913 406 nnat
1924 391 1935 407 ο
1944 385 1998 407 Pon·

1030 397 1217 431 interdicere
1251 400 1295 431 vel
1326 400 1609 434 exconnnunicare
1637 412 1697 433 non
1732 400 1790 434 de—
1812 414 1882 437 unt-tm

1031 450 1110 491 lit-at,
1135 463 1238 497 neque
1261 453 1392 485 caeteris
1414 453 1450 486 ad
1477 466 1529 486 vos
1553 453 1788 499 pertinentibus

1031 503 1107 537 loeis
1128 504 1195 537 sine
1220 505 1314 538 certis
1345 507 1447 539 causis-
1472 507 1700 550 prat-indicium
1736 520 1789 542 ea-

1033 557 1165 591 nonicae
1191 557 1317 591 ultionis
1342 558 1467 592 inferre.
1493 560 1606 594 Missas
1630 574 1701 594 vero
1730 574 1789 606 pu-

1033 611 1130 645 blicas
1159 621 1280 657 praeter
1307 612 1428 645 abbatis
1456 621 1485 646 et
1514 613 1644 648 fratrum
1671 616 1788 649 volun-

1032 674 1124 698 tatem
1147 666 1175 698 in
1192 665 1303 699 eodem
1326 667 1514 700 monasterio
1533 681 1587 713 per
1601 670 1786 715 episcopum

1032 718 1194 757 celebrari,
1208 727 1261 753 aut
1276 719 1427 754 stationes
1441 720 1520 763 lieri,
1539 723 1582 755 vel
1599 723 1634 755 ad
1651 723 1789 767 agendas

1032 784 1142 807 causas
1191 775 1359 820 populares
1405 782 1580 808 conventus
1626 778 1785 821 aggaegari

1034 827 1252 873 probibemus,
1281 840 1320 860 ne
1350 827 1379 860 in
1404 839 1566 862 servorum
1596 829 1651 863 Dei
1683 844 1788 863 ret-es-

1033 881 1132 925 sibus,
1156 880 1361 927 popularibus
1384 882 1506 916 occasio
1524 883 1708 928 praebeatur
1726 884 1786 918 ulla

1032 934 1252 969 conventibus.
1272 934 1476 980 Sepulturam
1494 948 1621 983 quoque
1644 937 1785 971 eiusdem

1033 987 1092 1021 loci
1126 988 1258 1022 omnino
1286 987 1416 1022 liberam
1450 1001 1519 1023 esse
1553 990 1725 1033 sancimus,
1753 999 1788 1024 ut

1033 1053 1154 1081 eorum,
1185 1041 1237 1088 qui
1271 1041 1334 1076 illic
1365 1042 1491 1088 sepeliri
1528 1043 1785 1085 deliberaverint,

1034 1094 1218 1135 devotioni,
1262 1102 1294 1129 et
1337 1103 1494 1130 extremae
1537 1096 1689 1131 voluntati
1728 1097 1786 1131 nisi

1034 1148 1297 1183 excommunicati
1333 1149 1407 1189 sint,
1442 1148 1548 1183 nullus
1583 1149 1724 1184 obsistat.
1753 1150 1787 1185 Si

1035 1213 1095 1247 qua
1119 1201 1214 1247 igitur
1236 1202 1266 1235 in
1289 1202 1460 1236 crastinum
1483 1203 1694 1238 ecclesiastica
1717 1216 1788 1239 sae-

1035 1255 1189 1290 cularisve
1211 1267 1357 1302 persona,
1383 1256 1478 1291 liuius
1496 1256 1613 1291 decreti
1640 1259 1786 1304 paginam

1034 1320 1149 1349 setenS,
1171 1317 1280 1343 contra
1315 1321 1381 1343 eam
1412 1318 1528 1344 temere
1551 1323 1657 1345 ventre
1684 1319 1788 1346 tenta-

1034 1362 1124 1405 verit,
1139 1362 1280 1396 secundo
1304 1363 1433 1397 tertiove
1448 1365 1651 1405 commonita,
1674 1365 1698 1398 si
1725 1377 1787 1399 non

1035 1414 1247 1449 satisfactione
1273 1427 1410 1461 congrua
1444 1416 1668 1458 emendaverit,
1697 1426 1787 1465 pote-

1035 1468 1122 1502 statis
1162 1468 1354 1516 honorisque
1389 1471 1436 1504 sui
1470 1470 1621 1516 dignitate
1658 1481 1784 1513 careat,

1037 1534 1184 1569 reamque
1218 1535 1252 1558 se
1286 1523 1394 1558 divino
1431 1524 1548 1559 iudicio
1581 1525 1715 1561 existere
1748 1527 1788 1562 de

1037 1585 1210 1622 perpetrata
1231 1577 1393 1624 iniquitate
1407 1586 1588 1624 cognoscat,
1611 1587 1641 1614 et
1656 1592 1671 1614 a
1685 1592 1788 1615 sacra-

1037 1628 1158 1663 tissimo
1185 1629 1326 1676 Corpore
1349 1639 1379 1665 et
1400 1631 1564 1678 Sanguine
1585 1633 1644 1668 Dei
1670 1642 1701 1668 et
1724 1634 1789 1670 Do-

1038 1682 1114 1716 mini
1155 1682 1378 1730 Redemptoris
1415 1686 1513 1720 nostri
1560 1686 1630 1721 lesu
1670 1687 1787 1723 Clu-isti

1036 1736 1137 1770 aliena
1172 1736 1246 1781 siat,
1289 1745 1382 1785 atque
1410 1739 1440 1772 in
1466 1746 1606 1774 extremo
1641 1741 1788 1776 examine

1037 1790 1195 1824 districtae
1213 1790 1321 1825 ultioni
1343 1791 1513 1826 subiaceat.
1532 1792 1666 1828 Cunctis
1682 1802 1787 1829 autem

1037 1843 1140 1877 eidem
1180 1844 1248 1878 loco
1289 1845 1368 1879 insta
1408 1845 1605 1880 servantibus
1644 1846 1684 1880 sit
1728 1859 1788 1894 pax

1038 1896 1165 1931 Domini
1202 1898 1298 1932 nostri
1330 1898 1401 1933 lesu
1424 1898 1558 1939 Christi;
1587 1901 1737 1947 quatinus
1759 1909 1787 1934 et

1039 1950 1088 1984 liic
1115 1950 1250 1986 fructum
1274 1951 1373 1986 bonae
1396 1953 1527 1987 actionis
1550 1953 1735 2000 percipiant,
1758 1962 1790 1989 et

1038 2003 1119 2049 apud
1136 2003 1312 2038 districtum
1331 2004 1471 2039 Iudicem
1486 2007 1622 2052 praemia
1645 2015 1789 2041 aeternae

1039 2056 1125 2102 pacis
1144 2056 1315 2092 inveniant.
1340 2058 1452 2092 Amen.
1476 2059 1591 2093 Amen.
1615 2059 1729 2094 Anien.

1088 2109 1203 2144 Datum
1240 2111 1271 2145 in
1305 2113 1497 2147 monasterio
1529 2112 1637 2147 Sancti
1666 2113 1786 2159 AEgittii

1039 2162 1120 2208 apud
1169 2163 1279 2198 vallem
1326 2164 1507 2199 Flavianam
1556 2178 1611 2211 per
1658 2178 1785 2200 manunt

1041 2216 1166 2250 loannis
1177 2225 1303 2251 sanctae
1319 2217 1476 2252 Romanae
1492 2218 1652 2253 Ecclesiae
1665 2219 1789 2254 diaconi

1040 2269 1226 2309 cardinalis,
1260 2282 1313 2304 xv¹
1349 2271 1410 2305 hal.
1440 2272 1588 2317 augusti,
1618 2272 1790 2308 indictione

247 2323 411 2359 volueritis
443 2324 599 2358 catholico
633 2324 795 2370 accipietis
828 2324 998 2371 episcopo,
1040 2332 1148 2368 quarta
1167 2349 1174 2362 ,
1219 2323 1442 2358 incarnationis
1487 2325 1666 2360 dominicae
1706 2339 1791 2361 anno

249 2376 329 2411 sicut
351 2388 366 2411 a
382 2377 543 2411 nonnullis
565 2376 862 2422 praedecessoribus
886 2378 1000 2412 nostris
1018 2362 1021 2415 l
1040 2388 1157 2419 mxcvi,
1181 2376 1378 2421 pontificatus
1409 2385 1514 2411 autem
1537 2377 1644 2412 domni
1670 2378 1790 2414 Urbani

249 2430 440 2465 monasterio
474 2437 576 2463 restro
610 2438 655 2463 est
690 2441 897 2465 concessum.
927 2438 957 2464 et
983 2443 998 2465 a
1019 2418 1022 2442 Ι
1042 2429 1170 2464 secundi
1194 2429 1309 2476 Papae,
1326 2442 1420 2464 nono.

250 2479 571 2526 comprovincialibus
592 2487 638 2512 est
661 2479 817 2524 episcopis
830 2479 1000 2513 conlirma-

251 2535 328 2561 tum.
354 2527 400 2560 Ad
423 2527 500 2561 baec
522 2527 698 2567 adiicimus,
723 2536 755 2561 ut
777 2528 998 2573 episcoporum

252 2575 382 2622 quilibet
404 2577 575 2610 claustrum
597 2577 711 2623 ipsum,
731 2583 761 2611 et
776 2576 841 2611 illic
862 2576 999 2612 Domino

1117 2493 1177 2524 Dat.
1197 2494 1242 2524 die
1266 2495 1296 2523 Π
1318 2495 1381 2524 iulii
1401 2505 1476 2524 anno
1497 2495 1610 2527 Domini
1630 2497 1717 2536 1096,

1281 2543 1382 2581 pontis.
1402 2553 1477 2573 anno
1496 2552 1533 2574 lx.

1838 597 1867 618 Ab
1885 597 1929 617 eiu<
1941 597 1996 619 enim

1832 624 1977 644 iurisdictione

1812 650 1851 669 sint
1871 650 1954 671 omnino
1973 651 1998 672 li·

1812 676 1864 697 beri.

1834 970 1966 997 Sepulturam
1978 970 1998 992 in

1813 1001 1934 1018 monasterii
1965 1003 1998 1018 ec-

1814 1025 1883 1044 clesiis
1904 1026 1998 1044 statuero

1813 1051 1939 1077 cuicumque
1971 1053 1999 1071 sit.

1813 1077 1910 1098 liberum.

1840 1235 1924 1256 Poenae
1946 1240 1997 1256 eon-

1820 1264 1852 1282 tra
1878 1262 1991 1282 violatores

1813 1288 1917 1315 privilegii
1927 1288 1996 1309 huius.
