2180 3205
129 251 178 276 An.
200 249 227 276 (ἶ.
248 249 314 276 1133

158 559 286 580 Exordium.

135 953 277 973 Innocentius
283 952 320 972 ΓΡ.

136 981 149 1000 b
159 985 191 999 =na
202 983 224 999 et
234 985 320 1004 posses-

143 1012 217 1026 sumes
241 1007 313 1026 Eccle-

136 1039 179 1054 siae
189 1034 256 1053 timus
265 1038 321 1052 eni.-

137 1064 206 1080 inetat
225 1063 247 1080 ct
269 1064 321 1080 con-

137 1087 210 1108 stan-it
223 1092 228 1106 t

394 227 463 259 588

344 294 514 323 innocentius
539 292 679 328 episeopus
699 298 793 319 servas
818 297 957 318 servorum
975 290 1030 322 Dei,
1055 289 1094 317 di-

387 343 466 372 lectis
489 343 517 370 in
545 342 651 370 Christo
679 340 744 368 filiis
763 339 855 369 loanni
873 339 1044 375 praeposito.
1068 339 1096 367 et

387 391 523 420 canonicis
541 390 639 418 Beatae
663 389 763 417 Mariae
782 388 952 416 Placentinae
973 388 1095 416 Matricis

386 439 529 472 Ecclesiae,
548 440 606 467 tam
625 438 816 474 praesentibus
834 444 914 473 quam
929 436 1042 469 futuris,
1067 437 1095 464 in

386 490 556 526 perpetuum.

390 542 493 579 Officii
515 541 612 576 nostri
642 553 700 575 nos
732 540 874 574 bortatur
908 539 1094 578 auctoritas,

344 606 400 640 pro
420 592 634 627 Ecclesiarum
654 598 737 625 statu
759 597 913 635 satagere,
940 597 970 624 et
987 600 1093 623 earum

343 643 440 689 quieti
475 649 506 676 et
544 640 667 674 utilitati
706 639 890 679 salubriter,
924 637 1095 672 auxiliante

346 692 494 729 Domino,
523 689 698 737 providere.
733 688 874 734 Dignum
907 699 1044 733 namque
1066 695 1094 721 et

345 739 499 775 bouestati
527 738 720 773 conveniens
737 749 806 772 esse
827 737 1040 782 cognoscitur,
1064 744 1095 769 ut

344 791 397 836 qni
435 789 472 824 ad
514 788 729 822 Ecclesiarum
767 786 905 832 regimen
942 785 1094 830 assumpti

344 851 468 879 sumus,
493 850 546 872 eas
567 845 597 871 et
620 849 635 871 a
660 848 826 884 pravorum
852 834 1016 868 bominum
1040 846 1096 867 nc-

345 888 441 935 quitia
471 895 625 925 tueamur,
647 894 677 920 et
692 885 777 919 Beati
794 884 875 918 Petri
900 891 992 929 atquc
1008 883 1096 928 Apo-

347 937 476 972 stolicae
497 935 589 970 Sedis
618 934 789 982 patrocinio
817 933 1008 967 muniamus.
1025 931 1095 972 Quo

346 988 439 1029 circa,
467 985 570 1020 dilecti
599 985 629 1018 in
657 983 792 1017 Domino
815 982 879 1020 lilii,
909 981 1018 1015 restriS
1040 993 1096 1015 ra-

348 1034 549 1069 tionabilibus
570 1032 833 1079 postulationibus
855 1031 1027 1065 clementer
1039 1042 1097 1063 an-

346 1086 487 1128 nuimus,
511 1092 540 1117 et
558 1083 594 1117 B.
615 1082 730 1116 Mariae
751 1081 965 1115 Placentinam
986 1079 1096 1113 Eccle-

345 1135 443 1172 siam,
484 1134 515 1166 in
552 1144 613 1179 qua
652 1131 760 1165 divino
796 1129 922 1164 servitio
960 1129 1095 1171 vacatis,

346 1182 520 1230 praesentis
554 1180 708 1228 privilegii
747 1180 859 1226 pagina
895 1177 1096 1218 roboramus;

347 1239 540 1271 statuentes,
569 1238 601 1264 ut
635 1240 852 1277 quascumque
882 1227 1098 1274 possessiones

347 1291 376 1317 et
420 1291 639 1328 quaecumque
681 1278 762 1312 bona
803 1276 1096 1324 impraesentiarum

349 1330 458 1365 eadem
482 1329 623 1364 Ecclesia
647 1328 727 1362 inste
748 1336 777 1360 et
793 1326 931 1372 legitime
948 1325 1097 1371 possidet,

349 1388 402 1415 aut
425 1381 454 1413 in
483 1379 622 1413 futurum
650 1376 855 1411 concessione
890 1375 1098 1413 Pontificum,

348 1428 533 1463 liberalitate
549 1439 656 1473 regum
672 1426 717 1460 rel
735 1426 926 1472 principum,
941 1423 1098 1457 oblatione

348 1478 502 1517 fidelium,
525 1489 580 1512 seu
595 1476 664 1510 aliis
679 1475 769 1509 iustis
788 1474 901 1513 modis,
923 1480 1098 1519 praestante

347 1527 502 1565 Domino,
541 1526 652 1573 poterit
683 1524 832 1569 adipisci,
868 1522 956 1556 firma
993 1521 1098 1561 vobis,

350 1577 523 1622 vestrisque
549 1573 788 1610 successoribus
814 1581 844 1607 et
871 1571 986 1606 illibata
1020 1582 1100 1618 per-

349 1633 507 1660 maneant.

397 1675 432 1709 ln
455 1673 570 1721 quibus
592 1672 669 1707 baec
692 1671 827 1718 propriis
849 1669 1033 1705 nominibus
1049 1668 1100 1703 ad-

350 1724 484 1759 notanda
520 1722 757 1757 subiunximus:
795 1720 917 1767 plebem
955 1718 1100 1753 videlicet

350 1772 508 1808 Carmiani
530 1783 601 1806 cum
630 1770 758 1816 capellis
779 1771 864 1807 suis,
889 1769 1009 1813 plebem
1037 1767 1098 1803 Se-

352 1825 466 1869 ptimae
489 1834 559 1856 cum
583 1820 711 1865 capellis
737 1819 814 1863 suis,
838 1818 959 1864 plebem
990 1816 1100 1851 Poma·

352 1873 415 1906 riae
436 1884 508 1905 cum
538 1869 666 1916 capellis
700 1869 786 1911 suis,
815 1868 936 1914 plebem
972 1866 1099 1900 Verileti

352 1934 423 1956 cum
444 1919 572 1967 capellis
597 1919 674 1957 suis,
699 1917 820 1964 {iton-m
842 1916 1009 1951 Montisalti
1027 1928 1098 1950 cum

353 1970 482 2017 capellis
503 1969 579 2012 suis,
610 1967 733 2014 plebem
769 1966 912 2001 Cassiani
947 1969 1026 1999 cum*
1047 1977 1101 1998 ea-

355 2020 444 2066 pellis
472 2019 555 2056 suis,
584 2017 706 2062 plebem
737 2015 837 2050 Vicnli
870 2027 941 2049 cnm
971 2014 1101 2060 capellis

353 2069 429 2112 suis,
454 2067 575 2113 plebem
598 2066 704 2101 Sancti
728 2065 855 2109 Georgii
870 2076 940 2099 cnm
960 2065 1101 2110 quinque

354 2117 500 2165 capelliS,
534 2115 657 2150 duabus
692 2115 721 2149 in
751 2114 891 2148 l‘ailerna
918 2121 944 2147 et
977 2125 1036 2147 uua
1070 2115 1099 2146 iu

354 2167 479 2205 iudaea,
506 2165 565 2199 alia
592 2165 622 2199 in
650 2163 873 2203 castroziano,
913 2170 1009 2209 atque
1043 2162 1100 2195 alia

356 2217 386 2250 in
423 2215 574 2255 Glariola;
613 2214 750 2258 capellas
783 2225 858 2247 sane
886 2212 915 2246 in
946 2212 1101 2250 Civitatc,

355 2265 474 2300 scilicet
496 2263 628 2298 Sanctae
655 2262 863 2308 Eupbeuiiae,
889 2261 995 2295 Sancti
1022 2260 1102 2294 Ger-

357 2314 443 2353 vasii,
459 2314 565 2348 Sancti
583 2312 727 2355 protasii,
742 2311 847 2346 Sancti
865 2310 946 2344 Petri
959 2309 1102 2348 ‹lva-o,

355 2363 462 2398 Sancti
494 2362 624 2401 Iuliani,
652 2361 759 2395 Sancti
793 2359 914 2394 Martini
939 2359 977 2393 de
998 2358 1102 2399 Foro,

357 2412 463 2447 Sancti
491 2411 630 2449 Domini,
657 2410 762 2445 Sancti
790 2408 972 2446 Alexandri,
995 2407 1101 2442 Sancti

356 2461 480 2495 Minini
495 2460 534 2495 ‹le
547 2460 664 2506 BurgO,
682 2458 790 2494 Sancti
813 2457 982 2496 vincentii,
997 2455 1102 2491 Sancti

357 2510 529 2555 Stepbzmi,
556 2509 742 2543 Sanctorum
766 2507 915 2542 lobannis
941 2514 971 2540 ct
993 2505 1104 2547 Pauli,

357 2558 464 2594 Sim-ti
488 2558 639 2599 Zenonis,
669 2557 774 2592 Sancti
813 2556 969 2594 Faustini,
997 2553 1103 2588 Sam-ti

358 2607 530 2648 Michaelis,
557 2606 690 2642 Sanctae
718 2605 870 2652 Agaffiae,
897 2604 1031 2639 Sanctae
1045 2602 1106 2637 Ma-

918 231 1106 255 numanum
1131 229 1293 253 {tonstrua

1909 224 1958 252 An.
1978 223 2006 253 C.
2025 224 2091 253 ¹¹32

1136 285 1199 319 riae
1222 284 1262 318 de.
1282 284 1443 330 Spei-one,
1465 295 1597 330 quiarum
1622 282 1741 331 ubique
1765 282 1890 330 presby-

1136 334 1192 368 teri
1217 333 1247 367 in
1285 332 1422 368 sabbato
1443 331 1561 367 Sancto
1595 332 1753 379 baptizare
1779 342 1810 368 et
1833 345 1887 367 ca-

1137 383 1313 416 tbecbizare
1336 382 1367 416 in
1402 389 1503 416 vestra
1538 382 1645 415 maiori
1673 381 1815 416 Ecclesia
1843 381 1884 417 de

1136 431 1365 466 consur-tudine
1392 430 1530 473 debent,
1564 430 1652 465 vobis
1678 430 1886 466 nihilominus

1136 482 1379 521 confirmamus;
1407 479 1546 514 decimas
1574 480 1669 515 totius
1696 479 1828 514 civitatis
1855 487 1887 514 et

1138 530 1366 577 praedictorum
1396 528 1554 576 plebium,
1582 528 1722 576 exceptis
1743 528 1887 564 decima-

1137 580 1274 614 tionibus
1298 579 1396 626 plcbis
1411 578 1449 612 de
1471 577 1625 619 ventem
1646 586 1784 613 castrum
1800 590 1888 625 prae-

1137 638 1218 663 terea
1246 629 1362 663 Montis
1381 627 1483 673 Regii,
1505 635 1642 662 castrum
1664 626 1801 670 Cassini,
1825 639 1889 661 me-

1136 678 1280 712 dietatem
1317 678 1407 712 castri
1435 676 1652 722 Gosolengbi,
1687 677 1888 711 medietatem

1137 728 1227 762 castri
1250 727 1366 771 Viculi,
1388 734 1524 761 castrum
1547 724 1718 760 Carmiani.
1743 726 1792 760 Aa
1811 725 1889 760 baec
1914 725 2098 774 effggffiessffi

1138 777 1291 823 praesenti
1320 776 1446 810 decreto
1468 775 1638 818 sancimus,
1667 783 1701 810 ut
1722 775 1800 809 nulli
1825 774 1890 821 epi·
1915 782 1956 811 {³¹¹²
1984 785 2051 810 *ψ’
2072 784 2099 800 ‘⁸

1137 838 1304 872 scoporum
1325 825 1426 863 liceat,
1461 825 1491 858 in
1520 824 1662 858 Ecclesia
1686 833 1789 859 vestra
1813 835 1888 871 per·
1914 810 2099 855 itii-iiw'mm'

1136 876 1234 917 souis,
1259 874 1303 909 rel
1328 874 1429 917 bonis,
1451 882 1558 908 contra
1581 874 1742 921 antiquam
1759 884 1891 908 consue-

1137 924 1276 958 tudinem
1291 932 1320 958 et
1333 924 1519 964 libertatem,
1541 923 1675 970 aliquam
1691 922 1888 957 exactionem

1139 978 1312 1024 imponere.
1335 977 1543 1012 Decernimus
1561 989 1648 1023 ergo,
1675 985 1709 1012 ut
1729 976 1806 1011 nulli
1825 988 1892 1011 om-

1139 1033 1212 1066 nino
1249 1032 1411 1066 bominum
1447 1031 1492 1065 sas
1525 1031 1583 1071 sit,
1619 1032 1890 1077 praenominatam

1138 1086 1312 1120 Ecclesiam
1347 1095 1464 1120 temere
1500 1085 1701 1131 perturbare,
1735 1093 1789 1119 aut
1824 1084 1894 1119 eius

1140 1140 1356 1186 possessiones
1374 1138 1497 1173 auferre
1519 1146 1578 1172 etc.
1602 1137 1635 1172 Si
1659 1150 1720 1185 qua
1743 1137 1838 1184 igitur
1859 1137 1891 1172 in

1139 1194 1278 1228 futurum
1324 1192 1536 1228 ecclesiastica
1576 1191 1785 1226 saecularisve
1821 1203 1895 1238 per-

1139 1260 1213 1282 sona
1236 1256 1297 1282 etc.

1189 1301 1259 1336 Eoo
1285 1301 1500 1335 hsocmoes
1532 1298 1705 1334 catholicae
1731 1297 1897 1333 Ecclesiae
1933 1311 2104 1333 tnnooennit’t’.

1139 1355 1310 1402 episcopus
1336 1353 1523 1400 subscripsi.
1919 1337 2104 1393 iiiiise‘iiffnooene‘}

1188 1409 1256 1455 Ego
1277 1407 1468 1443 Guillelmus
1482 1406 1710 1442 Praenestinus
1724 1406 1897 1454 episcopus

1140 1462 1325 1510 subscripsi.

1188 1517 1256 1563 Ego
1277 1515 1416 1551 Ubertns
1440 1514 1602 1562 presbyter
1625 1512 1793 1548 cardinalis
1813 1512 1894 1548 tituli

1140 1571 1244 1606 Sancti
1273 1570 1447 1605 Clementis
1473 1567 1658 1614 subscripsi.

1188 1625 1257 1672 Ego
1281 1624 1451 1658 Auselmus
1475 1622 1636 1670 presbyter
1658 1620 1828 1656 cardinalis
1847 1621 1893 1656 tit.

1141 1678 1245 1713 Sancti
1273 1677 1432 1712 Laurentii
1461 1677 1490 1710 in
1514 1675 1632 1710 Lucina
1658 1674 1841 1721 subscripsi.

1187 1732 1256 1778 Ego
1284 1731 1387 1765 Lucas
1413 1729 1586 1777 presbyter
1613 1728 1782 1762 cardinalis
1811 1728 1892 1763 tituli

1141 1786 1327 1822 Sanctorum
1357 1784 1504 1818 lobannis
1531 1791 1561 1817 et
1587 1781 1676 1816 Pauli
1704 1781 1891 1828 subscripsi.

1188 1839 1257 1885 Ego
1278 1838 1443 1872 Romanus
1474 1837 1627 1870 diaconus
1653 1834 1822 1868 cardinalis
1845 1835 1894 1868 tit.

1141 1894 1275 1929 Sanctae
1291 1891 1406 1926 Minae
1434 1890 1463 1924 in
1494 1889 1618 1923 Porticu
1640 1887 1826 1934 subscripsi.

1189 1947 1258 1993 Ego
1270 1946 1444 1992 Gregorius
1464 1943 1615 1978 diaconus
1629 1941 1797 1976 cardinalis
1812 1940 1894 1977 San-

1142 2009 1261 2035 ctorum
1289 1999 1391 2045 Sergii
1419 2006 1450 2033 et
1477 1996 1590 2031 Bacchi
1607 1995 1792 2042 subscripsi.

1190 2055 1257 2101 Ego
1275 2054 1380 2090 Guiilo
1402 2053 1553 2088 diaconus
1575 2049 1743 2085 cardinalis
1757 2048 1892 2084 Sanctae

1143 2110 1257 2145 Mariae
1280 2110 1309 2143 in
1335 2108 1390 2141 Via
1414 2107 1487 2142 Lata
1511 2104 1697 2151 subscripsi.

1192 2164 1259 2210 Ego
1291 2163 1366 2197 Otto
1397 2162 1548 2195 diaconus
1580 2157 1748 2193 cardinalis
1783 2155 1889 2192 Sancti

1143 2217 1271 2263 Georgii
1298 2216 1335 2250 ad
1364 2215 1477 2249 Velum
1494 2215 1635 2248 Aureum
1659 2211 1847 2256 subscripsi.

1191 2271 1259 2317 Ego
1281 2270 1385 2304 Gui‹to
1407 2269 1559 2302 diaconus
1573 2266 1740 2301 cardinalis
1759 2264 1893 2299 Sancto-

1145 2338 1212 2360 rum
1235 2325 1368 2359 Cosmae
1391 2332 1420 2358 et
1446 2321 1588 2357 Damiani
1618 2318 1804 2364 subscripsi.

1192 2379 1305 2413 Datum
1336 2377 1458 2411 Brixiae
1491 2387 1545 2421 per
1573 2385 1700 2408 manum
1737 2369 1894 2418 Aymerici

1145 2440 1269 2468 sanctae
1296 2431 1456 2466 Romanae
1483 2428 1646 2464 Ecclesiae
1669 2424 1791 2460 diaconi
1820 2435 1898 2457 car-

1145 2486 1258 2521 dinalis
1280 2493 1309 2519 ct
1336 2483 1524 2526 cancellarii,
1547 2493 1579 2516 tv
1607 2480 1668 2514 kat.
1695 2477 1832 2524 augusti,
1857 2477 1899 2509 in-

1145 2539 1283 2574 dictione
1309 2538 1430 2573 decima
1452 2539 1509 2581 tl),
1535 2532 1761 2569 incarnationis
1792 2531 1898 2564 domi·

1181 2614 1219 2650 (t)
1236 2613 1303 2648 Lege
1321 2619 1360 2640 xi.
