2180 3205
415 257 479 294 898

383 331 464 365 vlu.
495 328 704 364 Confirmatio
735 328 897 361 bonorum
928 326 1074 360 omnium
1101 331 1132 359 et

472 383 714 428 privilegiorum
746 380 987 414 Trenorciensis
1017 390 1130 413 mona-

472 437 571 477 sterii,
595 436 670 470 3711.

382 491 436 526 lx.
468 490 676 525 Confirmatio
713 496 857 523 veterum
888 488 1129 533 privilegiorum

472 544 629 584 omnium,
647 542 842 587 Aquileiensi
857 541 1029 581 Ecclesiae,
1046 541 1131 575 cius-

472 608 534 642 que
559 597 750 641 patriarchis
771 608 787 629 a
812 596 952 630 Summis
979 595 1132 629 Romanis

471 650 682 684 Pontificibus
704 660 945 689 concessorum,
963 648 1037 682 372.

383 704 421 740 X.
433 704 603 739 Decretum
618 702 1052 738 excommunicationislatae
1062 712 1133 735 scn-

473 758 590 792 tentiac
608 764 735 792 ¹contra
767 758 947 791 auferentes
976 757 1061 790 hona
1092 756 1132 789 ad

478 812 688 847 Cluniacense
729 812 962 845 monasterium
1002 811 1049 845 vel
1093 811 1133 844 ad

473 867 708 900 monachorum
726 866 795 900 eius
812 877 905 899 usum
924 865 1130 910 pertinentia,

384 972 437 1008 xl.
458 973 607 1017 Diploma
625 973 881 1007 confirmationis
901 974 1063 1006 bonorum
1076 972 1133 1005 Ec-

473 1027 589 1061 clesiae
601 1034 629 1060 et
645 1027 817 1061 comitatus
827 1026 1053 1065 Ferrariensis‚
1064 1025 1135 1069 qui-

474 1081 533 1115 bus
562 1081 719 1125 nonnulla
748 1080 972 1114 conceduntur
999 1078 1131 1123 privile-

473 1134 537 1178 gia,
566 1134 641 1168 375.

484 1188 650 1222 Ianuensis
681 1188 822 1222 Ecclesia
847 1188 879 1221 in
911 1186 1132 1230 archiepisco-

477 1248 589 1286 patum
629 1241 765 1284 erigitur
803 1252 877 1275 cum
918 1239 1135 1283 assignatione

475 1296 619 1340 quinque
658 1293 874 1329 Ecclesiarum
910 1293 1132 1336 suffraganea-

475 1360 560 1390 rum,
585 1348 660 1383 377.

386 1402 470 1437 XIII.
505 1402 632 1436 Erectio
664 1402 852 1436 monasterii
884 1402 1079 1443 Brugnaten.
1102 1401 1135 1433 in

476 1448 692 1492 episcopalem
725 1447 859 1486 sedem,
891 1446 1135 1490 archiepiscopo

475 1491 608 1526 lanuen.
633 1492 882 1534 suffraganeam,
905 1489 980 1523 378.

388 1540 469 1579 XIV.
493 1545 537 1579 De
559 1545 743 1579 obedientia
764 1545 803 1578 ab
824 1543 983 1588 episcopis
1007 1542 1133 1583 Daciae,

476 1598 665 1641 Norvcgiae‚
688 1598 857 1639 Islandiae,
881 1601 952 1638 etc„
975 1596 1135 1630 Hambur-

477 1653 566 1696 gensi
597 1652 842 1697 archiepiscopo
873 1658 1037 1695 tamquam
1069 1661 1136 1684 me-

476 1706 675 1751 tropolitano
694 1706 898 1751 praestanda,
918 1704 993 1739 379.

388 1758 455 1794 XV.
480 1759 650 1795 Concessio
670 1760 915 1804 privilegiorum
948 1757 1135 1792 monasterii

478 1813 508 1848 S.
533 1813 705 1848 Salvatoris
736 1813 867 1858 Papien.
899 1811 1055 1846 dioecesis
1086 1821 1137 1844 or-

480 1867 563 1902 dinis
594 1867 804 1908 Cistercicn.‚
829 1866 880 1900 cui
911 1864 997 1900 bona
1028 1865 1137 1899 omnia

479 1919 727 1961 confirmantur,
751 1918 826 1953 380.

391 1973 472 2009 XVI.
496 1974 616 2008 Cuncta
636 1972 824 2008 monasterii
853 1972 1022 2007 Fuldensis
1042 1971 1139 2016 privi-

478 2028 562 2072 legia
582 2028 776 2068 confirmat,
800 2038 836 2061 ac
857 2027 1000 2061 eiusdem
1033 2026 1135 2060 abba-

479 2083 566 2116 tibus
582 2093 676 2116 usum
698 2082 814 2116 mitrae
842 2087 873 2115 et
893 2081 981 2114 anuli
1002 2081 1135 2121 tribuit,

391 2188 489 2225 xvn.
510 2187 736 2232 privilegium,
761 2198 825 2233 quo
845 2188 1034 2222 Prumiense
1066 2197 1138 2222 coc-

480 2243 615 2277 nobium
633 2242 795 2276 Treviren.
820 2241 987 2281 dioecesis,
1011 2251 1137 2275 necnon

480 2297 648 2331 universae
681 2296 826 2330 eiusdem
856 2295 1074 2340 possessiones
1105 2294 1137 2328 in

481 2350 571 2384 Sedis
592 2349 796 2394 Apostolicae
808 2347 1042 2393 protectionem
1057 2347 1138 2381 reci-

482 2403 627 2447 piuntur,
648 2402 723 2436 384.

393 2455 502 2492 XVIII.
525 2457 733 2492 Confirmatio
754 2456 915 2490 bonorum
942 2455 1086 2489 omnium
1108 2460 1138 2488 ct

483 2502 724 2545 privilegiorum
741 2500 927 2534 monasterii
940 2499 1048 2534 Sancti
1061 2499 1138 2533 Sixti

482 2546 685 2580 Placentinae
702 2545 869 2585 dioecesis,
893 2543 967 2578 384.

394 2598 478 2634 xlx.
502 2599 670 2634 Canonicis
697 2598 856 2633 Ecclesiae
876 2598 906 2632 S.
931 2597 1084 2631 Antonini
1105 2596 1136 2630 in

385 1187 454 1222 XII.

484 2645 563 2676 urbe
580 2644 760 2677 Placentiae
780 2643 876 2681 bona,
901 2642 972 2675 iura
992 2647 1023 2675 et
1042 2641 1139 2685 privi-
1155 2669 1157 2674 .

483 2688 566 2732 legia
583 2688 693 2721 omnia
710 2687 955 2726 confirmantur,
978 2684 1053 2719 386.

970 262 1154 289 BULLARIUM
1178 263 1331 289 ROMANUM

1167 325 1235 360 XX.
1259 326 1467 369 Privilegium
1494 325 1657 359 canonicis
1683 325 1826 359 matricis
1849 325 1910 359 Ec-

1255 380 1371 414 clesiae
1391 381 1608 421 Placentinae,
1631 379 1707 414 387.

1167 433 1249 467 XXI.
1266 433 1474 467 Confirmatio
1495 434 1656 468 bonorum
1677 433 1825 467 omnium
1847 442 1914 466 mo-

1254 488 1385 521 nasterii
1405 488 1451 522 Ss.
1472 488 1614 522 Faustini
1644 493 1674 522 et
1703 487 1822 522 levitae
1841 486 1911 521 Bri-

1254 541 1370 575 xiensis
1402 542 1559 576 dioecesis
1589 541 1712 576 ordinis
1743 541 1911 575 Cassinen-

1255 594 1309 635 sis,
1333 594 1408 629 380.

1168 647 1265 681 XXII.
1289 648 1459 682 Concessio
1488 649 1734 693 privilegiorum
1767 647 1915 682 moniali-

1256 702 1315 735 bus
1351 702 1538 736 monasterii
1576 702 1606 737 S.
1638 702 1738 736 Iuliae
1773 701 1912 736 Brixien.

1257 755 1413 789 dioecesis
1439 756 1563 790 ordinis
1587 755 1783 790 Cassinensis
1798 782 1805 796 ,
1826 754 1916 789 cuius

1254 810 1341 843 bona
1358 809 1469 843 omnia
1489 809 1736 850 confirmantur,
1760 807 1835 842 390.

1169 863 1281 897 XXIII.
1305 863 1534 897 Monasterium
1555 863 1600 897 Ss.
1626 862 1769 897 Facundi
1790 867 1821 896 et
1840 861 1911 895 Pri-

1257 917 1357 950 mitivi
1390 917 1422 950 in
1457 917 1609 961 Hispania
1640 915 1810 950 abbatibus
1838 915 1912 950 Clu-

1257 970 1462 1004 niacensibus
1482 971 1660 1013 regendum
1682 969 1913 1010 committitur,

1257 1025 1344 1058 salvo
1364 1025 1435 1058 iure
1455 1024 1484 1058 S.
1508 1024 1544 1058 R.
1569 1024 1618 1064 E„
1638 1022 1713 1057 392.

1170 1077 1281 1111 XXIV.
1305 1077 1517 1112 Confirmatio
1534 1077 1696 1110 bonorum
1715 1076 1863 1110 omniurn
1876 1075 1916 1109 ad

1257 1132 1286 1166 S.
1309 1131 1536 1166 Pistoriensem
1556 1130 1732 1165 Ecclesiam
1753 1129 1917 1173 pertinen-

1261 1186 1352 1227 tium,
1373 1185 1448 1220 393.

1171 1239 1266 1273 XXV.
1290 1240 1362 1273 Iura
1383 1239 1493 1272 omnia
1522 1249 1559 1272 ac
1590 1238 1676 1272 bona
1700 1237 1834 1271 Pisanae
1860 1237 1916 1271 Ec-

1260 1294 1376 1328 clesiae
1396 1293 1644 1334 confirmantur,
1668 1291 1743 1326 395.

1172 1347 1280 1383 XXVI.
1297 1348 1506 1383 Confirmatio
1527 1348 1689 1381 bonorum
1709 1345 1857 1380 omnium
1877 1344 1918 1379 ad

1259 1399 1401 1427 sanctam
1424 1393 1617 1426 Fesulanam
1642 1390 1819 1425 Ecclesiam
1839 1400 1914 1435 per-

1260 1438 1442 1476 tinentium,
1465 1436 1540 1471 397.

1170 1491 1295 1525 XXVII.
1319 1490 1539 1534 Privileginm‚
1564 1500 1629 1534 quo
1647 1489 1782 1523 ecclesia
1800 1488 1831 1521 in
1845 1486 1919 1520 villa

1260 1544 1454 1585 Ronchalia,
1480 1544 1522 1577 ab
1549 1543 1702 1588 episcopo
1732 1541 1918 1576 Placentino

1260 1605 1442 1633 constructa
1463 1604 1495 1631 et
1518 1597 1683 1632 canonicis
1710 1597 1741 1631 S.
1765 1593 1919 1630 Antonini

1259 1653 1388 1693 donata,
1410 1652 1531 1685 eisdem
1553 1651 1774 1689 confirmatur,
1795 1648 1870 1683 399.

1171 1704 1312 1739 XXVIII.
1336 1705 1543 1748 privilegium
1565 1702 1823 1737 confirmationis
1853 1701 1915 1735 bo-

1259 1760 1378 1783 norum
1396 1749 1584 1783 monasterii
1605 1749 1650 1782 Ss.
1674 1748 1788 1781 Florae
1810 1752 1840 1779 et
1859 1746 1919 1779 Lu-

1260 1794 1353 1828 cillae
1384 1793 1508 1827 ordinis
1540 1791 1735 1827 Cassinensis
1769 1790 1920 1825 Aretinae

1260 1838 1429 1879 dioecesis,
1451 1836 1528 1871 401.

1172 1892 1285 1927 XXIX.
1310 1891 1437 1925 Erectio
1458 1891 1622 1935 prioratus
1642 1889 1749 1925 Sancti
1775 1888 1860 1923 Petri
1880 1888 1920 1922 de

1260 1937 1363 1971 Nanto
1393 1936 1531 1969 Vabren.
1562 1934 1718 1969 dioecesis
1747 1934 1780 1967 in
1813 1932 1915 1967 abba-

1261 1982 1360 2021 tiam,
1394 1981 1445 2014 cui
1476 1981 1584 2025 plures
1618 1979 1775 2013 uniuntur
1804 1977 1915 2012 Eccle-

1261 2026 1338 2067 siae,
1362 2024 1438 2058 402.

1174 2080 1272 2115 XXX.
1297 2078 1494 2123 Compositio
1526 2077 1821 2112 controversiarum
1850 2085 1919 2109 ver-

1261 2124 1398 2157 tentium
1421 2123 1503 2156 inter
1523 2123 1554 2157 S.
1569 2121 1740 2156 Alexandri
1762 2126 1793 2154 et
1811 2119 1919 2153 Sancti

1260 2167 1418 2201 Vincentii
1433 2167 1606 2201 canonicos
1626 2165 1853 2209 Bergomensis
1873 2164 1918 2198 ci-

1262 2212 1380 2252 vitatis,
1403 2211 1479 2245 403.

1174 2267 1286 2302 XXXI.
1315 2264 1557 2306 Ouinciacensis
1588 2263 1777 2297 monasterii
1803 2263 1921 2305 Lingo-

1260 2321 1334 2344 nen.
1370 2309 1526 2343 dioecesis
1553 2307 1686 2352 praedia
1701 2335 1708 2349 ,
1729 2313 1921 2351 caeteraque

1260 2356 1356 2395 bona,
1381 2353 1529 2388 Alberi'co
1557 2352 1664 2385 abbati
1697 2357 1729 2385 et
1757 2361 1920 2386 successo-

1261 2400 1351 2433 ribus
1371 2398 1618 2437 confirmantur,
1641 2395 1717 2429 405.

1172 2452 1298 2487 XXXII.
1314 2451 1455 2485 Ecclesia
1469 2451 1508 2484 de
1521 2450 1799 2488 Rochabovecurt,
1810 2459 1828 2482 a
1841 2447 1920 2482 Wil-

1262 2498 1359 2531 lelmo
1379 2494 1638 2538 Petragoricensi
1668 2493 1821 2538 episcopo
1850 2493 1920 2526 Clu-

1260 2540 1404 2574 niacensi
1428 2539 1625 2573 monasterio
1647 2538 1766 2572 donata
1781 2564 1788 2578 ,
1814 2537 1920 2571 eidem

1261 2585 1485 2625 confirmatur,
1515 2582 1591 2617 406.

1173 2638 1314 2674 XXXIII.
1348 2637 1489 2672 Ecclesia
1518 2634 1823 2676 Montis-Desiderii,
1843 2634 1916 2668 Clu-

1261 2682 1404 2717 niaeensi
1425 2680 1622 2715 monasterio
1649 2680 1767 2714 donata
1795 2689 1812 2711 a
1837 2677 1919 2712 Gua-
