2180 3205
187 205 242 234 An.
256 205 286 234 c,
304 206 374 234 1137
421 196 485 231 418

206 317 232 337 L't
241 317 293 337 ordo
302 323 372 337 mnua-

187 344 252 363 stin-us
263 344 315 364 inibi
329 351 371 364 set·-

188 374 261 392 vetur,
276 371 371 391 decerni-

187 400 226 416 tur.

233 847 341 868 Cambunii
357 853 367 867 :1

183 874 370 900 Nuenburepisco-

184 906 211 927 po
227 901 315 923 sactum.

188 1328 289 1354 Bonaquc
299 1329 368 1349 omnia

181 1355 208 1374 ad
217 1356 367 1375 monasterium

181 1382 309 1406 pertinentia
319 1388 367 1402 cou-

181 1408 296 1428 firmantur.

224 1807 247 1828 ln
269 1807 366 1828 districtu

180 1834 304 1854 monasterii
333 1840 366 1854 ve-

179 1861 277 1880 nationes
292 1866 304 1880 a
315 1866 366 1887 quo-

181 1892 243 1913 quam
258 1887 304 1907 fieri
319 1893 366 1913 pro-

180 1914 271 1934 hibetur.

219 2551 300 2572 solitae
315 2557 364 2572 con-

966 208 1151 232 BULLARmM

387 262 463 289 mat.
480 256 630 294 Proinde,
648 255 763 289 dilecte
777 255 809 288 in
822 255 960 289 Domino
979 255 1025 288 fili
1039 256 1134 289 Adel-

387 309 477 341 berte
498 309 606 345 abhas,
630 308 691 341 tuis
716 308 964 342 rationabilibus
984 310 1130 353 postula-

388 362 528 394 tionibus
548 367 672 403 gratum
694 362 888 404 praebemus
905 373 1086 403 assensum;
1103 368 1132 396 et

387 421 418 448 ut
437 416 469 447 in
490 415 635 448 Portensi
658 416 829 457 coenobio,
853 416 904 450 cui
922 422 1053 450 auctore
1072 417 1133 450 Do-

386 468 474 501 mino
502 479 651 511 praeesse
685 469 906 512 dignosceris,
937 471 1132 504 monasticus

385 523 476 563 ordo,
503 523 557 566 qui
582 524 761 557 secundum
787 525 820 558 B.
844 525 1008 558 Benedicti
1039 536 1133 567 regu-

385 575 448 607 lam
470 581 498 608 et
519 586 669 609 normam
695 577 953 611 Cisterciensium
972 579 1107 611 fratrum
1121 606 1128 617 ,

385 629 463 661 inibi
480 630 624 662 noscitur
637 630 810 670 institutus,
834 632 998 675 perpetuis
1017 632 1132 665 suturis

384 682 585 725 temporibus
597 683 824 717 inviolabiliter
832 685 1031 725 observetur,
1041 696 1133 729 prae-

385 735 466 768 senti
498 736 617 779 scripto
647 737 820 771 sancimus.
844 738 1078 772 Confirmamus
1103 745 1133 772 et

385 789 610 822 concambium
628 818 635 830 ,
662 801 680 823 a
702 791 877 824 venerabili
904 792 1001 826 fratre
1021 798 1132 825 nostro

385 841 497 875 Udone
523 842 768 886 Nuenburgensi
795 845 946 889 episcopo
974 851 1080 878 tecum
1101 852 1131 879 et

385 906 458 929 cum
476 897 629 930 fratribus
646 898 708 931 tuis
729 899 964 933 rationabiliter
984 900 1102 933 sactum
1121 929 1126 939 ‚

383 949 532 983 videlicet
545 950 733 984 Portensem
755 952 863 985 locum
886 964 958 985 cum
981 955 1131 988 omnibus

383 1003 448 1036 suis
478 1004 672 1047 appenditiis
702 1016 760 1048 pro
791 1006 950 1039 Smolensi
979 1008 1072 1047 loco,
1098 1008 1130 1041 in

383 1067 464 1100 quos
488 1057 578 1100 prius
602 1058 698 1091 eratis
726 1059 863 1092 Domino
884 1060 1067 1101 servientes,
1091 1062 1130 1094 ab

384 1111 499 1143 eodem
527 1111 680 1155 episcopo
702 1113 882 1145 concambii
915 1114 1008 1147 titulo
1040 1115 1131 1149 vobis

385 1163 558 1203 collatum;
583 1164 625 1197 ita
645 1171 765 1205 tamen,
789 1172 823 1199 ut
844 1166 928 1199 idem
955 1167 1130 1202 Smolensis

385 1217 474 1250 locus
502 1229 575 1251 cum
605 1219 670 1252 suis
695 1219 845 1253 omnibus
869 1221 1063 1264 appenditiis
1084 1223 1131 1255 iu-

382 1270 561 1304 risdictioni
574 1278 604 1305 et
620 1273 692 1305 usui
709 1273 843 1316 praefati
861 1274 953 1307 cedat
973 1275 1126 1319 episcopi.

383 1325 560 1358 statuimus
585 1325 733 1370 insuper,
756 1333 791 1360 ut
817 1338 1038 1372 quascumque
1057 1340 1131 1373 pos-

383 1378 552 1419 sessiones,
576 1390 801 1424 quaecumque
825 1381 910 1414 bona
925 1410 932 1419 ,
955 1382 1040 1416 idem
1063 1394 1131 1417 mo-

383 1433 560 1465 nasterium
586 1434 889 1477 impraesentiarum
916 1436 997 1470 iuste
1024 1443 1055 1470 et
1080 1448 1130 1471 ra-

382 1485 579 1524 tionabiliter
596 1487 749 1530 possidet,
771 1494 823 1520 aut
843 1488 874 1521 in
892 1489 1035 1522 futurum
1054 1501 1130 1524 con-

382 1538 525 1571 cessione
543 1538 748 1579 Pontificum,
763 1540 933 1582 largitione
947 1552 1060 1584 regum
1082 1544 1129 1576 vel

381 1591 564 1634 principum
594 1592 757 1625 oblatione
785 1592 948 1635 fidelium,
979 1606 1035 1628 seu
1060 1596 1129 1629 aliis

382 1644 472 1693 iustis
492 1645 608 1685 modis,
631 1652 813 1689 praestante
839 1647 987 1689 Domino,
1011 1650 1130 1692 poterit

381 1697 526 1741 adipisci,
550 1697 646 1731 firma
666 1699 723 1731 tibi
743 1699 871 1743 tuisque
891 1698 1147 1736 successoribus⁴

382 1756 411 1783 et
433 1751 556 1784 illibata
582 1751 767 1785 consistant.
791 1753 829 1785 Ut
856 1760 963 1786 autem
990 1755 1129 1798 quietius

382 1805 668 1848 omnipotentiDeo
680 1807 799 1840 servire
813 1808 952 1851 possitiS‚
969 1811 1128 1852 praesenti

381 1859 501 1902 scripto
527 1859 676 1892 duximus
703 1860 935 1901 inhibendum,
967 1868 1002 1895 ut
1022 1863 1129 1897 nullus

382 1912 528 1953 clericus,
553 1913 660 1945 nullus
679 1913 781 1947 laicus
801 1914 884 1947 infra
905 1915 1058 1949 terminos
1078 1927 1130 1949 ve-

381 1970 463 1998 stros
482 1965 707 1999 venationibus
728 1967 844 2000 audeat
860 1978 985 2008 vacare,
1003 1975 1058 2007 aut
1070 1980 1129 2002 nu-

379 2019 427 2061 gis
439 2019 661 2053 consimilibus
675 2031 807 2063 operam
822 2021 910 2054 dare.
920 2022 1128 2057 Decernimus

379 2082 467 2114 ergo,
490 2078 525 2105 ut
545 2073 623 2105 nulli
645 2073 780 2106 omnino
809 2074 979 2107 hominum
1010 2075 1102 2108 liceat
1117 2104 1124 2115 ,
1143 2065 1146 2081 ’

377 2126 660 2169 praenominatum
682 2127 876 2160 coenobium
903 2133 1026 2161 temere
1054 2121 1145 2172 per-¹

378 2179 525 2220 turbare,
550 2185 605 2212 aut
629 2180 696 2213 eius
727 2181 948 2224 possessiones
979 2182 1123 2223 auferre,

378 2233 426 2264 vel
440 2232 561 2266 ablatas
572 2233 722 2274 retinere,
733 2234 892 2272 minuere,
902 2235 948 2267 vel
965 2235 1126 2278 aliquibus

378 2286 602 2319 vexationibus
621 2287 771 2329 fatigare;
797 2288 853 2321 sed
873 2288 982 2321 omnia
1003 2288 1126 2331 integra

378 2345 544 2372 serventur
569 2350 693 2380 eorum,
717 2352 775 2384 pro
801 2352 941 2385 quorum
966 2342 1126 2384 guberna-

380 2392 464 2426 tione
495 2400 525 2426 et
556 2394 811 2428 substentatione
845 2406 997 2429 concessa
1029 2401 1122 2433 sunt.

379 2446 574 2480 omnimodis
592 2448 702 2481 usibus
719 2449 904 2492 profutura:
928 2449 1014 2482 salva
1030 2448 1126 2481 nimi-

380 2509 451 2530 rum
462 2499 643 2533 dioecesani
658 2501 802 2545 episcopi
811 2502 919 2535 debita
930 2501 1120 2535 reverentia.
1139 2478 1143 2543 i

1170 207 1324 233 Romnum

1168 256 1344 290 stitutionis
1372 257 1523 301 paginam
1551 258 1676 299 sciens,
1700 264 1813 292 contra
1839 269 1909 292 eam

1169 316 1289 344 temere
1307 311 1415 344 venire
1429 312 1608 353 tentaverit,
1625 313 1766 346 secundo
1777 312 1912 347 tertiove

1168 364 1384 404 commonita,
1408 364 1470 398 nisi
1496 371 1621 398 reatum
1649 376 1742 399 suum
1769 376 1912 409 congrua

1167 416 1381 451 satisfactione
1402 418 1594 459 correxerit,
1619 419 1784 462 potestatis
1809 419 1912 452 hono-

1167 469 1275 513 risque
1300 470 1348 503 sui
1369 470 1524 513 dignitate
1551 477 1674 512 careat,
1702 482 1856 515 reamque
1879 483 1912 505 se

1167 524 1275 557 divino
1293 524 1412 557 iudicio
1433 525 1566 558 existere
1588 526 1627 558 de
1647 531 1831 569 perpetrata
1850 525 1912 558 ini-

1166 577 1287 621 quitate
1313 585 1540 621 cognoscat,et
1565 590 1583 612 a
1602 579 1819 613 sacratissimo
1839 579 1913 613 Cor-

1166 642 1245 675 pore
1263 643 1300 665 ac
1320 632 1484 674 Sanguine
1513 633 1568 666 Dei
1597 639 1629 666 et
1653 633 1781 666 Domini
1810 632 1912 665 nostri

1166 686 1235 718 Iesu
1252 685 1367 719 Christi
1386 686 1489 719 aliena
1511 686 1576 727 fiat,
1601 692 1697 730 atque
1717 686 1749 718 in
1769 691 1912 719 extremo

1167 739 1312 772 examine
1332 739 1496 774 districtae
1516 740 1632 773 ultioni
1645 740 1819 773 subiaceat.
1831 739 1913 773 Cun-

1167 789 1225 823 ctis
1252 795 1360 823 autem
1381 791 1487 824 eidem
1512 792 1584 824 loco
1604 802 1661 825 sua
1681 791 1751 824 iura
1777 801 1910 824 servan-

1167 843 1251 876 tibus
1271 843 1311 876 sit
1329 854 1389 887 pax
1410 845 1536 878 Domini
1557 845 1657 878 nostri
1682 846 1753 878 lesu
1772 844 1909 884 Christi;

1167 903 1325 940 quatenus
1345 903 1376 930 et
1400 898 1451 931 hic
1476 899 1615 932 fructum
1644 899 1749 932 bonae
1778 898 1912 935 actionis

1165 950 1360 994 percipiant,
1389 956 1419 983 et
1444 952 1530 995 apud
1561 952 1742 985 districtum
1768 951 1910 985 Iudicem

1165 1003 1310 1046 praemia
1329 1010 1479 1037 aeternae
1496 1005 1583 1049 pacis
1603 1005 1777 1038 inveniant.
1793 1007 1907 1040 Amen.

1927 209 1981 237 An.
1998 208 2027 237 C.
2044 207 2112 238 ¹137

1211 1058 1276 1091 Eoo
1305 1059 1520 1093 INNocmrms
1546 1059 1722 1093 catholicae
1750 1059 1910 1093 Ecclesiae
1947 1065 2112 1086 humanit*-

1166 1101 1348 1146 episcopus.
1926 1094 1947 1139 ξι.
1964 1092 2112 1139 R?⁰s¹'}¹¹‡3‡1¹1¹÷¹.¹

1925 1145 2005 1165 natium
2019 1145 2111 1165 sut-scri-

1209 1155 1275 1198 Ego
1295 1156 1419 1198 Petrus,
1441 1157 1611 1191 cardinalis
1631 1157 1797 1202 presbyter
1817 1157 1909 1191 tutuli
1925 1171 2016 1198 paones.

1165 1199 1300 1234 Sanctae
1320 1201 1483 1235 Susannae
1500 1213 1541 1235 ss.

1209 1253 1275 1295 Ego
1290 1254 1475 1297 Gregorius,
1492 1255 1647 1288 diaconus
1667 1255 1839 1289 cardinalis
1859 1255 1906 1289 Ss.

1166 1298 1268 1340 Sergii
1286 1304 1317 1332 et
1335 1299 1464 1332 Bacchi.

1179 1365 1182 1368 ·
1209 1352 1275 1394 Ego
1295 1352 1466 1393 Get-ardus,
1491 1354 1658 1398 presbyter
1670 1354 1842 1387 cardinalis
1858 1354 1906 1388 tit.

1165 1396 1298 1430 Sanctae
1318 1397 1426 1431 Crucis
1446 1398 1478 1430 in
1499 1397 1710 1431 Hierusalem.

1209 1450 1274 1492 Ego
1293 1450 1409 1491 Guido,
1427 1451 1582 1484 diaconus
1602 1452 1774 1485 cardinalis
1793 1452 1824 1485 S.
1847 1452 1910 1486 Ma-

1165 1495 1231 1527 riae
1253 1495 1285 1527 in
1305 1495 1445 1528 Porticu.

1208 1549 1284 1581 Data
1307 1549 1428 1582 Romae
1453 1560 1512 1593 per
1536 1560 1666 1582 manum
1688 1550 1847 1594 Aymerici
1873 1550 1905 1584 S.

1164 1594 1199 1626 R.
1224 1593 1257 1625 E.
1291 1593 1417 1626 diaconi
1445 1594 1616 1627 cardinalis
1644 1601 1675 1628 et
1701 1595 1906 1635 cancellarii,

1164 1637 1241 1670 idib.
1271 1637 1415 1678 ianuar.‚
1439 1638 1668 1672 incarnationis
1698 1639 1789 1672 Dom.
1824 1649 1909 1672 anno

1163 1692 1326 1716 itcxxxvtl.

1218 1735 1276 1762 Dat.
1298 1736 1340 1762 die
1366 1735 1398 1763 13
1418 1736 1532 1763 ianuarii
1552 1744 1622 1763 anno
1642 1736 1748 1764 Domini
1771 1737 1854 1771 1137,

1407 1780 1502 1816 pontif.
1524 1788 1595 1808 anno
1615 1788 1663 1808 vu.

1488 1925 1577 1958 XLII.

1165 1993 1372 2036 Confirmatio
1403 1994 1641 2035 donationum,
1673 1995 1713 2028 ab
1738 1996 1903 2040 episcopo,

1207 2047 1309 2086 clero,
1333 2051 1362 2080 et
1378 2048 1499 2091 populo
1525 2048 1720 2081 Placentino
1743 2050 1907 2092 factarum

1207 2102 1401 2134 monasterio
1420 2100 1620 2135 Columbano
1639 2102 1873 2135 Clarevatlensi
1882 2103 1902 2136 ¹.

1428 2181 1629 2210 SUMMARtUM

1162 2234 1317 2262 Exordium.
1334 2250 1368 2254 —
1387 2235 1463 2262 Bona
1487 2235 1521 2262 ad
1543 2236 1735 2263 monasterium
1758 2238 1907 2272 spectantia

1197 2271 1402 2297 confirmantur.
1413 2285 1427 2290 —
1435 2270 1500 2297 Cum
1510 2271 1619 2299 decreto
1631 2271 1802 2299 omnimodae
1812 2280 1902 2299 exem-

1197 2305 1295 2340 ptionis
1319 2314 1334 2332 a
1353 2305 1488 2333 solutione
1509 2307 1687 2334 decimarum.
1703 2322 1738 2327 —
1753 2307 1902 2335 Ecclesiam

1198 2342 1290 2373 ullam,
1312 2345 1357 2368 aut
1372 2341 1480 2368 domum
1502 2343 1621 2369 construi
1643 2342 1713 2369 intra
1728 2343 1795 2370 fines
1809 2351 1904 2370 mona-

1195 2377 1270 2403 sterii
1281 2376 1460 2403 interdicitur.
1477 2393 1510 2397 —
1521 2378 1662 2405 Decretum
1678 2378 1852 2405 immunitatis
1869 2377 1904 2405 ab

1196 2412 1268 2439 omni
1302 2412 1498 2446 erturbatione‚
1514 2413 1555 2440 vel
1570 2413 1742 2441 alienatione.
1754 2429 1788 2433 -
1803 2413 1904 2440 Solitae

1195 2448 1287 2474 clausu
1300 2456 1341 2474 ae.
1353 2464 1387 2467 —
1402 2447 1550 2475 innocentii
1567 2448 1619 2475 PP.
1637 2453 1664 2475 et
1677 2448 1704 2477 S.
1720 2448 1751 2475 R.
1768 2448 1903 2477 Ecclesiae

1194 2483 1370 2510 cardinalium
1390 2483 1614 2520 subscriptiones.

1197 2547 1205 2572 l
1230 2545 1268 2572 Ex
1287 2545 1389 2573 archiv.
1415 2546 1572 2574 monasterii
1592 2546 1671 2573 huius
1691 2545 1776 2573 edidit
1797 2546 1900 2580 Campi.

379 2551 410 2584 Si
443 2562 506 2595 qua
537 2553 634 2595 igitur
662 2554 875 2598 imposterum
908 2554 1124 2588 ecclesiastica

379 2605 591 2639 saecularisve
611 2616 761 2650 persona,
785 2607 867 2641 lianc
893 2614 1021 2641 nostrae
1047 2618 1123 2641 con-

179 2578 291 2598 clusiones.

1137 2585 1141 2626 Ι
1159 2580 1226 2608 llist.
1247 2582 1383 2616 Placent„
1400 2586 1502 2622 tom31,
1523 2590 1584 2622 pag:
1600 2581 1662 2623 538..
1683 2585 1735 2622 etc:
1753 2580 1900 2622 Ugltellius,

1138 2632 1140 2639 ι
1157 2616 1215 2643 Ital.
1227 2616 1298 2652 Sac.‚
1313 2621 1419 2651 tom.11,
1429 2617 1475 2644 ubi
1491 2617 1524 2644 de
1539 2625 1674 2653 episcopis
1685 2615 1764 2644 huius
1773 2620 1898 2644 civitatis.
