2180 3205
474 276 542 308 7⁸20

419 340 466 374 vix
490 340 527 374 ad
552 339 730 375 tolerandos
757 338 889 374 sufficiat
915 339 1083 374 continuos
1116 339 1164 373 sui

418 390 560 436 corporis
586 389 755 424 cruciatus.
777 388 881 430 Quam
910 400 1035 434 gravem
1063 388 1165 435 siqui-

418 438 489 472 dem
518 439 682 482 iacturam,
710 446 739 473 et
761 450 854 486 quam
879 437 1089 472 miserabilem
1112 450 1164 472 ca-

415 501 486 522 sum
509 488 540 522 in
565 489 709 535 personis
730 497 760 524 et
784 487 878 522 rebus
898 487 950 522 illa
971 488 1078 528 Terra,
1107 500 1164 534 pro

414 550 475 584 qua
511 547 615 584 patres
650 538 809 583 genitores
843 537 940 572 nostri
975 538 1161 583 sanguinem

414 588 576 634 proprium
599 587 780 623 effuderunt
815 587 847 621 in
879 586 1040 630 conflictu,
1067 599 1160 634 quem

413 637 487 671 olim
510 649 581 671 eum
604 637 752 683 gentibus
784 637 904 677 habuit,
927 637 1065 683 peccatis
1087 636 1162 671 exi-

412 686 560 732 gentibus
578 687 618 722 sit
646 699 806 734 perpessa,
828 699 886 721 nec
909 698 965 721 nos
979 687 1048 721 sine
1064 686 1160 721 multa

412 736 518 771 cordis
539 738 753 772 commotione
774 737 955 775 recolimus,
978 748 1036 771 nec
1051 736 1160 783 aliqui,

411 786 548 821 zelantes
576 787 675 832 legem
708 787 848 831 Domini,
878 795 1010 833 possunt
1042 794 1158 820 tantam

410 844 546 882 stragem
567 835 705 871 fidelium
736 837 864 883 patienti
886 837 992 870 animo
1010 835 1158 871 tolerare:

411 886 594 931 praesertim
618 898 689 921 cum
725 887 774 921 illa
803 897 881 932 gens
904 886 1038 932 pessima
1063 897 1161 932 paga-

410 945 522 970 norum
556 936 768 971 incommodis
808 946 838 971 et
874 935 1045 982 periculis,
1079 947 1159 981 quae

408 985 494 1029 genti
526 985 767 1020 christianorum
804 986 1002 1028 intulerunt,
1040 993 1156 1020 tautam

408 1034 571 1069 audaciam
584 1036 759 1083 sumpsisse
778 1035 932 1073 dicantur,
946 1043 979 1070 ut
995 1046 1027 1069 se
1042 1035 1158 1070 iactent

409 1083 628 1131 imprudenter
641 1089 696 1129 (⁴1).
720 1095 832 1120 terram
854 1085 950 1126 illam,
968 1084 1051 1131 quod
1068 1096 1158 1119 aver-

408 1142 452 1168 tat
485 1133 659 1176 Dominus,
692 1136 866 1170 invasuros.
903 1134 1025 1170 Moveat
1052 1135 1157 1181 itaque

410 1195 463 1217 vos
489 1183 574 1219 zelus
595 1185 736 1230 Domini,
764 1197 822 1220 nec
856 1184 966 1231 religio
987 1185 1154 1220 christiana

407 1245 504 1280 super
537 1243 639 1276 tanta,
674 1247 753 1282 quae
787 1235 830 1270 illi
854 1235 968 1270 Terrae
995 1234 1154 1272 imminet,

407 1284 595 1319 contritione
625 1285 789 1327 dormitet,
821 1285 875 1319 sed
911 1285 1057 1318 universa
1089 1284 1154 1318 loca

406 1332 469 1373 illa,
493 1345 572 1380 quae
593 1333 736 1370 Salvator
769 1344 799 1370 et
832 1334 1029 1381 Redemptor
1050 1342 1156 1368 noster

405 1383 560 1429 corporali
602 1385 777 1431 praesentia
813 1384 987 1422 dedicavit,
1023 1383 1155 1419 viriliter

405 1433 578 1474 tueamini;
613 1443 643 1469 et
684 1435 877 1470 contemnite
911 1444 1039 1478 gentes,
1073 1445 1154 1480 quae

405 1481 556 1517 abiiciunt
581 1483 773 1529 Dominum,
805 1494 836 1520 et
857 1484 1063 1519 christianum
1096 1496 1154 1518 no-

405 1543 476 1566 meu
504 1532 543 1567 de
565 1533 655 1568 terris
676 1533 802 1569 abolere
830 1534 982 1568 nituntur.
1006 1533 1075 1568 Non
1107 1543 1153 1568 est

405 1582 514 1628 utique
539 1583 746 1624 christianus,
768 1585 820 1631 qui
845 1584 1054 1632 praescriptae
1075 1583 1153 1619 Ter-

403 1643 455 1665 rae
472 1631 703 1667 calamitatibus
719 1646 780 1668 non
796 1642 950 1678 movetur,
970 1645 1027 1668 nec
1046 1634 1152 1668 accin-

402 1680 488 1725 gitur
509 1681 547 1716 ad
577 1682 677 1729 ipsam
700 1683 740 1718 ab
762 1684 936 1719 infidelium
971 1683 1151 1718 incursibus

403 1729 645 1770 defendendam,
667 1745 759 1779 quam
779 1745 936 1780 occupare
952 1732 1105 1773 laborant,
1121 1742 1150 1767 et
1170 1750 1172 1752 v

402 1780 479 1824 suis,
506 1781 590 1828 quod
616 1781 708 1826 absit,
731 1784 892 1830 spurcitiis
915 1782 1090 1830 profanare.
1109 1783 1149 1818 Hi

402 1837 519 1874 autem,
542 1831 595 1877 qui
617 1843 654 1866 ex
678 1832 766 1867 vobis
789 1833 883 1869 fortes
905 1841 990 1873 sunt,
1006 1842 1036 1867 et
1058 1832 1150 1867 bellis

402 1880 587 1916 exercendis
610 1881 726 1921 idonei,
746 1895 806 1918 non
830 1884 935 1918 minus
957 1891 1046 1917 scuto
1065 1883 1148 1922 fidei,

401 1936 432 1962 et
448 1929 543 1965 lorica
571 1931 717 1972 iustitiae,
740 1945 833 1979 quam
862 1932 1078 1968 materialibus
1099 1946 1150 1969 ar—

401 1978 463 2013 mis
484 1979 599 2020 induti,
623 1989 682 2014 tam
707 1982 792 2028 pium
816 1995 909 2030 qnam
936 1984 1147 2018 necessarium

401 2039 491 2073 opus,
519 2041 556 2064 ac
589 2029 728 2065 laborem
759 2031 853 2067 huius
887 2033 1148 2079 peregrinationis

401 2088 579 2120 assuman13
598 2088 628 2115 et
650 2080 716 2115 loca
739 2081 803 2121 illa,
827 2082 989 2129 inquibus
1010 2082 1148 2118 Redem-

402 2135 474 2174 ptor
495 2128 625 2163 humani
653 2131 780 2176 generis
798 2144 855 2179 pro
869 2131 961 2166 nobis
983 2133 1067 2167 nasci
1093 2145 1149 2168 vo-

403 2177 471 2217 luit,
487 2187 518 2213 et
533 2187 664 2213 mortem
681 2179 777 2214 subiit
791 2181 1008 2229 temporalem,
1027 2186 1145 2229 potenti

402 2228 516 2262 virtute
538 2227 721 2271 defendant,
744 2242 783 2265 ne
812 2231 1010 2278 temporibus
1033 2233 1147 2268 nostris

401 2279 553 2313 sustineat
583 2279 614 2312 in
647 2279 708 2314 illis
751 2281 893 2327 partibus
936 2281 1147 2317 christianitas

401 2325 637 2363 detrimentum.
672 2328 755 2364 Cum
789 2331 873 2365 enim
907 2330 1055 2366 Christus
1091 2344 1146 2377 pro

399 2376 499 2412 salute
521 2387 625 2413 nostra
647 2379 815 2426 opprobria
833 2380 943 2421 multa,
965 2390 995 2416 et
1017 2380 1144 2416 demum
1165 2410 1168 2427 i

399 2428 502 2461 crucis
532 2427 705 2474 patibulum
727 2430 922 2471 sustinuerit,
952 2439 984 2466 ut
1017 2443 1076 2465 nos
1097 2431 1169 2486 οΓ-Ι

400 2474 493 2511 ferret
504 2476 581 2516 Deo,
592 2477 793 2513 mortificatos
807 2479 934 2526 quidem
949 2492 1054 2520 carne,
1065 2482 1145 2516 iusti·
1165 2488 1168 2520 ι

401 2524 508 2559 fucatos
524 2529 568 2569 (⁹2)
581 2536 685 2562 autem
695 2528 819 2575 spiritu,
832 2529 959 2576 expedit
973 2530 1144 2565 admodum
1164 2523 1168 2538 ¹

401 2574 491 2608 saluti
517 2577 667 2619 fidelium,
685 2587 716 2612 ut
736 2590 792 2625 pro
808 2579 876 2625 ipso
891 2591 1021 2626 corpora
1041 2591 1144 2614 nosti-22
1165 2610 1168 2618 ,

224 281 272 309 λη.
294 282 321 309 C.
339 285 405 311 ¹¹70

234 388 296 408 serm
319 391 404 416 praedi-

220 420 275 439 ‹tn-t,-
291 427 302 440 η
318 423 403 447 paganis

220 452 333 472 det-talaia.

219 1131 393 1157 nortaturreges,

212 1165 319 1190 prinripes
373 1168 394 1185 et

211 1201 284 1215 omnes
299 1195 352 1215 alios
368 1196 393 1215 nd

210 1226 324 1246 subsidium
341 1226 394 1247 Ter-

210 1262 245 1277 rae
261 1256 365 1282 §.nitelam

218 2079 265 2101 Lori
280 2082 386 2106 nimirum,

205 2111 236 2130 utu
261 2110 388 2138 Redemptor

204 2145 276 2162 nostri·
292 2143 350 2162 nasa-i
366 2146 387 2163 et.

205 2174 254 2193 inuri
291 2175 387 2199 diguatus

204 2207 242 2223 c<t⁴

436 2645 475 2677 (i)
492 2645 660 2676 lmpndrnter
679 2648 722 2680 (ux
740 2648 818 2683 Cocq.
838 2650 905 2675 Add.
925 2653 948 2675 el
966 2649 1059 2684 Col'r.)

436 2680 475 2714 (ἢ.)
496 2680 613 2706 Forsitan
630 2684 778 2715 vivificatos.

1002 283 1102 306 BELLA
1108 283 1190 306 num
1217 284 1381 307 ROMANUM

1969 288 2020 314 An.
2042 286 2071 314 C.
2087 287 2152 316 ¹¹70

1208 338 1355 386 periculis
1376 348 1407 374 et
1429 339 1589 374 laboribus
1604 352 1809 388 exponamus,
1827 354 1868 377 ne
1886 355 1956 390 pre-

1206 388 1284 423 tium
1323 389 1499 436 sanguinis,
1522 401 1615 437 quem
1643 402 1700 436 pro
1722 391 1812 426 nobis
1833 392 1953 433 effudit.

1206 439 1368 473 videamur
1389 438 1488 473 obliti.
1512 439 1762 475 Animadvertite
1781 441 1885 487 igitur,
1905 443 1954 477 di-
1982 457 2152 481 Eosmozttsom-

1205 487 1276 522 lecti
1299 488 1329 522 in
1353 487 1481 523 Christo
1504 488 1571 533 lilii,
1586 497 1617 523 et
1636 489 1748 532 videte,
1769 502 1862 537 quam
1880 488 2152 541 p1·0—‡}{¹¹2¹'{m?3¹{m‘“²³‘

1204 536 1346 581 brosum,
1376 547 1406 572 et
1432 550 1527 585 quam
1559 550 1693 573 maerore
1720 538 1851 584 dignum
1879 542 1954 576 cxi-
1997 537 2000 540 ”
2052 536 2054 538 ’
2097 537 2102 541 ’

1203 594 1298 622 steret
1327 587 1517 627 christianis,
1539 588 1564 622 si
1592 587 1742 623 adversus
1764 589 1953 625 habitatores

1203 644 1303 672 terrae
1325 636 1410 672 illius
1432 637 1551 672 inimici
1574 636 1687 672 Crucis
1705 637 1823 674 Christi
1847 639 1952 675 denuo

1203 687 1431 733 praevalerent:
1455 688 1536 722 sicut
1558 699 1612 722 eos
1639 687 1865 735 praevalituros
1888 702 1949 724 nou

1203 737 1360 771 modicum
1394 736 1623 777 formidamus,
1651 737 1711 771 nisi
1747 737 1786 772 de
1818 738 1951 774 diversis

1202 786 1343 832 partibus
1365 786 1607 822 christianorum
1623 786 1771 821 auxilium
1797 787 1950 823 habitato-

1202 835 1288 870 ribus
1310 837 1388 883 ipsis
1419 848 1490 871 cum
1513 835 1713 871 festinatione
1734 845 1947 873 succurratur.

1200 885 1246 920 Nc
1269 886 1365 932 igitur
1386 885 1597 921 christianitas
1618 886 1783 932 gentilitati
1805 899 1950 922 succum·
1975 898 2147 926 ludutgenttast

1200 934 1262 979 bat,
1285 936 1358 970 totis
1380 936 1503 971 nisibus
1531 936 1723 982 praevidete;
1745 937 1816 983 quia
1835 937 1948 973 melius
1963 931 2138 957 ''¹³²¹'⁸⁰⁰⁵⁵⁰‘¹'

1961 960 2000 981 bus
2024 968 2033 982 r

1199 992 1245 1019 eSi
1263 994 1492 1032 Stlpel'ventlli'o
1508 986 1589 1020 malo
1604 994 1675 1020 ante
1695 995 1818 1032 [empus
1833 999 1947 1021 OCCUI'-
1960 997 1986 1012 ¹⁷²
2009 964 2147 1014 mimaga-

1521 1035 1527 1040 ,
1961 1028 2033 1044 cessas
2065 1026 2145 1046 contir-

1199 1046 1278 1075 rere,
1294 1047 1387 1082 qnam
1412 1035 1582 1070 remedium
1606 1044 1677 1082 post
1699 1047 1824 1071 causam
1847 1049 1947 1083 quae·
1961 1058 2010 1075 nm,

1199 1096 1266 1119 rere
1293 1085 1505 1126 vulneratam3
1541 1084 1603 1119 illis
1637 1093 1764 1129 autem,
1798 1087 1852 1132 qui
1889 1100 1946 1134 pro

1198 1133 1324 1169 Christo
1347 1135 1443 1169 huius
1463 1135 1531 1169 viae
1545 1134 1683 1169 laborem
1706 1137 1945 1182 assumpserint,

1198 1183 1279 1218 illam
1303 1184 1533 1231 indulgentiam
1552 1193 1764 1230 peccatorum,
1786 1197 1878 1231 quam
1895 1199 1946 1233 pa-

1197 1241 1260 1267 tres
1292 1243 1322 1269 et
1356 1235 1615 1281 praedecessores
1651 1235 1764 1275 nostri,
1798 1234 1945 1270 Urbanus

1196 1292 1226 1318 et
1253 1283 1428 1330 Eugenius,
1456 1283 1590 1318 Romani
1619 1283 1799 1322 Pontifices,
1824 1293 1944 1320 statue-

1196 1342 1280 1376 runt,
1301 1333 1472 1380 apostolica
1492 1334 1675 1368 auctoritate
1691 1333 1895 1369 concedimus
1912 1344 1943 1370 et

1195 1384 1430 1418 contii-mannis.
1446 1382 1568 1418 Uxores
1582 1393 1764 1433 quoque3et
1787 1383 1866 1419 lilios
1887 1396 1942 1418 eo-

1196 1445 1277 1474 rum,
1300 1442 1330 1468 et
1355 1433 1448 1477 bona,
1469 1442 1500 1468 et
1527 1434 1744 1480 possessiones
1763 1446 1848 1472 suas,
1881 1434 1942 1469 sub

1196 1482 1275 1517 beati
1303 1482 1388 1518 Petri
1415 1491 1445 1517 et
1480 1491 1600 1526 nostra,
1635 1495 1756 1517 necnon
1784 1483 1942 1530 archiepi-

1193 1544 1375 1579 scoporum,
1394 1541 1424 1567 et
1447 1532 1580 1567 aliorum
1598 1532 1804 1579 praelatorum
1831 1532 1940 1568 Eccle-

1193 1582 1257 1616 siae
1271 1609 1278 1621 ,
1314 1582 1516 1617 decernimus
1563 1583 1759 1629 protectione
1797 1594 1939 1622 manere;

1194 1631 1398 1678 prohibentes
1418 1632 1579 1671 attentius,
1601 1644 1640 1665 ne
1663 1632 1813 1666 adversus
1830 1644 1885 1667 eos
1899 1632 1939 1666 de

1194 1682 1252 1723 his,
1274 1694 1354 1728 quae
1386 1681 1513 1728 pacifice
1541 1681 1715 1728 possident,
1742 1681 1846 1729 aliqua
1869 1692 1939 1728 post

1191 1740 1369 1778 susceptam
1384 1731 1518 1766 Crucem
1533 1732 1674 1778 quaestio
1689 1741 1860 1774 moveatur,
1878 1731 1940 1766 do-

1192 1793 1249 1815 nec
1272 1780 1412 1819 redeant,
1434 1781 1481 1815 vel
1501 1781 1539 1815 de
1560 1781 1700 1827 ipsorum
1716 1781 1803 1816 obitu
1827 1782 1939 1816 certis-

1190 1831 1270 1865 sime
1297 1840 1514 1877 cognoscatur.
1538 1830 1645 1866 Liceat
1667 1839 1769 1865 autem
1792 1831 1850 1875 eis,
1874 1839 1938 1865 ter—

1191 1892 1240 1914 ras
1278 1892 1334 1915 seu
1378 1881 1594 1928 possessiones
1630 1880 1705 1915 alias
1721 1908 1728 1921 ,
1772 1889 1936 1927 postquam

1191 1930 1360 1977 pzopinqui
1395 1938 1449 1965 aut
1477 1930 1598 1964 domini
1631 1931 1698 1970 sui,
1733 1929 1771 1964 ad
1800 1942 1935 1976 quorum

1190 1977 1318 2014 feudum
1338 1980 1681 2026 pertinent,pecuniam
1699 1980 1775 2026 ipsis
1794 1988 1936 2015 mutuare

1189 2038 1241 2064 aut
1263 2029 1430 2068 noluerint,
1446 2042 1500 2064 aut
1521 2042 1582 2064 non
1603 2031 1770 2076 potuerint,
1786 2029 1936 2064 Ecclesiis

1190 2079 1236 2113 vel
1263 2079 1484 2114 ecclesiasticis
1504 2079 1596 2122 viris,
1618 2087 1672 2114 aut
1697 2079 1767 2113 aliis
1789 2078 1935 2113 fidelibus

1187 2128 1287 2162 libere
1316 2137 1346 2163 et
1367 2129 1436 2163 sine
1459 2128 1519 2163 ulla
1549 2128 1770 2164 reclamatione
1793 2140 1848 2175 pro
1876 2141 1935 2163 ex-

1188 2178 1294 2226 pensis
1315 2178 1409 2213 huius
1432 2179 1552 2214 itineris
1575 2179 1664 2213 titulo
1687 2178 1827 2226 pignoris
1852 2177 1933 2212 ohli-

1186 2240 1269 2274 gare.
1293 2227 1455 2263 Praeterea
1477 2229 1671 2276 quicumque
1692 2228 1731 2262 de
1746 2228 1818 2261 viris
1841 2227 1932 2262 belli-

1187 2278 1291 2317 cosis,
1326 2287 1356 2313 et
1395 2278 1432 2313 ad
1468 2278 1552 2312 illius
1573 2277 1688 2312 Terrae
1715 2277 1930 2312 defensionem

1187 2327 1321 2367 idoneis,
1343 2327 1393 2367 illa
1412 2336 1517 2362 sancta
1534 2328 1599 2362 loca
1619 2328 1738 2362 l'ervore
1756 2327 1932 2362 devotionis

1186 2377 1331 2417 adierint,
1353 2385 1384 2411 et
1402 2377 1443 2411 ibi
1465 2377 1591 2412 duobus
1614 2379 1703 2412 annis
1717 2386 1823 2412 contra
1843 2376 1932 2412 Sara-

1187 2438 1281 2461 cenos
1314 2439 1369 2473 pro
1397 2427 1556 2461 christiani
1587 2428 1725 2462 nominis
1747 2427 1931 2462 defensione

1188 2479 1392 2522 pugnaverint
1425 2476 1464 2511 de
1496 2476 1565 2511 Iesu
1600 2476 1715 2511 Christi
1749 2477 1871 2523 pietate,
1900 2484 1931 2510 et

1187 2526 1225 2559 de
1248 2525 1409 2561 beatorum
1436 2525 1518 2561 Petri
1543 2534 1572 2561 et
1595 2525 1682 2561 Pauli
1717 2526 1929 2573 apostolorum

1187 2584 1368 2610 auctoritate
1402 2576 1524 2616 conlisi,
1551 2576 1597 2610 eis
1624 2577 1766 2610 omnium
1788 2587 1930 2614 suorum,

1970 1399 2040 1425 finos,
2060 1407 2140 1423 uxores

1955 1433 1977 1451 et
1991 1433 2139 1458 possessiones

1955 1461 2038 1482 itteram
2051 1463 2088 1483 suh
2098 1463 2140 1483 Sc-

1955 1493 1986 1513 dis
2001 1493 2138 1520 hasnoth-,us

1955 1525 2088 1550 protectione:
2103 1530 2139 1545 su-

1954 1555 2024 1581 scipit.

1961 2240 2112 2268 indulgentiam

1947 2273 2037 2292 oninium
2054 2273 2129 2299 vitipa-

1947 2311 1990 2325 rmu
2001 2311 2038 2331 prn
2052 2304 2130 2326 Terrae

1945 2337 2036 2357 Sation-te
2054 2337 2130 2360 delen-

1947 2368 2042 2393 soribus;

1164 2624 1224 2663 :de
1258 2625 1374 2659 astibus
1410 2625 1504 2659 eorde
1535 2627 1669 2660 contrito
1703 2633 1733 2660 et
1766 2624 1931 2659 humiliato

1269 2653 1276 2671 Ι

1162 2667 1417 2710 lconl'essionem
1444 2676 1663 2715 susceperint,
1697 2674 1931 2710 absolutionem
