2180 3205
181 287 229 312 An.
251 285 278 312 C.
299 286 363 312 1118

196 603 319 624 Adhortaiio
334 603 362 624 :id

179 630 322 655 oldegarium.

445 269 516 301 ⁶284

387 333 591 368 ecclesiarum
619 340 648 366 ct
675 330 916 378 episcoporum,
938 343 992 364 scu
1017 329 1137 364 ordina-

388 386 529 420 tionibus
555 385 760 428 clericorum,
796 392 826 418 et
852 383 1053 418 anniversarii
1091 383 1133 416 tui

387 439 448 480 die,
476 439 567 473 cuius
595 439 745 472 nimirum
769 437 876 485 pallii,
910 438 1072 477 volumus,
1109 445 1137 471 te

387 505 443 539 per
465 493 571 527 omnia
595 492 722 537 genium
752 491 933 526 vendicare:
969 490 1062 525 liuius
1091 491 1139 524 51-

386 546 515 592 quidem
540 545 716 579 indumenti
740 545 841 579 honor
862 544 1022 579 humilitas
1045 553 1138 591 atque

386 599 503 634 iustitia
537 607 594 634 est.
631 599 709 633 Tota
734 611 807 645 ergo
835 607 939 633 mente
961 599 1136 632 fraternitas

386 663 435 688 tna
455 666 487 687 se
503 653 650 687 exhibere
666 652 791 686 festinet
806 652 836 686 in
854 652 1004 699 proximis
1018 654 1061 694 (t)
1078 652 1136 686 liu-

386 708 508 740 milem:
544 706 575 739 in
599 705 749 745 adversis,
777 706 801 739 si
826 706 951 752 quando
975 706 1135 746 eveniunt,

386 774 456 795 cnm
485 760 602 795 iustitia
644 768 802 795 erectum:
845 760 962 794 nullius
997 771 1134 806 unquam

386 815 495 849 facicm
519 822 626 849 contra
654 814 813 848 veritatem
838 813 1037 860 suscipiens:
1062 813 1136 847 1101-

385 869 446 903 lius
462 881 600 915 unquam
623 868 732 902 faciem
757 880 812 914 pro
834 868 962 902 veritate
979 867 1135 913 loquentis

385 934 559 968 praemens:
572 921 704 956 infirmis
718 921 929 968 compatiens:
950 921 1136 955 benevalen-

340 975 342 977 ’
384 975 469 1010 tibus
495 974 713 1021 congaudens,
746 975 846 1008 aliena
870 974 982 1008 damna
1006 981 1056 1008 tua
1079 973 1136 1008 de—

385 1038 514 1075 putans:
544 1028 624 1062 vitiis
652 1028 703 1075 pie
739 1028 897 1063 saeviens:
928 1027 1135 1073 in-sovendis

335 1104 338 1106 ψ
384 1082 551 1117 virtutibus
577 1082 696 1117 animas
723 1081 903 1116 auditorum
932 1081 1132 1116 demulcens:

225 1583 304 1604 celasti
318 1583 359 1604 Pr.

175 1610 311 1636 subscriptio.

385 1136 413 1169 in
438 1136 481 1169 ira
505 1135 656 1170 iudicium
682 1135 751 1170 sine
772 1135 817 1169 ira
838 1143 965 1169 tenens:
996 1135 1024 1169 in
1047 1142 1135 1170 tran-

382 1188 535 1236 quillitate
566 1189 740 1223 severitatis
767 1188 866 1223 iustae
881 1200 1048 1223 censuram
1071 1201 1133 1223 non

383 1243 542 1277 deserens.
566 1242 652 1277 Haec
666 1250 724 1287 est,
746 1242 840 1277 frater
854 1242 1025 1282 carissime,
1048 1242 1133 1289 pallii

383 1296 503 1343 accepti
526 1296 675 1342 dignitas3
704 1309 797 1343 quam
825 1296 849 1331 si
878 1296 1000 1330 solicite
1021 1309 1134 1331 serva-

385 1350 482 1394 veris,
516 1350 599 1397 qnod
635 1350 712 1385 foris
750 1350 910 1396 accepisse
936 1350 1134 1395 ostenderis,

384 1403 470 1437 intus
492 1403 633 1438 habebis.
662 1403 777 1438 Sancta
804 1403 941 1437 Trinitas
963 1402 1135 1438 fraternita-

386 1465 449 1491 tem
482 1464 566 1491 tuam
595 1469 649 1504 per
676 1465 817 1503 tempora
850 1457 942 1503 longa
971 1465 1133 1491 conservet

384 1510 589 1544 incolumem.

432 1563 504 1598 EGO
549 1563 713 1598 GELAStUS
754 1563 915 1598 Ecclesiae
961 1563 1133 1599 catholicae

382 1617 563 1663 episcopus.

570 1675 702 1718 Siquam
731 1687 840 1708 manus
863 1687 944 1708 metr.

507 1744 587 1766 neus
614 1744 646 1766 iN
680 1744 763 1766 Loco
794 1744 915 1766 smero
942 1744 1012 1766 sco.

431 1789 498 1834 Ego
520 1789 724 1824 Crescentius
751 1789 936 1824 Sabinensis
963 1791 1132 1838 episcopus

382 1848 443 1876 etc.
463 1845 520 1885 (l).

430 1894 556 1930 Caietae
569 1907 625 1942 per
636 1907 764 1930 manum
781 1894 978 1943 Chrysogoni
993 1897 1027 1931 S.
1042 1897 1080 1931 R.
1093 1897 1129 1931 E.

382 1948 560 1993 cardinalis,
587 1961 636 1983 xit
659 1949 718 1984 kal.
741 1949 860 1996 aprilis,
889 1950 1059 1984 indictione
1083 1964 1129 1990 xi,

381 2013 464 2036 anno
504 2001 680 2036 dominicae
721 2003 943 2037 incarnationis
976 2015 1129 2045 ,πρυ-111,

382 2054 583 2101 pontificatus
604 2064 706 2091 autem
720 2056 825 2091 domni
838 2056 955 2092 Gelasii
972 2057 1074 2104 Papae
1092 2058 1130 2099 lt,

382 2120 465 2142 anno
486 2121 509 2143 1.

436 2174 498 2204 Dat.
517 2175 563 2205 die
586 2176 620 2205 21
647 2175 743 2205 martii
762 2184 837 2205 anno
855 2175 971 2205 Domini
992 2177 1077 2212 1118,

639 2224 740 2263 pontis.
759 2233 834 2254 anno
853 2233 872 2253 1.

418 2285 457 2320 (t)
473 2286 553 2312 Forte
569 2289 715 2318 prosperis.
755 2286 792 2320 (R.
810 2285 850 2319 T.)

418 2324 456 2359 (2)
474 2325 595 2351 Addendi
620 2328 695 2351 sunt:
722 2327 815 2351 Seianas
835 2327 952 2357 archiep.
977 2328 1129 2357 Cnpuanus.

417 2364 571 2389 Lambertus
591 2365 733 2390 Hostiensis
748 2367 890 2396 episcopus.

419 2406 515 2429 Petrus
535 2404 688 2429 Porinensis
704 2406 847 2437 episcopus.

418 2443 492 2474 Ηιιῃο
523 2445 668 2469 cardinatis
695 2445 834 2476 presbyter
858 2446 898 2469 tit.
928 2444 965 2469 Ss.
996 2445 1130 2469 duodecim

382 2483 578 2514 Apostolorum.

419 2522 513 2546 Petrus
529 2524 673 2547 cardinalis
691 2524 830 2555 presbyter
843 2525 887 2549 tit.
905 2523 1015 2548 Sanctae
1033 2523 1131 2548 Susan-

382 2568 447 2585 nae:
459 2568 471 2586 a
485 2560 634 2592 Rebussosa,
653 2561 794 2593 nescimus,
811 2570 844 2588 an
855 2570 868 2588 a
880 2562 1014 2593 BuHando,
1026 2562 1128 2588 omissi.

382 2599 524 2625 Boliandns
544 2600 651 2633 quidem
671 2601 783 2627 restitnit
804 2603 828 2627 in
847 2603 916 2628 notis
932 2601 963 2627 ad
981 2605 1058 2636 caput
1077 2605 1130 2628 ter-

382 2641 446 2665 tium
466 2639 538 2666 Vitae
557 2639 585 2666 S.
603 2639 744 2674 Oidegarii.
758 2641 925 2668 Rebultosam
937 2649 989 2668 non
1002 2641 1126 2668 vidimus.

425 2701 438 2708 α

987 276 1085 298 ΒΓΙᾸΑ
1091 276 1121 297 ttt
1128 274 1171 297 [M
1201 274 1365 296 ROMANUH

1537 326 1574 361 Π.

1182 410 1270 440 Bona
1292 409 1406 445 mimia,
1429 408 1471 440 acl
1495 408 1690 440 Clum'acense
1711 407 1932 440 monaster-'um

1227 458 1404 501 spectantia,
1429 458 1554 501 pacifice
1574 468 1689 500 semper·
1709 463 1735 489 ec
1757 458 1855 500 quiete
1875 457 1931 489 sub

1227 508 1293 538 iure.
1314 507 1443 539 eiusdem
1475 505 1656 539 wionastcrt'i
1676 506 1760 550 sore,
1795 506 1932 539 declara·

1229 561 1280 588 tw*
1304 558 1359 598 (t).

1446 631 1662 662 Stssstttsnlmt

1178 698 1345 727 Exordium.
1363 714 1402 720 —
1419 697 1635 727 Confirtnantur
1658 697 1734 727 bona
1760 698 1859 728 omnia
1891 699 1929 729 ad

1217 742 1412 772 Cluniacense
1445 742 1655 772 monasterium
1687 742 1858 781 spectantia.
1889 759 1930 766 —

1218 786 1294 816 Bona
1319 787 1390 816 haec
1422 786 1458 816 ab
1481 787 1561 816 omni
1592 786 1812 825 perturbatione
1833 786 1928 818 libera

1218 831 1414 861 declarantur.
1431 848 1470 853 —
1491 831 1601 861 Gelasii
1621 831 1674 860 PP.
1700 830 1888 871 subscriptio.

1177 905 1282 935 Gelasiiis
1313 906 1431 944 episcopus
1457 915 1535 935 servus
1567 915 1682 935 serrorum
1712 905 1766 943 net,
1794 906 1927 937 charissimo

1216 949 1279 979 fratri
1298 949 1379 980 Pontio
1401 950 1547 980 cluniacensi
1562 950 1649 988 abbati,
1665 951 1763 980 salutent
1781 954 1802 980 et
1817 951 1926 990 apostoli-

1216 1003 1264 1024 rain
1288 994 1480 1024 benedictionem.

1224 1064 1442 1100 Cluniacensis
1459 1065 1637 1100 monasterii
1653 1065 1791 1111 prudens
1816 1065 1925 1112 religio

1175 1122 1205 1149 et
1226 1114 1369 1160 religiosa
1392 1114 1570 1161 prudentia,
1597 1122 1627 1148 et
1659 1122 1730 1149 ante
1760 1122 1864 1150 nostra
1892 1123 1924 1150 et

1176 1164 1290 1198 nostris
1311 1164 1521 1210 temporibus,
1548 1164 1723 1198 Romanam
1749 1164 1923 1200 Ecclesiam

1177 1214 1311 1248 maxime
1332 1213 1390 1248 sibi
1412 1213 1485 1248 fecit
1506 1212 1689 1247 obnoxiam.
1718 1212 1782 1247 Sed
1803 1221 1924 1260 praeter

1176 1262 1252 1296 illud
1280 1274 1448 1297 commune
1475 1262 1651 1296 dilectionis
1677 1261 1830 1304 debitum,
1850 1275 1924 1310 per-

1175 1324 1270 1346 sonae
1298 1320 1367 1346 tuae
1393 1312 1557 1346 sinceritas
1589 1311 1664 1345 1111111
1687 1323 1813 1358 semper
1833 1323 1924 1347 ama-

1176 1360 1259 1404 bilis,
1283 1373 1407 1407 semper
1428 1358 1585 1407 optabilis,
1609 1361 1767 1395 charitatis
1797 1369 1923 1396 nostrae

1176 1411 1291 1444 viscera
1315 1410 1424 1457 plenis,
1448 1419 1481 1444 ut
1497 1411 1589 1452 nosti,
1612 1409 1729 1445 finibus
1750 1409 1920 1456 ampliavit.

1174 1458 1294 1493 Idcirco
1318 1459 1520 1505 petitionibus
1543 1459 1621 1502 1015,
1644 1459 1704 1493 11115
1732 1459 1921 1506 praecipue,

1175 1520 1254 1554 quae
1281 1508 1320 1542 ad
1343 1508 1521 1542 monasterii
1545 1508 1640 1542 nostri
1662 1507 1799 1555 quietem
1823 1516 1853 1543 et
1870 1521 1921 1542 sa-

1175 1557 1270 1591 lntem
1293 1565 1447 1604 spectant,
1471 1569 1667 1604 nequaquam
1696 1557 1844 1591 duximus
1863 1557 1922 1592 ob-

1176 1606 1335 1640 viandum.
1382 1606 1441 1640 Per
1478 1606 1650 1652 praesentis
1677 1606 1770 1652 igitur
1803 1606 1921 1641 decreti

1176 1656 1340 1701 paginam,
1376 1655 1548 1690 secundum
1584 1656 1826 1702 postulationem
1858 1655 1922 1690 sra-

1176 1705 1327 1739 ternitatis
1354 1713 1436 1744 tuae,
1476 1704 1700 1751 praecipimus,
1727 1713 1820 1751 atque
1854 1713 1922 1739 sta-

1175 1754 1302 1797 tuimus,
1327 1762 1358 1788 ut
1373 1753 1524 1800 quicquid
1547 1754 1768 1800 possessionis,
1790 1753 1830 1788 ad
1847 1753 1922 1789 Clu-

1174 1803 1320 1837 niacense
1354 1803 1578 1837 monasterium
1607 1803 1804 1849 pertinentis,
1833 1815 1921 1838 reve-

1175 1852 1377 1886 rendissimae
1398 1852 1568 1886 memoriae
1596 1852 1819 1898 praedecessor
1843 1860 1918 1887 10115

1174 1900 1265 1946 lingo
1289 1901 1318 1934 10
1342 1901 1391 1935 (110
1406 1901 1515 1934 11101115
1537 1912 1612 1935 suae
1631 1913 1685 1947 per
1706 1902 1919 1936 authenticam

1173 1949 1387 1984 Romanorum
1431 1949 1620 1984 Pontificum
1658 1951 1894 1985 concessionem
1909 1977 1919 1994 ,

1172 1999 1298 2045 quiete,
1320 2011 1356 2033 ac
1382 1999 1450 2033 sine
1472 1998 1627 2033 calumnia
1650 1999 1851 2045 possidebat,
1885 2007 1918 2034 tu

1173 2060 1313 2095 qnoque,
1355 2048 1462 2094 tuique
1496 2060 1712 2088 successores,
1747 2049 1851 2095 quiete
1883 2060 1920 2083 ac

1172 2097 1241 2130 siae
1263 2097 1418 2132 calumnia
1433 2097 1630 2144 possideatis.
1653 2098 1696 2132 Ea
1712 2097 1817 2141 etiam,
1839 2109 1920 2144 quae

1173 2159 1243 2196 post
1265 2159 1348 2184 tuam
1374 2150 1604 2197 provectionem
1628 2149 1829 2184 Cluniacensi
1849 2162 1919 2184 mo-

1174 2204 1321 2248 nasterio,
1356 2204 1403 2238 vel
1431 2216 1484 2250 per
1506 2211 1612 2242 tuam,
1634 2204 1682 2238 vel
1712 2216 1766 2251 per
1788 2203 1918 2238 fratrum

1174 2266 1300 2291 tuorum
1340 2257 1548 2297 industriam,
1594 2257 1734 2303 legitime
1767 2256 1920 2303 acquisita

1173 2319 1255 2351 sunt,
1274 2311 1374 2351 firma,
1398 2310 1501 2357 quieta
1525 2318 1553 2344 et
1571 2311 1688 2356 integra
1704 2310 1919 2344 conservanda

1172 2376 1350 2398 censemus.
1399 2364 1552 2398 Volumus
1587 2364 1670 2398 enim
1709 2362 1918 2398 Cluniacense

1172 2418 1409 2456 monasterium,
1432 2425 1558 2452 auctore
1581 2416 1658 2455 Deo,
1678 2417 1709 2450 in
1722 2417 1826 2463 quiete
1847 2429 1919 2464 per-

1173 2480 1265 2517 petua
1307 2477 1337 2503 et
1372 2470 1593 2516 tranquillitate
1629 2470 1814 2516 persistere;
1842 2478 1918 2505 uta

1171 2523 1382 2558 saecularibus
1417 2523 1614 2567 tumultibus,
1648 2523 1736 2557 liberi
1771 2524 1919 2571 omnipo-

1206 2601 1244 2635 (1)
1261 2601 1302 2627 Ex
1321 2601 1459 2628 Cbartario
1479 2601 1595 2628 Cluniae.
1617 2600 1697 2628 edidit
1719 2601 1796 2627 Mart.
1809 2601 1917 2628 Marrier

1172 2641 1236 2667 Bibl.
1253 2641 1369 2668 Cluniae.
1388 2641 1437 2668 col.
1455 2640 1515 2667 57⁶2.

1955 276 2004 304 An.
2023 276 2135 308 &1118

1982 1083 2102 1106 Exordium.

1984 1613 2136 1636 Conni-mantin·

1951 1641 2006 1661 bona
2021 1641 2092 1662 omnia
2107 1641 2136 1662 ad

1951 1667 2136 1689 ciuuiaceusemn·

1951 1694 2066 1715 nasterium
2087 1699 2136 1721 spe·

1951 1721 2039 1742 etant-ia.

1973 2381 2030 2402 Bona
2039 2381 2093 2402 haec
2101 2379 2128 2401 ab

1946 2408 2001 2429 omni
2021 2407 2129 2433 perturba-

1946 2435 2002 2455 tione
2013 2435 2080 2454 libera
2090 2433 2128 2454 do-

1946 2461 2057 2481 clarantur.
