<?xml version="1.0" encoding="UTF-8"?>
<!DOCTYPE html PUBLIC "-//W3C//DTD XHTML 1.0 Transitional//EN"
    "http://www.w3.org/TR/xhtml1/DTD/xhtml1-transitional.dtd">
<html xmlns="http://www.w3.org/1999/xhtml" xml:lang="en" lang="en">
 <head>
  <title>
</title>
<meta http-equiv="Content-Type" content="text/html;charset=utf-8" />
  <meta name='ocr-system' content='tesseract 3.04.00' />
  <meta name='ocr-capabilities' content='ocr_page ocr_carea ocr_par ocr_line ocrx_word'/>
</head>
<body>
  <div class='ocr_page' id='page_1' title='image "./bullarumdiplomat02cath_0550.png"; bbox 0 0 2180 3205; ppageno 0'>
   <div class='ocr_carea' id='block_1_1' title="bbox 177 234 1125 684">
    <p class='ocr_par' dir='ltr' id='par_1_1' title="bbox 177 234 1125 640">
     <span class='ocr_line' id='line_1_1' title="bbox 177 234 495 273; baseline -0.016 -1"><span class='ocrx_word' id='word_1_1' title='bbox 177 244 228 273; x_wconf 76' lang='lat' dir='ltr'>An.</span> <span class='ocrx_word' id='word_1_2' title='bbox 247 244 357 272; x_wconf 75' lang='grc'><strong>01116</strong></span> <span class='ocrx_word' id='word_1_3' title='bbox 425 234 495 268; x_wconf 72' lang='grc'>559.</span> 
     </span>
     <span class='ocr_line' id='line_1_2' title="bbox 373 291 1124 346; baseline -0.012 -12"><span class='ocrx_word' id='word_1_4' title='bbox 373 311 514 346; x_wconf 75' lang='lat' dir='ltr'>congrue</span> <span class='ocrx_word' id='word_1_5' title='bbox 540 295 763 340; x_wconf 77' lang='lat' dir='ltr'>emendaverit,</span> <span class='ocrx_word' id='word_1_6' title='bbox 787 293 950 342; x_wconf 84' lang='lat' dir='ltr'>potestatis</span> <span class='ocrx_word' id='word_1_7' title='bbox 971 291 1124 327; x_wconf 86' lang='lat' dir='ltr'>honoris—</span> 
     </span>
     <span class='ocr_line' id='line_1_3' title="bbox 374 341 1125 395; baseline -0.012 -12"><span class='ocrx_word' id='word_1_8' title='bbox 374 362 435 395; x_wconf 83' lang='lat' dir='ltr'>que</span> <span class='ocrx_word' id='word_1_9' title='bbox 462 348 509 382; x_wconf 88' lang='lat' dir='ltr'>sui</span> <span class='ocrx_word' id='word_1_10' title='bbox 538 354 639 382; x_wconf 81' lang='lat' dir='ltr'>carcat</span> <span class='ocrx_word' id='word_1_11' title='bbox 657 346 818 392; x_wconf 71' lang='lat' dir='ltr'>dignitate,</span> <span class='ocrx_word' id='word_1_12' title='bbox 840 352 869 379; x_wconf 89' lang='lat' dir='ltr'>et</span> <span class='ocrx_word' id='word_1_13' title='bbox 897 341 1125 388; x_wconf 83' lang='lat' dir='ltr'>omnipotentis</span> 
     </span>
     <span class='ocr_line' id='line_1_4' title="bbox 373 391 1123 439; baseline -0.011 -7"><span class='ocrx_word' id='word_1_14' title='bbox 373 398 431 432; x_wconf 84' lang='lat' dir='ltr'>Dei</span> <span class='ocrx_word' id='word_1_15' title='bbox 445 406 473 432; x_wconf 87' lang='lat' dir='ltr'>et</span> <span class='ocrx_word' id='word_1_16' title='bbox 487 397 648 431; x_wconf 84' lang='lat' dir='ltr'>beatorum</span> <span class='ocrx_word' id='word_1_17' title='bbox 662 395 746 430; x_wconf 85' lang='lat' dir='ltr'>Petri</span> <span class='ocrx_word' id='word_1_18' title='bbox 761 402 791 428; x_wconf 89' lang='lat' dir='ltr'>et</span> <span class='ocrx_word' id='word_1_19' title='bbox 804 393 895 428; x_wconf 89' lang='lat' dir='ltr'>Pauli</span> <span class='ocrx_word' id='word_1_20' title='bbox 909 391 1123 439; x_wconf 86' lang='lat' dir='ltr'>apostolorum</span> 
     </span>
     <span class='ocr_line' id='line_1_5' title="bbox 373 444 1125 491; baseline -0.009 -11"><span class='ocrx_word' id='word_1_21' title='bbox 373 447 442 481; x_wconf 87' lang='lat' dir='ltr'>eins</span> <span class='ocrx_word' id='word_1_22' title='bbox 469 445 718 491; x_wconf 76' lang='lat' dir='ltr'>indignationem</span> <span class='ocrx_word' id='word_1_23' title='bbox 746 444 902 483; x_wconf 76' lang='lat' dir='ltr'>incurrat,</span> <span class='ocrx_word' id='word_1_24' title='bbox 930 449 960 476; x_wconf 90' lang='lat' dir='ltr'>et</span> <span class='ocrx_word' id='word_1_25' title='bbox 993 451 1125 475; x_wconf 81' lang='lat' dir='ltr'>excom-</span> 
     </span>
     <span class='ocr_line' id='line_1_6' title="bbox 375 493 1124 533; baseline -0.005 -4"><span class='ocrx_word' id='word_1_26' title='bbox 375 495 578 529; x_wconf 82' lang='lat' dir='ltr'>municationi</span> <span class='ocrx_word' id='word_1_27' title='bbox 600 493 775 533; x_wconf 87' lang='lat' dir='ltr'>subiaceat;</span> <span class='ocrx_word' id='word_1_28' title='bbox 795 498 1017 527; x_wconf 73' lang='lat' dir='ltr'>conservantes</span> <span class='ocrx_word' id='word_1_29' title='bbox 1041 501 1124 525; x_wconf 85' lang='lat' dir='ltr'>vero.</span> 
     </span>
     <span class='ocr_line' id='line_1_7' title="bbox 374 540 1125 590; baseline -0.008 -12"><span class='ocrx_word' id='word_1_30' title='bbox 374 544 557 578; x_wconf 85' lang='lat' dir='ltr'>eorumdem</span> <span class='ocrx_word' id='word_1_31' title='bbox 577 542 790 590; x_wconf 84' lang='lat' dir='ltr'>apostolorum</span> <span class='ocrx_word' id='word_1_32' title='bbox 816 540 1066 575; x_wconf 69' lang='lat' dir='ltr'>benedictionem</span> <span class='ocrx_word' id='word_1_33' title='bbox 1095 546 1125 572; x_wconf 88' lang='lat' dir='ltr'>et</span> 
     </span>
     <span class='ocr_line' id='line_1_8' title="bbox 374 590 900 640; baseline -0.008 -13"><span class='ocrx_word' id='word_1_34' title='bbox 374 594 504 640; x_wconf 81' lang='lat' dir='ltr'>gratiam</span> <span class='ocrx_word' id='word_1_35' title='bbox 522 599 767 639; x_wconf 85' lang='lat' dir='ltr'>consequantur.</span> <span class='ocrx_word' id='word_1_36' title='bbox 787 590 900 625; x_wconf 82' lang='lat' dir='ltr'>Amen.</span> 
     </span>
    </p>

    <p class='ocr_par' dir='ltr' id='par_1_2' title="bbox 422 635 1125 684">
     <span class='ocr_line' id='line_1_9' title="bbox 422 635 1125 684; baseline -0.01 -7"><span class='ocrx_word' id='word_1_37' title='bbox 422 643 495 677; x_wconf 78' lang='lat' dir='ltr'>Eoo</span> <span class='ocrx_word' id='word_1_38' title='bbox 513 642 680 676; x_wconf 68' lang='lat' dir='ltr'>Eue-usius</span> <span class='ocrx_word' id='word_1_39' title='bbox 696 639 866 675; x_wconf 86' lang='lat' dir='ltr'>catholicae</span> <span class='ocrx_word' id='word_1_40' title='bbox 879 637 1042 673; x_wconf 79' lang='lat' dir='ltr'>Ecclesiae</span> <span class='ocrx_word' id='word_1_41' title='bbox 1057 635 1125 684; x_wconf 85' lang='lat' dir='ltr'>epi-</span> 
     </span>
    </p>
   </div>
   <div class='ocr_carea' id='block_1_2' title="bbox 373 691 618 737">
    <p class='ocr_par' dir='ltr' id='par_1_3' title="bbox 373 691 618 737">
     <span class='ocr_line' id='line_1_10' title="bbox 373 691 618 737; baseline -0.004 -12"><span class='ocrx_word' id='word_1_42' title='bbox 373 704 490 737; x_wconf 82' lang='lat' dir='ltr'>scopus</span> <span class='ocrx_word' id='word_1_43' title='bbox 511 691 618 726; x_wconf 86' lang='lat' dir='ltr'>subsc.</span> 
     </span>
    </p>
   </div>
   <div class='ocr_carea' id='block_1_3' title="bbox 196 646 337 673">
    <p class='ocr_par' dir='ltr' id='par_1_4' title="bbox 196 646 337 673">
     <span class='ocr_line' id='line_1_11' title="bbox 196 646 337 673; baseline -0.007 -5"><span class='ocrx_word' id='word_1_44' title='bbox 196 646 282 673; x_wconf 65' lang='lat' dir='ltr'>[ingenii</span> <span class='ocrx_word' id='word_1_45' title='bbox 299 647 337 667; x_wconf 79' lang='lat' dir='ltr'>Pt‘.</span> 
     </span>
    </p>
   </div>
   <div class='ocr_carea' id='block_1_4' title="bbox 174 736 1085 839">
    <p class='ocr_par' dir='ltr' id='par_1_5' title="bbox 174 736 1085 839">
     <span class='ocr_line' id='line_1_12' title="bbox 175 736 1085 786; baseline -0.004 -14"><span class='ocrx_word' id='word_1_46' title='bbox 175 756 195 772; x_wconf 70' lang='grc' dir='ltr'>ει</span> <span class='ocrx_word' id='word_1_47' title='bbox 215 751 357 786; x_wconf 26' lang='grc'><strong>51110101.</strong></span> <span class='ocrx_word' id='word_1_48' title='bbox 423 741 491 786; x_wconf 76' lang='lat' dir='ltr'>Ego</span> <span class='ocrx_word' id='word_1_49' title='bbox 517 739 685 774; x_wconf 88' lang='lat' dir='ltr'>Conradus</span> <span class='ocrx_word' id='word_1_50' title='bbox 706 737 892 772; x_wconf 84' lang='lat' dir='ltr'>Sabinensis</span> <span class='ocrx_word' id='word_1_51' title='bbox 918 736 1014 783; x_wconf 80' lang='lat' dir='ltr'>episc.</span> <span class='ocrx_word' id='word_1_52' title='bbox 1044 745 1085 769; x_wconf 84' lang='lat' dir='ltr'>ss.</span> 
     </span>
     <span class='ocr_line' id='line_1_13' title="bbox 174 783 1048 839; baseline -0.008 -14"><span class='ocrx_word' id='word_1_53' title='bbox 174 783 353 839; x_wconf 47' lang='lat' dir='ltr'>Msssffl&#39;iffsssfsssssss,</span> <span class='ocrx_word' id='word_1_54' title='bbox 422 790 490 835; x_wconf 67' lang='lat' dir='ltr'>Ego</span> <span class='ocrx_word' id='word_1_55' title='bbox 518 790 682 823; x_wconf 75' lang='lat' dir='ltr'>Albericus</span> <span class='ocrx_word' id='word_1_56' title='bbox 708 786 864 821; x_wconf 83' lang='lat' dir='ltr'>Ostiensis</span> <span class='ocrx_word' id='word_1_57' title='bbox 886 786 982 832; x_wconf 84' lang='lat' dir='ltr'>episc.</span> <span class='ocrx_word' id='word_1_58' title='bbox 1007 797 1048 819; x_wconf 81' lang='lat' dir='ltr'>ss.</span> 
     </span>
    </p>
   </div>
   <div class='ocr_carea' id='block_1_5' title="bbox 372 835 1126 2060">
    <p class='ocr_par' dir='ltr' id='par_1_6' title="bbox 422 835 1048 885">
     <span class='ocr_line' id='line_1_14' title="bbox 422 835 1048 885; baseline -0.01 -12"><span class='ocrx_word' id='word_1_59' title='bbox 422 839 491 885; x_wconf 78' lang='lat' dir='ltr'>Ego</span> <span class='ocrx_word' id='word_1_60' title='bbox 514 838 635 873; x_wconf 85' lang='lat' dir='ltr'>lmarus</span> <span class='ocrx_word' id='word_1_61' title='bbox 661 836 862 872; x_wconf 83' lang='lat' dir='ltr'>Tusculanus</span> <span class='ocrx_word' id='word_1_62' title='bbox 883 835 981 881; x_wconf 88' lang='lat' dir='ltr'>episc.</span> <span class='ocrx_word' id='word_1_63' title='bbox 1007 846 1048 868; x_wconf 81' lang='lat' dir='ltr'>ss.</span> 
     </span>
    </p>

    <p class='ocr_par' dir='ltr' id='par_1_7' title="bbox 373 882 1126 983">
     <span class='ocr_line' id='line_1_15' title="bbox 422 882 1126 934; baseline -0.009 -12"><span class='ocrx_word' id='word_1_64' title='bbox 422 888 491 934; x_wconf 79' lang='lat' dir='ltr'>Ego</span> <span class='ocrx_word' id='word_1_65' title='bbox 513 887 618 922; x_wconf 89' lang='lat' dir='ltr'>Guido</span> <span class='ocrx_word' id='word_1_66' title='bbox 641 885 743 933; x_wconf 87' lang='lat' dir='ltr'>presb.</span> <span class='ocrx_word' id='word_1_67' title='bbox 760 885 926 920; x_wconf 85' lang='lat' dir='ltr'>cardinalis</span> <span class='ocrx_word' id='word_1_68' title='bbox 944 884 1025 918; x_wconf 86' lang='lat' dir='ltr'>tituli</span> <span class='ocrx_word' id='word_1_69' title='bbox 1041 882 1126 917; x_wconf 82' lang='lat' dir='ltr'>San—</span> 
     </span>
     <span class='ocr_line' id='line_1_16' title="bbox 373 935 762 983; baseline -0.008 -11"><span class='ocrx_word' id='word_1_70' title='bbox 373 938 412 972; x_wconf 91' lang='lat' dir='ltr'>cti</span> <span class='ocrx_word' id='word_1_71' title='bbox 436 936 632 983; x_wconf 72' lang='lat' dir='ltr'>Chrysogoni</span> <span class='ocrx_word' id='word_1_72' title='bbox 656 935 762 970; x_wconf 84' lang='lat' dir='ltr'>subsc.</span> 
     </span>
    </p>

    <p class='ocr_par' dir='ltr' id='par_1_8' title="bbox 373 981 1124 1070">
     <span class='ocr_line' id='line_1_17' title="bbox 423 981 1124 1032; baseline -0.011 -11"><span class='ocrx_word' id='word_1_73' title='bbox 423 986 490 1032; x_wconf 81' lang='lat' dir='ltr'>Ego</span> <span class='ocrx_word' id='word_1_74' title='bbox 506 985 648 1020; x_wconf 88' lang='lat' dir='ltr'>Ubaldus</span> <span class='ocrx_word' id='word_1_75' title='bbox 663 984 766 1032; x_wconf 80' lang='lat' dir='ltr'>presb.</span> <span class='ocrx_word' id='word_1_76' title='bbox 785 982 870 1018; x_wconf 89' lang='lat' dir='ltr'>card.</span> <span class='ocrx_word' id='word_1_77' title='bbox 894 981 974 1017; x_wconf 86' lang='lat' dir='ltr'>tituli</span> <span class='ocrx_word' id='word_1_78' title='bbox 991 981 1124 1017; x_wconf 70' lang='lat' dir='ltr'>Sanctae</span> 
     </span>
     <span class='ocr_line' id='line_1_18' title="bbox 373 1035 651 1070; baseline -0.007 0"><span class='ocrx_word' id='word_1_79' title='bbox 373 1035 525 1070; x_wconf 73' lang='lat' dir='ltr'>praxedis</span> <span class='ocrx_word' id='word_1_80' title='bbox 547 1035 651 1069; x_wconf 90' lang='lat' dir='ltr'>subsc.</span> 
     </span>
    </p>

    <p class='ocr_par' dir='ltr' id='par_1_9' title="bbox 373 1079 1122 1171">
     <span class='ocr_line' id='line_1_19' title="bbox 422 1079 1122 1131; baseline -0.009 -12"><span class='ocrx_word' id='word_1_81' title='bbox 422 1085 491 1131; x_wconf 78' lang='lat' dir='ltr'>Ego</span> <span class='ocrx_word' id='word_1_82' title='bbox 523 1083 630 1119; x_wconf 92' lang='lat' dir='ltr'>Guido</span> <span class='ocrx_word' id='word_1_83' title='bbox 662 1082 765 1130; x_wconf 83' lang='lat' dir='ltr'>presb.</span> <span class='ocrx_word' id='word_1_84' title='bbox 788 1081 874 1117; x_wconf 89' lang='lat' dir='ltr'>card.</span> <span class='ocrx_word' id='word_1_85' title='bbox 905 1080 987 1116; x_wconf 80' lang='lat' dir='ltr'>tituli</span> <span class='ocrx_word' id='word_1_86' title='bbox 1015 1079 1122 1114; x_wconf 83' lang='lat' dir='ltr'>Sancti</span> 
     </span>
     <span class='ocr_line' id='line_1_20' title="bbox 373 1133 859 1171; baseline -0.006 -3"><span class='ocrx_word' id='word_1_87' title='bbox 373 1133 533 1168; x_wconf 85' lang='lat' dir='ltr'>Laurentii</span> <span class='ocrx_word' id='word_1_88' title='bbox 562 1133 593 1168; x_wconf 95' lang='lat' dir='ltr'>in</span> <span class='ocrx_word' id='word_1_89' title='bbox 616 1133 752 1168; x_wconf 82' lang='lat' dir='ltr'>Damaso</span> <span class='ocrx_word' id='word_1_90' title='bbox 778 1143 819 1166; x_wconf 89' lang='lat' dir='ltr'>ss.</span> <span class='ocrx_word' id='word_1_91' title='bbox 856 1170 859 1171; x_wconf 39' lang='lat'>.</span> 
     </span>
    </p>

    <p class='ocr_par' dir='ltr' id='par_1_10' title="bbox 372 1178 1124 1267">
     <span class='ocr_line' id='line_1_21' title="bbox 420 1178 1124 1230; baseline -0.01 -12"><span class='ocrx_word' id='word_1_92' title='bbox 420 1182 488 1230; x_wconf 77' lang='lat' dir='ltr'>Ego</span> <span class='ocrx_word' id='word_1_93' title='bbox 511 1182 665 1217; x_wconf 88' lang='lat' dir='ltr'>Iordanus</span> <span class='ocrx_word' id='word_1_94' title='bbox 680 1181 782 1228; x_wconf 82' lang='lat' dir='ltr'>presb.</span> <span class='ocrx_word' id='word_1_95' title='bbox 807 1179 893 1215; x_wconf 89' lang='lat' dir='ltr'>card.</span> <span class='ocrx_word' id='word_1_96' title='bbox 917 1179 964 1213; x_wconf 85' lang='lat' dir='ltr'>tit.</span> <span class='ocrx_word' id='word_1_97' title='bbox 988 1178 1124 1214; x_wconf 78' lang='lat' dir='ltr'>Sanctae</span> 
     </span>
     <span class='ocr_line' id='line_1_22' title="bbox 372 1231 664 1267; baseline -0.003 -1"><span class='ocrx_word' id='word_1_98' title='bbox 372 1231 536 1267; x_wconf 87' lang='lat' dir='ltr'>Susannae</span> <span class='ocrx_word' id='word_1_99' title='bbox 558 1231 664 1266; x_wconf 85' lang='lat' dir='ltr'>subsc.</span> 
     </span>
    </p>

    <p class='ocr_par' dir='ltr' id='par_1_11' title="bbox 374 1275 1122 1366">
     <span class='ocr_line' id='line_1_23' title="bbox 424 1275 1122 1326; baseline -0.01 -10"><span class='ocrx_word' id='word_1_100' title='bbox 424 1281 491 1326; x_wconf 80' lang='lat' dir='ltr'>Ego</span> <span class='ocrx_word' id='word_1_101' title='bbox 524 1281 598 1316; x_wconf 89' lang='lat' dir='ltr'>Otto</span> <span class='ocrx_word' id='word_1_102' title='bbox 631 1280 712 1315; x_wconf 85' lang='lat' dir='ltr'>diac.</span> <span class='ocrx_word' id='word_1_103' title='bbox 740 1279 824 1315; x_wconf 85' lang='lat' dir='ltr'>card.</span> <span class='ocrx_word' id='word_1_104' title='bbox 856 1277 964 1314; x_wconf 85' lang='lat' dir='ltr'>Sancti</span> <span class='ocrx_word' id='word_1_105' title='bbox 991 1275 1122 1322; x_wconf 78' lang='lat' dir='ltr'>Georgii</span> 
     </span>
     <span class='ocr_line' id='line_1_24' title="bbox 374 1330 728 1366; baseline -0.006 -1"><span class='ocrx_word' id='word_1_106' title='bbox 374 1330 410 1366; x_wconf 87' lang='lat' dir='ltr'>ad</span> <span class='ocrx_word' id='word_1_107' title='bbox 439 1330 552 1365; x_wconf 85' lang='lat' dir='ltr'>Velum</span> <span class='ocrx_word' id='word_1_108' title='bbox 576 1330 728 1365; x_wconf 83' lang='lat' dir='ltr'>Aureum.</span> 
     </span>
    </p>

    <p class='ocr_par' dir='ltr' id='par_1_12' title="bbox 374 1374 1122 1464">
     <span class='ocr_line' id='line_1_25' title="bbox 424 1374 1122 1426; baseline -0.011 -11"><span class='ocrx_word' id='word_1_109' title='bbox 424 1379 490 1426; x_wconf 81' lang='lat' dir='ltr'>Ego</span> <span class='ocrx_word' id='word_1_110' title='bbox 517 1379 623 1414; x_wconf 88' lang='lat' dir='ltr'>Guido</span> <span class='ocrx_word' id='word_1_111' title='bbox 645 1379 726 1414; x_wconf 88' lang='lat' dir='ltr'>diac.</span> <span class='ocrx_word' id='word_1_112' title='bbox 746 1375 914 1413; x_wconf 87' lang='lat' dir='ltr'>cardinalis</span> <span class='ocrx_word' id='word_1_113' title='bbox 934 1374 1122 1410; x_wconf 84' lang='lat' dir='ltr'>Sanctorum</span> 
     </span>
     <span class='ocr_line' id='line_1_26' title="bbox 374 1426 859 1464; baseline -0.006 -1"><span class='ocrx_word' id='word_1_114' title='bbox 374 1428 508 1464; x_wconf 87' lang='lat' dir='ltr'>Cosmae</span> <span class='ocrx_word' id='word_1_115' title='bbox 531 1437 561 1463; x_wconf 86' lang='lat' dir='ltr'>ct</span> <span class='ocrx_word' id='word_1_116' title='bbox 588 1427 733 1463; x_wconf 84' lang='lat' dir='ltr'>Damiani</span> <span class='ocrx_word' id='word_1_117' title='bbox 755 1426 859 1461; x_wconf 87' lang='lat' dir='ltr'>subsc.</span> 
     </span>
    </p>

    <p class='ocr_par' dir='ltr' id='par_1_13' title="bbox 373 1472 1124 1562">
     <span class='ocr_line' id='line_1_27' title="bbox 423 1472 1124 1524; baseline -0.01 -11"><span class='ocrx_word' id='word_1_118' title='bbox 423 1478 491 1524; x_wconf 75' lang='lat' dir='ltr'>Ego</span> <span class='ocrx_word' id='word_1_119' title='bbox 509 1478 705 1513; x_wconf 73' lang='lat' dir='ltr'>Octavianus</span> <span class='ocrx_word' id='word_1_120' title='bbox 726 1477 806 1511; x_wconf 89' lang='lat' dir='ltr'>diac.</span> <span class='ocrx_word' id='word_1_121' title='bbox 829 1474 913 1510; x_wconf 87' lang='lat' dir='ltr'>card.</span> <span class='ocrx_word' id='word_1_122' title='bbox 936 1473 1043 1508; x_wconf 84' lang='lat' dir='ltr'>Sancti</span> <span class='ocrx_word' id='word_1_123' title='bbox 1067 1472 1124 1506; x_wconf 64' lang='lat' dir='ltr'>Ni-</span> 
     </span>
     <span class='ocr_line' id='line_1_28' title="bbox 373 1524 962 1562; baseline -0.008 0"><span class='ocrx_word' id='word_1_124' title='bbox 373 1527 452 1562; x_wconf 85' lang='lat' dir='ltr'>colai</span> <span class='ocrx_word' id='word_1_125' title='bbox 480 1528 511 1561; x_wconf 88' lang='lat' dir='ltr'>in</span> <span class='ocrx_word' id='word_1_126' title='bbox 534 1526 668 1562; x_wconf 88' lang='lat' dir='ltr'>Carcere</span> <span class='ocrx_word' id='word_1_127' title='bbox 683 1525 830 1561; x_wconf 89' lang='lat' dir='ltr'>Tulliano</span> <span class='ocrx_word' id='word_1_128' title='bbox 857 1524 962 1559; x_wconf 86' lang='lat' dir='ltr'>subsc.</span> 
     </span>
    </p>

    <p class='ocr_par' dir='ltr' id='par_1_14' title="bbox 373 1570 1123 1671">
     <span class='ocr_line' id='line_1_29' title="bbox 423 1570 1123 1622; baseline -0.01 -11"><span class='ocrx_word' id='word_1_129' title='bbox 423 1576 492 1622; x_wconf 80' lang='lat' dir='ltr'>Ego</span> <span class='ocrx_word' id='word_1_130' title='bbox 513 1576 687 1622; x_wconf 82' lang='lat' dir='ltr'>Gregorius</span> <span class='ocrx_word' id='word_1_131' title='bbox 713 1576 793 1610; x_wconf 89' lang='lat' dir='ltr'>diac.</span> <span class='ocrx_word' id='word_1_132' title='bbox 817 1572 984 1609; x_wconf 84' lang='lat' dir='ltr'>cardinalis</span> <span class='ocrx_word' id='word_1_133' title='bbox 1015 1570 1123 1606; x_wconf 80' lang='lat' dir='ltr'>Sancti</span> 
     </span>
     <span class='ocr_line' id='line_1_30' title="bbox 373 1625 617 1671; baseline 0 -11"><span class='ocrx_word' id='word_1_134' title='bbox 373 1625 487 1671; x_wconf 74' lang='lat' dir='ltr'>Angeli</span> <span class='ocrx_word' id='word_1_135' title='bbox 511 1625 617 1660; x_wconf 89' lang='lat' dir='ltr'>subsc.</span> 
     </span>
    </p>

    <p class='ocr_par' dir='ltr' id='par_1_15' title="bbox 374 1670 1125 1966">
     <span class='ocr_line' id='line_1_31' title="bbox 423 1670 1125 1719; baseline -0.01 -10"><span class='ocrx_word' id='word_1_136' title='bbox 423 1675 539 1709; x_wconf 80' lang='lat' dir='ltr'>Datum</span> <span class='ocrx_word' id='word_1_137' title='bbox 567 1672 662 1709; x_wconf 86' lang='lat' dir='ltr'>Sutrii</span> <span class='ocrx_word' id='word_1_138' title='bbox 683 1684 737 1719; x_wconf 87' lang='lat' dir='ltr'>per</span> <span class='ocrx_word' id='word_1_139' title='bbox 753 1684 880 1707; x_wconf 89' lang='lat' dir='ltr'>manum</span> <span class='ocrx_word' id='word_1_140' title='bbox 902 1670 1034 1705; x_wconf 82' lang='lat' dir='ltr'>Roberti</span> <span class='ocrx_word' id='word_1_141' title='bbox 1051 1680 1125 1703; x_wconf 85' lang='lat' dir='ltr'>san-</span> 
     </span>
     <span class='ocr_line' id='line_1_32' title="bbox 374 1718 1125 1768; baseline -0.008 -10"><span class='ocrx_word' id='word_1_142' title='bbox 374 1731 441 1758; x_wconf 79' lang='lat' dir='ltr'>ctae</span> <span class='ocrx_word' id='word_1_143' title='bbox 467 1723 628 1758; x_wconf 79' lang='lat' dir='ltr'>Romanae</span> <span class='ocrx_word' id='word_1_144' title='bbox 650 1722 810 1757; x_wconf 84' lang='lat' dir='ltr'>Ecclesiae</span> <span class='ocrx_word' id='word_1_145' title='bbox 828 1719 999 1768; x_wconf 64' lang='lat' dir='ltr'>presbyteri</span> <span class='ocrx_word' id='word_1_146' title='bbox 1021 1718 1125 1753; x_wconf 85' lang='lat' dir='ltr'>cardi-</span> 
     </span>
     <span class='ocr_line' id='line_1_33' title="bbox 374 1767 1122 1810; baseline -0.009 -3"><span class='ocrx_word' id='word_1_147' title='bbox 374 1773 454 1807; x_wconf 88' lang='lat' dir='ltr'>nalis</span> <span class='ocrx_word' id='word_1_148' title='bbox 485 1781 514 1807; x_wconf 85' lang='lat' dir='ltr'>ct</span> <span class='ocrx_word' id='word_1_149' title='bbox 540 1772 731 1810; x_wconf 80' lang='lat' dir='ltr'>cancellarii,</span> <span class='ocrx_word' id='word_1_150' title='bbox 766 1783 826 1805; x_wconf 77' lang='lat' dir='ltr'>vul</span> <span class='ocrx_word' id='word_1_151' title='bbox 862 1770 1010 1804; x_wconf 76' lang='lat' dir='ltr'>kalendas</span> <span class='ocrx_word' id='word_1_152' title='bbox 1039 1767 1122 1806; x_wconf 72' lang='lat' dir='ltr'>maii,</span> 
     </span>
     <span class='ocr_line' id='line_1_34' title="bbox 376 1819 1124 1865; baseline -0.008 -9"><span class='ocrx_word' id='word_1_153' title='bbox 376 1822 549 1856; x_wconf 82' lang='lat' dir='ltr'>indictione</span> <span class='ocrx_word' id='word_1_154' title='bbox 577 1834 623 1865; x_wconf 67' lang='lat' dir='ltr'>tx,</span> <span class='ocrx_word' id='word_1_155' title='bbox 656 1823 807 1855; x_wconf 78' lang='lat' dir='ltr'>incarnat.</span> <span class='ocrx_word' id='word_1_156' title='bbox 836 1819 1014 1854; x_wconf 70' lang='lat' dir='ltr'>dominicae</span> <span class='ocrx_word' id='word_1_157' title='bbox 1041 1828 1124 1851; x_wconf 84' lang='lat' dir='ltr'>anno</span> 
     </span>
     <span class='ocr_line' id='line_1_35' title="bbox 374 1865 1124 1918; baseline -0.008 -12"><span class='ocrx_word' id='word_1_158' title='bbox 374 1883 513 1910; x_wconf 54' lang='lat' dir='ltr'>nexu-1,</span> <span class='ocrx_word' id='word_1_159' title='bbox 536 1870 739 1918; x_wconf 86' lang='lat' dir='ltr'>pontificatus</span> <span class='ocrx_word' id='word_1_160' title='bbox 762 1881 834 1904; x_wconf 84' lang='lat' dir='ltr'>vero</span> <span class='ocrx_word' id='word_1_161' title='bbox 857 1868 964 1903; x_wconf 84' lang='lat' dir='ltr'>domni</span> <span class='ocrx_word' id='word_1_162' title='bbox 988 1865 1124 1913; x_wconf 71' lang='lat' dir='ltr'>Eugenii</span> 
     </span>
     <span class='ocr_line' id='line_1_36' title="bbox 374 1920 639 1966; baseline 0 -12"><span class='ocrx_word' id='word_1_163' title='bbox 374 1920 477 1966; x_wconf 75' lang='lat' dir='ltr'>Papae</span> <span class='ocrx_word' id='word_1_164' title='bbox 501 1932 582 1955; x_wconf 91' lang='lat' dir='ltr'>anno</span> <span class='ocrx_word' id='word_1_165' title='bbox 604 1933 639 1955; x_wconf 85' lang='lat'>11.</span> 
     </span>
    </p>

    <p class='ocr_par' dir='ltr' id='par_1_16' title="bbox 429 1971 1070 2015">
     <span class='ocr_line' id='line_1_37' title="bbox 429 1971 1070 2015; baseline -0.002 -8"><span class='ocrx_word' id='word_1_166' title='bbox 429 1978 489 2007; x_wconf 80' lang='lat' dir='ltr'>Dat.</span> <span class='ocrx_word' id='word_1_167' title='bbox 507 1978 554 2007; x_wconf 85' lang='lat' dir='ltr'>die</span> <span class='ocrx_word' id='word_1_168' title='bbox 572 1977 609 2006; x_wconf 70' lang='lat'>024</span> <span class='ocrx_word' id='word_1_169' title='bbox 633 1976 734 2015; x_wconf 81' lang='lat' dir='ltr'>aprilis</span> <span class='ocrx_word' id='word_1_170' title='bbox 754 1983 830 2004; x_wconf 85' lang='lat' dir='ltr'>anno</span> <span class='ocrx_word' id='word_1_171' title='bbox 847 1971 965 2005; x_wconf 88' lang='lat' dir='ltr'>Domini</span> <span class='ocrx_word' id='word_1_172' title='bbox 986 1974 1070 2005; x_wconf 69' lang='lat' dir='ltr'>tlte.</span> 
     </span>
    </p>

    <p class='ocr_par' dir='ltr' id='par_1_17' title="bbox 629 2020 864 2060">
     <span class='ocr_line' id='line_1_38' title="bbox 629 2020 864 2060; baseline -0.009 -10"><span class='ocrx_word' id='word_1_173' title='bbox 629 2020 733 2060; x_wconf 81' lang='lat' dir='ltr'>pontif.</span> <span class='ocrx_word' id='word_1_174' title='bbox 751 2029 827 2049; x_wconf 86' lang='lat' dir='ltr'>anno</span> <span class='ocrx_word' id='word_1_175' title='bbox 846 2028 864 2049; x_wconf 90' lang='lat'>1.</span> 
     </span>
    </p>
   </div>
   <div class='ocr_carea' id='block_1_6' title="bbox 661 2092 826 2100">
    <p class='ocr_par' dir='ltr' id='par_1_18' title="bbox 661 2092 826 2100">
     <span class='ocr_line' id='line_1_39' title="bbox 661 2092 826 2100; baseline 0 1105"><span class='ocrx_word' id='word_1_176' title='bbox 661 2092 826 2100; x_wconf 95' lang='lat' dir='ltr'> </span> 
     </span>
    </p>
   </div>
   <div class='ocr_carea' id='block_1_7' title="bbox 706 2176 791 2213">
    <p class='ocr_par' dir='ltr' id='par_1_19' title="bbox 706 2176 791 2213">
     <span class='ocr_line' id='line_1_40' title="bbox 706 2176 791 2213; baseline -0.012 0"><span class='ocrx_word' id='word_1_177' title='bbox 706 2176 791 2213; x_wconf 81' lang='lat' dir='ltr'>xlv.</span> 
     </span>
    </p>
   </div>
   <div class='ocr_carea' id='block_1_8' title="bbox 377 2258 1128 2352">
    <p class='ocr_par' dir='ltr' id='par_1_20' title="bbox 377 2258 1128 2352">
     <span class='ocr_line' id='line_1_41' title="bbox 377 2258 1128 2305; baseline -0.007 -11"><span class='ocrx_word' id='word_1_178' title='bbox 377 2261 577 2305; x_wconf 79' lang='lat' dir='ltr'>Confirmatio</span> <span class='ocrx_word' id='word_1_179' title='bbox 597 2260 744 2292; x_wconf 61' lang='lat' dir='ltr'>Ecclesiae</span> <span class='ocrx_word' id='word_1_180' title='bbox 769 2258 1058 2303; x_wconf 69' lang='lat' dir='ltr'>Rei‘eltersperyense&#39;s</span> <span class='ocrx_word' id='word_1_181' title='bbox 1075 2268 1128 2290; x_wconf 78' lang='grc'><strong>01·-</strong></span> 
     </span>
     <span class='ocr_line' id='line_1_42' title="bbox 424 2308 1076 2352; baseline -0.005 -9"><span class='ocrx_word' id='word_1_182' title='bbox 424 2311 506 2343; x_wconf 76' lang='grc' dir='ltr'><em>ιΙίιιιέ</em></span> <span class='ocrx_word' id='word_1_183' title='bbox 524 2310 742 2343; x_wconf 77' lang='lat' dir='ltr'>caizont&#39;corttm</span> <span class='ocrx_word' id='word_1_184' title='bbox 765 2309 800 2341; x_wconf 74' lang='lat' dir='ltr'>S.</span> <span class='ocrx_word' id='word_1_185' title='bbox 828 2308 996 2352; x_wconf 60' lang='lat' dir='ltr'>Augustini</span> <span class='ocrx_word' id='word_1_186' title='bbox 1015 2310 1076 2350; x_wconf 67' lang='lat' dir='ltr'>(l).</span> 
     </span>
    </p>
   </div>
   <div class='ocr_carea' id='block_1_9' title="bbox 645 2383 858 2415">
    <p class='ocr_par' dir='ltr' id='par_1_21' title="bbox 645 2383 858 2415">
     <span class='ocr_line' id='line_1_43' title="bbox 645 2383 858 2415; baseline -0.009 0"><span class='ocrx_word' id='word_1_187' title='bbox 645 2383 858 2415; x_wconf 66' lang='lat' dir='ltr'>summatum!</span> 
     </span>
    </p>
   </div>
   <div class='ocr_carea' id='block_1_10' title="bbox 377 2453 1128 2583">
    <p class='ocr_par' dir='ltr' id='par_1_22' title="bbox 377 2453 1128 2583">
     <span class='ocr_line' id='line_1_44' title="bbox 377 2453 1127 2492; baseline -0.001 -8"><span class='ocrx_word' id='word_1_188' title='bbox 377 2453 546 2485; x_wconf 78' lang='lat' dir='ltr'>Exordium.</span> <span class='ocrx_word' id='word_1_189' title='bbox 579 2471 619 2477; x_wconf 91' lang='lat'>—</span> <span class='ocrx_word' id='word_1_190' title='bbox 649 2454 811 2484; x_wconf 80' lang='lat' dir='ltr'>Ecclesiam</span> <span class='ocrx_word' id='word_1_191' title='bbox 840 2454 916 2484; x_wconf 89' lang='grc'><strong>113110</strong></span> <span class='ocrx_word' id='word_1_192' title='bbox 939 2453 993 2483; x_wconf 91' lang='lat' dir='ltr'>sub</span> <span class='ocrx_word' id='word_1_193' title='bbox 1027 2457 1127 2492; x_wconf 80' lang='lat' dir='ltr'>prote.-</span> 
     </span>
     <span class='ocr_line' id='line_1_45' title="bbox 418 2497 1128 2538; baseline -0.003 -10"><span class='ocrx_word' id='word_1_194' title='bbox 418 2499 514 2528; x_wconf 85' lang='lat' dir='ltr'>ctione</span> <span class='ocrx_word' id='word_1_195' title='bbox 538 2498 623 2529; x_wconf 84' lang='lat' dir='ltr'>Sedis</span> <span class='ocrx_word' id='word_1_196' title='bbox 646 2499 831 2538; x_wconf 80' lang='lat' dir='ltr'>Apostolicae</span> <span class='ocrx_word' id='word_1_197' title='bbox 854 2499 959 2537; x_wconf 87' lang='lat' dir='ltr'>recipit</span> <span class='ocrx_word' id='word_1_198' title='bbox 981 2497 1128 2534; x_wconf 77' lang='lat' dir='ltr'>Pontifex3</span> 
     </span>
     <span class='ocr_line' id='line_1_46' title="bbox 418 2541 1126 2583; baseline -0.001 -12"><span class='ocrx_word' id='word_1_199' title='bbox 418 2558 458 2565; x_wconf 97' lang='lat'>—</span> <span class='ocrx_word' id='word_1_200' title='bbox 479 2542 679 2583; x_wconf 74' lang='lat' dir='ltr'>Ilegulamquc</span> <span class='ocrx_word' id='word_1_201' title='bbox 700 2543 728 2573; x_wconf 89' lang='lat' dir='ltr'>S.</span> <span class='ocrx_word' id='word_1_202' title='bbox 747 2543 903 2581; x_wconf 80' lang='lat' dir='ltr'>Augustini</span> <span class='ocrx_word' id='word_1_203' title='bbox 926 2541 999 2572; x_wconf 86' lang='lat' dir='ltr'>inibi</span> <span class='ocrx_word' id='word_1_204' title='bbox 1019 2541 1126 2571; x_wconf 74' lang='lat' dir='ltr'>serrari</span> 
     </span>
    </p>
   </div>
   <div class='ocr_carea' id='block_1_11' title="bbox 951 233 1328 261">
    <p class='ocr_par' dir='ltr' id='par_1_23' title="bbox 951 233 1328 261">
     <span class='ocr_line' id='line_1_47' title="bbox 951 233 1328 261; baseline -0.013 0"><span class='ocrx_word' id='word_1_205' title='bbox 951 235 1140 261; x_wconf 67' lang='lat' dir='ltr'>mmmmm</span> <span class='ocrx_word' id='word_1_206' title='bbox 1167 233 1328 258; x_wconf 65' lang='lat' dir='ltr'>nonaum!</span> 
     </span>
    </p>
   </div>
   <div class='ocr_carea' id='block_1_12' title="bbox 1932 226 2114 255">
    <p class='ocr_par' dir='ltr' id='par_1_24' title="bbox 1932 226 2114 255">
     <span class='ocr_line' id='line_1_48' title="bbox 1932 226 2114 255; baseline 0.005 -1"><span class='ocrx_word' id='word_1_207' title='bbox 1932 226 1982 255; x_wconf 73' lang='lat' dir='ltr'>An.</span> <span class='ocrx_word' id='word_1_208' title='bbox 2001 226 2031 254; x_wconf 89' lang='lat' dir='ltr'>C.</span> <span class='ocrx_word' id='word_1_209' title='bbox 2046 227 2114 255; x_wconf 82' lang='grc'><strong>11116</strong></span> 
     </span>
    </p>
   </div>
   <div class='ocr_carea' id='block_1_13' title="bbox 1203 283 1919 1030">
    <p class='ocr_par' dir='ltr' id='par_1_25' title="bbox 1203 283 1919 1030">
     <span class='ocr_line' id='line_1_49' title="bbox 1206 283 1918 324; baseline -0.007 -7"><span class='ocrx_word' id='word_1_210' title='bbox 1206 287 1297 318; x_wconf 88' lang='lat' dir='ltr'>iubet.</span> <span class='ocrx_word' id='word_1_211' title='bbox 1318 303 1359 313; x_wconf 88' lang='lat'>--</span> <span class='ocrx_word' id='word_1_212' title='bbox 1379 285 1456 316; x_wconf 80' lang='lat' dir='ltr'>Bona</span> <span class='ocrx_word' id='word_1_213' title='bbox 1480 285 1576 315; x_wconf 83' lang='lat' dir='ltr'>omnia</span> <span class='ocrx_word' id='word_1_214' title='bbox 1597 294 1629 314; x_wconf 82' lang='lat' dir='ltr'>ac</span> <span class='ocrx_word' id='word_1_215' title='bbox 1648 284 1853 324; x_wconf 79' lang='lat' dir='ltr'>possessiones</span> <span class='ocrx_word' id='word_1_216' title='bbox 1877 283 1918 312; x_wconf 85' lang='lat' dir='ltr'>ei-</span> 
     </span>
     <span class='ocr_line' id='line_1_50' title="bbox 1207 329 1918 362; baseline -0.008 0"><span class='ocrx_word' id='word_1_217' title='bbox 1207 332 1273 362; x_wconf 84' lang='lat' dir='ltr'>dem</span> <span class='ocrx_word' id='word_1_218' title='bbox 1293 332 1464 361; x_wconf 82' lang='lat' dir='ltr'>confirmat:</span> <span class='ocrx_word' id='word_1_219' title='bbox 1481 346 1520 351; x_wconf 92' lang='lat'>—</span> <span class='ocrx_word' id='word_1_220' title='bbox 1538 330 1643 359; x_wconf 79' lang='lat' dir='ltr'>Eadem</span> <span class='ocrx_word' id='word_1_221' title='bbox 1662 329 1734 357; x_wconf 84' lang='lat' dir='ltr'>bona</span> <span class='ocrx_word' id='word_1_222' title='bbox 1753 332 1918 358; x_wconf 78' lang='lat' dir='ltr'>enumerat:</span> 
     </span>
     <span class='ocr_line' id='line_1_51' title="bbox 1205 371 1918 412; baseline -0.01 -6"><span class='ocrx_word' id='word_1_223' title='bbox 1205 393 1244 399; x_wconf 96' lang='lat'><strong>—</strong></span> <span class='ocrx_word' id='word_1_224' title='bbox 1265 375 1465 405; x_wconf 87' lang='lat' dir='ltr'>lurisdictioni</span> <span class='ocrx_word' id='word_1_225' title='bbox 1495 373 1626 412; x_wconf 80' lang='lat' dir='ltr'>episcopi</span> <span class='ocrx_word' id='word_1_226' title='bbox 1650 372 1678 401; x_wconf 89' lang='lat' dir='ltr'>in</span> <span class='ocrx_word' id='word_1_227' title='bbox 1707 372 1761 408; x_wconf 83' lang='lat' dir='ltr'>iis,</span> <span class='ocrx_word' id='word_1_228' title='bbox 1787 381 1862 411; x_wconf 78' lang='lat' dir='ltr'>qnae</span> <span class='ocrx_word' id='word_1_229' title='bbox 1882 371 1918 400; x_wconf 84' lang='lat' dir='ltr'>nd</span> 
     </span>
     <span class='ocr_line' id='line_1_52' title="bbox 1206 415 1918 456; baseline -0.007 -6"><span class='ocrx_word' id='word_1_230' title='bbox 1206 423 1388 450; x_wconf 82' lang='lat' dir='ltr'>sacramenta</span> <span class='ocrx_word' id='word_1_231' title='bbox 1412 418 1568 456; x_wconf 79' lang='lat' dir='ltr'>pertinent,</span> <span class='ocrx_word' id='word_1_232' title='bbox 1591 415 1724 445; x_wconf 88' lang='lat' dir='ltr'>subiicit:</span> <span class='ocrx_word' id='word_1_233' title='bbox 1746 429 1787 437; x_wconf 88' lang='lat'>-—</span> <span class='ocrx_word' id='word_1_234' title='bbox 1813 415 1918 445; x_wconf 82' lang='lat' dir='ltr'>Eximit</span> 
     </span>
     <span class='ocr_line' id='line_1_53' title="bbox 1207 459 1919 498; baseline -0.01 -4"><span class='ocrx_word' id='word_1_235' title='bbox 1207 474 1274 494; x_wconf 84' lang='lat' dir='ltr'>vero</span> <span class='ocrx_word' id='word_1_236' title='bbox 1294 463 1329 493; x_wconf 87' lang='lat' dir='ltr'>ab</span> <span class='ocrx_word' id='word_1_237' title='bbox 1348 463 1426 492; x_wconf 86' lang='grc'><strong>0111111</strong></span> <span class='ocrx_word' id='word_1_238' title='bbox 1451 461 1600 496; x_wconf 84' lang='lat' dir='ltr'>molestia,</span> <span class='ocrx_word' id='word_1_239' title='bbox 1628 469 1702 498; x_wconf 76' lang='lat' dir='ltr'>qnae</span> <span class='ocrx_word' id='word_1_240' title='bbox 1722 459 1747 488; x_wconf 91' lang='grc'>01</span> <span class='ocrx_word' id='word_1_241' title='bbox 1771 459 1806 488; x_wconf 85' lang='lat' dir='ltr'>ab</span> <span class='ocrx_word' id='word_1_242' title='bbox 1833 459 1919 488; x_wconf 79' lang='lat' dir='ltr'>advo-</span> 
     </span>
     <span class='ocr_line' id='line_1_54' title="bbox 1206 504 1919 542; baseline -0.011 -4"><span class='ocrx_word' id='word_1_243' title='bbox 1206 513 1270 538; x_wconf 87' lang='lat' dir='ltr'>cato</span> <span class='ocrx_word' id='word_1_244' title='bbox 1296 517 1349 537; x_wconf 85' lang='lat' dir='ltr'>seu</span> <span class='ocrx_word' id='word_1_245' title='bbox 1372 506 1588 535; x_wconf 79' lang='lat' dir='ltr'>snb-advocato</span> <span class='ocrx_word' id='word_1_246' title='bbox 1607 504 1709 533; x_wconf 72' lang='lat' dir='ltr'>int&#39;erri</span> <span class='ocrx_word' id='word_1_247' title='bbox 1740 508 1858 542; x_wconf 85' lang='lat' dir='ltr'>posset:</span> <span class='ocrx_word' id='word_1_248' title='bbox 1880 520 1919 525; x_wconf 92' lang='lat'>-—</span> 
     </span>
     <span class='ocr_line' id='line_1_55' title="bbox 1207 547 1918 591; baseline -0.008 -9"><span class='ocrx_word' id='word_1_249' title='bbox 1207 553 1408 591; x_wconf 81' lang='lat' dir='ltr'>Praepositum</span> <span class='ocrx_word' id='word_1_250' title='bbox 1434 560 1447 579; x_wconf 87' lang='lat' dir='ltr'>a</span> <span class='ocrx_word' id='word_1_251' title='bbox 1470 550 1541 579; x_wconf 82' lang='lat' dir='ltr'>solis</span> <span class='ocrx_word' id='word_1_252' title='bbox 1567 548 1717 578; x_wconf 82' lang='lat' dir='ltr'>canonicis</span> <span class='ocrx_word' id='word_1_253' title='bbox 1737 547 1806 585; x_wconf 67' lang='lat' dir='ltr'>eligi</span> <span class='ocrx_word' id='word_1_254' title='bbox 1827 547 1918 584; x_wconf 85' lang='lat' dir='ltr'>iubet,</span> 
     </span>
     <span class='ocr_line' id='line_1_56' title="bbox 1206 591 1916 634; baseline -0.008 -8"><span class='ocrx_word' id='word_1_255' title='bbox 1206 598 1253 626; x_wconf 90' lang='lat' dir='ltr'>cui</span> <span class='ocrx_word' id='word_1_256' title='bbox 1270 596 1376 626; x_wconf 79' lang='lat' dir='ltr'>caeteri</span> <span class='ocrx_word' id='word_1_257' title='bbox 1394 595 1551 634; x_wconf 77' lang='lat' dir='ltr'>perfectam</span> <span class='ocrx_word' id='word_1_258' title='bbox 1569 592 1706 622; x_wconf 57' lang='lat' dir='ltr'>exbiberi:</span> <span class='ocrx_word' id='word_1_259' title='bbox 1718 591 1916 621; x_wconf 81' lang='lat' dir='ltr'>obedientiam</span> 
     </span>
     <span class='ocr_line' id='line_1_57' title="bbox 1206 637 1918 676; baseline -0.007 -6"><span class='ocrx_word' id='word_1_260' title='bbox 1206 641 1321 671; x_wconf 85' lang='lat' dir='ltr'>debent.</span> <span class='ocrx_word' id='word_1_261' title='bbox 1344 657 1383 662; x_wconf 97' lang='lat'>—</span> <span class='ocrx_word' id='word_1_262' title='bbox 1409 639 1644 676; x_wconf 73' lang='lat' dir='ltr'>Libertatemqne</span> <span class='ocrx_word' id='word_1_263' title='bbox 1668 637 1802 666; x_wconf 85' lang='lat' dir='ltr'>concedit</span> <span class='ocrx_word' id='word_1_264' title='bbox 1829 645 1918 675; x_wconf 85' lang='lat' dir='ltr'>qnos-</span> 
     </span>
     <span class='ocr_line' id='line_1_58' title="bbox 1206 680 1916 724; baseline -0.008 -10"><span class='ocrx_word' id='word_1_265' title='bbox 1206 693 1332 724; x_wconf 86' lang='lat' dir='ltr'>cumque</span> <span class='ocrx_word' id='word_1_266' title='bbox 1349 683 1421 713; x_wconf 89' lang='lat' dir='ltr'>inibi</span> <span class='ocrx_word' id='word_1_267' title='bbox 1445 682 1618 722; x_wconf 78' lang='lat' dir='ltr'>sepeliendi,</span> <span class='ocrx_word' id='word_1_268' title='bbox 1635 681 1659 709; x_wconf 87' lang='lat' dir='ltr'>si</span> <span class='ocrx_word' id='word_1_269' title='bbox 1680 680 1826 720; x_wconf 80' lang='lat' dir='ltr'>petierint,</span> <span class='ocrx_word' id='word_1_270' title='bbox 1843 688 1916 710; x_wconf 86' lang='lat' dir='ltr'>cen-</span> 
     </span>
     <span class='ocr_line' id='line_1_59' title="bbox 1205 724 1914 768; baseline -0.006 -10"><span class='ocrx_word' id='word_1_271' title='bbox 1205 729 1341 768; x_wconf 84' lang='lat' dir='ltr'>surisqne</span> <span class='ocrx_word' id='word_1_272' title='bbox 1364 727 1574 758; x_wconf 85' lang='lat' dir='ltr'>ecclesiasticis</span> <span class='ocrx_word' id='word_1_273' title='bbox 1603 736 1659 755; x_wconf 89' lang='lat' dir='ltr'>non</span> <span class='ocrx_word' id='word_1_274' title='bbox 1687 726 1745 755; x_wconf 87' lang='lat' dir='ltr'>sint</span> <span class='ocrx_word' id='word_1_275' title='bbox 1772 724 1914 754; x_wconf 79' lang='lat' dir='ltr'>innodati.</span> 
     </span>
     <span class='ocr_line' id='line_1_60' title="bbox 1204 769 1915 802; baseline -0.01 0"><span class='ocrx_word' id='word_1_276' title='bbox 1204 789 1244 795; x_wconf 97' lang='lat'><strong>—</strong></span> <span class='ocrx_word' id='word_1_277' title='bbox 1267 773 1389 802; x_wconf 86' lang='lat' dir='ltr'>Omnem</span> <span class='ocrx_word' id='word_1_278' title='bbox 1413 771 1532 801; x_wconf 86' lang='lat' dir='ltr'>omnino</span> <span class='ocrx_word' id='word_1_279' title='bbox 1556 770 1720 800; x_wconf 82' lang='lat' dir='ltr'>molestiam</span> <span class='ocrx_word' id='word_1_280' title='bbox 1740 769 1915 798; x_wconf 73' lang='lat' dir='ltr'>cuiuscum-</span> 
     </span>
     <span class='ocr_line' id='line_1_61' title="bbox 1205 810 1916 856; baseline -0.008 -10"><span class='ocrx_word' id='word_1_281' title='bbox 1205 826 1260 856; x_wconf 86' lang='lat' dir='ltr'>que</span> <span class='ocrx_word' id='word_1_282' title='bbox 1284 825 1424 855; x_wconf 83' lang='lat' dir='ltr'>personae</span> <span class='ocrx_word' id='word_1_283' title='bbox 1449 815 1484 844; x_wconf 82' lang='lat' dir='ltr'>ab</span> <span class='ocrx_word' id='word_1_284' title='bbox 1507 815 1609 844; x_wconf 82' lang='lat' dir='ltr'>eadem</span> <span class='ocrx_word' id='word_1_285' title='bbox 1636 813 1753 852; x_wconf 84' lang='lat' dir='ltr'>repellit</span> <span class='ocrx_word' id='word_1_286' title='bbox 1774 810 1916 841; x_wconf 83' lang='lat' dir='ltr'>Ecclesia.</span> 
     </span>
     <span class='ocr_line' id='line_1_62' title="bbox 1203 857 1916 891; baseline -0.008 0"><span class='ocrx_word' id='word_1_287' title='bbox 1203 878 1243 884; x_wconf 89' lang='lat'>—</span> <span class='ocrx_word' id='word_1_288' title='bbox 1264 861 1358 891; x_wconf 75' lang='lat' dir='ltr'>Poena</span> <span class='ocrx_word' id='word_1_289' title='bbox 1379 858 1690 889; x_wconf 66' lang='lat' dir='ltr'>excommunicationis</span> <span class='ocrx_word' id='word_1_290' title='bbox 1715 861 1814 887; x_wconf 84' lang='lat' dir='ltr'>contra</span> <span class='ocrx_word' id='word_1_291' title='bbox 1846 857 1916 886; x_wconf 79' lang='lat' dir='ltr'>llaec</span> 
     </span>
     <span class='ocr_line' id='line_1_63' title="bbox 1204 901 1914 935; baseline -0.008 0"><span class='ocrx_word' id='word_1_292' title='bbox 1204 906 1321 935; x_wconf 85' lang='lat' dir='ltr'>decreta</span> <span class='ocrx_word' id='word_1_293' title='bbox 1338 904 1568 934; x_wconf 72' lang='lat' dir='ltr'>inobserrantes.</span> <span class='ocrx_word' id='word_1_294' title='bbox 1581 919 1620 925; x_wconf 89' lang='lat'>—-</span> <span class='ocrx_word' id='word_1_295' title='bbox 1636 901 1711 931; x_wconf 84' lang='lat' dir='ltr'>Illud</span> <span class='ocrx_word' id='word_1_296' title='bbox 1728 901 1914 930; x_wconf 79' lang='lat' dir='ltr'>servantibus</span> 
     </span>
     <span class='ocr_line' id='line_1_64' title="bbox 1204 944 1914 986; baseline -0.006 -8"><span class='ocrx_word' id='word_1_297' title='bbox 1204 949 1279 980; x_wconf 85' lang='lat' dir='ltr'>bona</span> <span class='ocrx_word' id='word_1_298' title='bbox 1301 948 1484 986; x_wconf 73' lang='lat' dir='ltr'>deprecatur.</span> <span class='ocrx_word' id='word_1_299' title='bbox 1507 962 1548 969; x_wconf 87' lang='lat'>—·</span> <span class='ocrx_word' id='word_1_300' title='bbox 1565 946 1685 984; x_wconf 60' lang='lat' dir='ltr'>fingenii</span> <span class='ocrx_word' id='word_1_301' title='bbox 1709 945 1763 974; x_wconf 88' lang='lat' dir='ltr'>PP.</span> <span class='ocrx_word' id='word_1_302' title='bbox 1784 949 1812 975; x_wconf 85' lang='lat' dir='ltr'>et</span> <span class='ocrx_word' id='word_1_303' title='bbox 1834 944 1863 974; x_wconf 81' lang='lat' dir='ltr'>S.</span> <span class='ocrx_word' id='word_1_304' title='bbox 1882 944 1914 974; x_wconf 80' lang='lat' dir='ltr'>R.</span> 
     </span>
     <span class='ocr_line' id='line_1_65' title="bbox 1205 988 1760 1030; baseline -0.005 -8"><span class='ocrx_word' id='word_1_305' title='bbox 1205 992 1281 1022; x_wconf 85' lang='lat' dir='ltr'>Eccl.</span> <span class='ocrx_word' id='word_1_306' title='bbox 1300 992 1494 1022; x_wconf 75' lang='lat' dir='ltr'>cardinalium</span> <span class='ocrx_word' id='word_1_307' title='bbox 1515 988 1760 1030; x_wconf 75' lang='lat' dir='ltr'>subscriptiones.</span> 
     </span>
    </p>
   </div>
   <div class='ocr_carea' id='block_1_14' title="bbox 1164 1077 1915 1312">
    <p class='ocr_par' dir='ltr' id='par_1_26' title="bbox 1164 1077 1915 1312">
     <span class='ocr_line' id='line_1_66' title="bbox 1164 1077 1915 1115; baseline -0.003 -8"><span class='ocrx_word' id='word_1_308' title='bbox 1164 1079 1295 1114; x_wconf 62' lang='lat' dir='ltr'>fingenius</span> <span class='ocrx_word' id='word_1_309' title='bbox 1313 1079 1452 1115; x_wconf 74' lang='lat' dir='ltr'>episcopus</span> <span class='ocrx_word' id='word_1_310' title='bbox 1464 1085 1558 1107; x_wconf 74' lang='lat' dir='ltr'>servus</span> <span class='ocrx_word' id='word_1_311' title='bbox 1575 1084 1714 1107; x_wconf 79' lang='lat' dir='ltr'>servorum</span> <span class='ocrx_word' id='word_1_312' title='bbox 1732 1077 1786 1110; x_wconf 79' lang='lat' dir='ltr'>Dei,</span> <span class='ocrx_word' id='word_1_313' title='bbox 1807 1077 1915 1106; x_wconf 76' lang='lat' dir='ltr'>dilectis</span> 
     </span>
     <span class='ocr_line' id='line_1_67' title="bbox 1208 1127 1915 1164; baseline -0.003 -8"><span class='ocrx_word' id='word_1_314' title='bbox 1208 1128 1282 1162; x_wconf 81' lang='lat' dir='ltr'>filiis,</span> <span class='ocrx_word' id='word_1_315' title='bbox 1297 1128 1413 1157; x_wconf 73' lang='lat' dir='ltr'>Gethoho</span> <span class='ocrx_word' id='word_1_316' title='bbox 1426 1127 1678 1164; x_wconf 71' lang='lat' dir='ltr'>Reioherspergeusi</span> <span class='ocrx_word' id='word_1_317' title='bbox 1691 1127 1821 1155; x_wconf 63' lang='lat' dir='ltr'>Ecclesiae</span> <span class='ocrx_word' id='word_1_318' title='bbox 1835 1133 1915 1162; x_wconf 78' lang='lat' dir='ltr'>prae·</span> 
     </span>
     <span class='ocr_line' id='line_1_68' title="bbox 1208 1175 1914 1214; baseline -0.006 -7"><span class='ocrx_word' id='word_1_319' title='bbox 1208 1179 1306 1214; x_wconf 75' lang='lat' dir='ltr'>posito.</span> <span class='ocrx_word' id='word_1_320' title='bbox 1336 1178 1445 1213; x_wconf 81' lang='lat' dir='ltr'>eiusque</span> <span class='ocrx_word' id='word_1_321' title='bbox 1464 1176 1610 1209; x_wconf 66' lang='lat' dir='ltr'>fratribus,</span> <span class='ocrx_word' id='word_1_322' title='bbox 1639 1177 1697 1204; x_wconf 64' lang='lat' dir='ltr'>tam</span> <span class='ocrx_word' id='word_1_323' title='bbox 1724 1175 1914 1211; x_wconf 75' lang='lat' dir='ltr'>praesentibus</span> 
     </span>
     <span class='ocr_line' id='line_1_69' title="bbox 1209 1223 1914 1263; baseline -0.003 -8"><span class='ocrx_word' id='word_1_324' title='bbox 1209 1234 1288 1263; x_wconf 82' lang='lat' dir='ltr'>quam</span> <span class='ocrx_word' id='word_1_325' title='bbox 1306 1226 1408 1255; x_wconf 81' lang='lat' dir='ltr'>futuris</span> <span class='ocrx_word' id='word_1_326' title='bbox 1432 1226 1586 1261; x_wconf 73' lang='lat' dir='ltr'>regularem</span> <span class='ocrx_word' id='word_1_327' title='bbox 1606 1225 1691 1254; x_wconf 74' lang='lat' dir='ltr'>vitam</span> <span class='ocrx_word' id='word_1_328' title='bbox 1719 1223 1861 1260; x_wconf 76' lang='lat' dir='ltr'>professis.</span> <span class='ocrx_word' id='word_1_329' title='bbox 1886 1225 1914 1253; x_wconf 85' lang='grc'>111</span> 
     </span>
     <span class='ocr_line' id='line_1_70' title="bbox 1208 1278 1376 1312; baseline -0.006 -7"><span class='ocrx_word' id='word_1_330' title='bbox 1208 1278 1376 1312; x_wconf 77' lang='lat' dir='ltr'>perpetuum.</span> 
     </span>
    </p>
   </div>
   <div class='ocr_carea' id='block_1_15' title="bbox 1164 1358 2114 2478">
    <p class='ocr_par' dir='ltr' id='par_1_27' title="bbox 1164 1358 2114 2478">
     <span class='ocr_line' id='line_1_71' title="bbox 1213 1358 1914 1407; baseline 0.001 -13"><span class='ocrx_word' id='word_1_331' title='bbox 1213 1359 1426 1404; x_wconf 77' lang='lat' dir='ltr'>Desiderium,</span> <span class='ocrx_word' id='word_1_332' title='bbox 1447 1360 1531 1406; x_wconf 88' lang='lat' dir='ltr'>quod</span> <span class='ocrx_word' id='word_1_333' title='bbox 1555 1359 1593 1394; x_wconf 87' lang='lat' dir='ltr'>ad</span> <span class='ocrx_word' id='word_1_334' title='bbox 1617 1358 1778 1405; x_wconf 82' lang='lat' dir='ltr'>religionis</span> <span class='ocrx_word' id='word_1_335' title='bbox 1800 1371 1914 1407; x_wconf 88' lang='lat' dir='ltr'>propo-</span> 
     </span>
     <span class='ocr_line' id='line_1_72' title="bbox 1164 1409 1915 1456; baseline 0.003 -13"><span class='ocrx_word' id='word_1_336' title='bbox 1164 1411 1283 1450; x_wconf 75' lang='lat' dir='ltr'>situm,</span> <span class='ocrx_word' id='word_1_337' title='bbox 1319 1417 1350 1443; x_wconf 84' lang='lat' dir='ltr'>et</span> <span class='ocrx_word' id='word_1_338' title='bbox 1385 1409 1560 1443; x_wconf 86' lang='lat' dir='ltr'>animarum</span> <span class='ocrx_word' id='word_1_339' title='bbox 1593 1409 1724 1443; x_wconf 84' lang='lat' dir='ltr'>salutem</span> <span class='ocrx_word' id='word_1_340' title='bbox 1756 1409 1915 1456; x_wconf 81' lang='lat' dir='ltr'>pertinere</span> 
     </span>
     <span class='ocr_line' id='line_1_73' title="bbox 1166 1458 1913 1497; baseline 0 -4"><span class='ocrx_word' id='word_1_341' title='bbox 1166 1465 1368 1497; x_wconf 85' lang='lat' dir='ltr'>monstratur,</span> <span class='ocrx_word' id='word_1_342' title='bbox 1390 1458 1495 1492; x_wconf 88' lang='lat' dir='ltr'>animo</span> <span class='ocrx_word' id='word_1_343' title='bbox 1518 1470 1573 1493; x_wconf 84' lang='lat' dir='ltr'>nos</span> <span class='ocrx_word' id='word_1_344' title='bbox 1593 1458 1682 1492; x_wconf 84' lang='lat' dir='ltr'>decet</span> <span class='ocrx_word' id='word_1_345' title='bbox 1703 1458 1812 1492; x_wconf 86' lang='lat' dir='ltr'>libenti</span> <span class='ocrx_word' id='word_1_346' title='bbox 1835 1470 1913 1493; x_wconf 87' lang='lat' dir='ltr'>con-</span> 
     </span>
     <span class='ocr_line' id='line_1_74' title="bbox 1165 1507 1914 1554; baseline 0 -12"><span class='ocrx_word' id='word_1_347' title='bbox 1165 1508 1291 1542; x_wconf 87' lang='lat' dir='ltr'>cedere:</span> <span class='ocrx_word' id='word_1_348' title='bbox 1314 1516 1344 1542; x_wconf 88' lang='lat' dir='ltr'>et</span> <span class='ocrx_word' id='word_1_349' title='bbox 1358 1508 1531 1554; x_wconf 85' lang='lat' dir='ltr'>petentium</span> <span class='ocrx_word' id='word_1_350' title='bbox 1555 1507 1718 1542; x_wconf 86' lang='lat' dir='ltr'>desideriis</span> <span class='ocrx_word' id='word_1_351' title='bbox 1736 1519 1914 1553; x_wconf 80' lang='lat' dir='ltr'>congruum</span> 
     </span>
     <span class='ocr_line' id='line_1_75' title="bbox 1165 1556 1911 1603; baseline 0 -12"><span class='ocrx_word' id='word_1_352' title='bbox 1165 1557 1315 1603; x_wconf 86' lang='lat' dir='ltr'>impertiri</span> <span class='ocrx_word' id='word_1_353' title='bbox 1351 1556 1547 1602; x_wconf 78' lang='lat' dir='ltr'>suffragium.</span> <span class='ocrx_word' id='word_1_354' title='bbox 1576 1556 1656 1598; x_wconf 84' lang='lat' dir='ltr'>Quia</span> <span class='ocrx_word' id='word_1_355' title='bbox 1688 1556 1770 1591; x_wconf 87' lang='lat' dir='ltr'>sicut</span> <span class='ocrx_word' id='word_1_356' title='bbox 1800 1556 1911 1591; x_wconf 84' lang='lat' dir='ltr'>iniusta</span> 
     </span>
     <span class='ocr_line' id='line_1_76' title="bbox 1166 1605 1911 1653; baseline 0.004 -15"><span class='ocrx_word' id='word_1_357' title='bbox 1166 1606 1346 1653; x_wconf 86' lang='lat' dir='ltr'>petentibus</span> <span class='ocrx_word' id='word_1_358' title='bbox 1374 1606 1479 1640; x_wconf 90' lang='lat' dir='ltr'>nullus</span> <span class='ocrx_word' id='word_1_359' title='bbox 1501 1615 1547 1640; x_wconf 89' lang='lat' dir='ltr'>cst</span> <span class='ocrx_word' id='word_1_360' title='bbox 1563 1606 1748 1640; x_wconf 77' lang='lat' dir='ltr'>tribuendus</span> <span class='ocrx_word' id='word_1_361' title='bbox 1771 1605 1911 1646; x_wconf 78' lang='lat' dir='ltr'>effectus,</span> 
     </span>
     <span class='ocr_line' id='line_1_77' title="bbox 1167 1654 1912 1701; baseline 0.003 -13"><span class='ocrx_word' id='word_1_362' title='bbox 1167 1657 1204 1690; x_wconf 89' lang='lat' dir='ltr'>ita</span> <span class='ocrx_word' id='word_1_363' title='bbox 1228 1655 1364 1701; x_wconf 78' lang='lat' dir='ltr'>legitima</span> <span class='ocrx_word' id='word_1_364' title='bbox 1387 1664 1416 1689; x_wconf 88' lang='lat' dir='ltr'>et</span> <span class='ocrx_word' id='word_1_365' title='bbox 1440 1656 1519 1690; x_wconf 86' lang='lat' dir='ltr'>insta</span> <span class='ocrx_word' id='word_1_366' title='bbox 1542 1654 1805 1695; x_wconf 83' lang='lat' dir='ltr'>desiderantibus,</span> <span class='ocrx_word' id='word_1_367' title='bbox 1829 1655 1912 1690; x_wconf 84' lang='lat' dir='ltr'>nulla</span> 
     </span>
     <span class='ocr_line' id='line_1_78' title="bbox 1165 1703 2076 1751; baseline 0.001 -13"><span class='ocrx_word' id='word_1_368' title='bbox 1165 1712 1214 1738; x_wconf 86' lang='lat' dir='ltr'>est</span> <span class='ocrx_word' id='word_1_369' title='bbox 1245 1704 1417 1739; x_wconf 73' lang='lat' dir='ltr'>differenda</span> <span class='ocrx_word' id='word_1_370' title='bbox 1453 1705 1573 1751; x_wconf 81' lang='lat' dir='ltr'>petitio.</span> <span class='ocrx_word' id='word_1_371' title='bbox 1594 1703 1696 1738; x_wconf 81' lang='lat' dir='ltr'>Huius</span> <span class='ocrx_word' id='word_1_372' title='bbox 1727 1705 1770 1739; x_wconf 87' lang='lat' dir='ltr'>rei</span> <span class='ocrx_word' id='word_1_373' title='bbox 1801 1705 1911 1751; x_wconf 80' lang='lat' dir='ltr'>gratia,</span> <span class='ocrx_word' id='word_1_374' title='bbox 1960 1721 2076 1744; x_wconf 58' lang='lat' dir='ltr'>neoresium</span> 
     </span>
     <span class='ocr_line' id='line_1_79' title="bbox 1166 1753 2110 1804; baseline 0.001 -17"><span class='ocrx_word' id='word_1_375' title='bbox 1166 1754 1270 1788; x_wconf 85' lang='lat' dir='ltr'>dilecti</span> <span class='ocrx_word' id='word_1_376' title='bbox 1309 1755 1340 1788; x_wconf 91' lang='lat' dir='ltr'>in</span> <span class='ocrx_word' id='word_1_377' title='bbox 1380 1754 1514 1788; x_wconf 89' lang='lat' dir='ltr'>Domino</span> <span class='ocrx_word' id='word_1_378' title='bbox 1553 1753 1630 1797; x_wconf 77' lang='lat' dir='ltr'>filii,</span> <span class='ocrx_word' id='word_1_379' title='bbox 1663 1753 2110 1804; x_wconf 51' lang='lat' dir='ltr'>praedecessorismewbg‘s·</span> 
     </span>
     <span class='ocr_line' id='line_1_80' title="bbox 1166 1785 2111 1849; baseline -0.002 -12"><span class='ocrx_word' id='word_1_380' title='bbox 1166 1804 1262 1837; x_wconf 83' lang='lat' dir='ltr'>nostri</span> <span class='ocrx_word' id='word_1_381' title='bbox 1295 1803 1394 1837; x_wconf 76' lang='lat' dir='ltr'>felicis</span> <span class='ocrx_word' id='word_1_382' title='bbox 1420 1803 1588 1838; x_wconf 85' lang='lat' dir='ltr'>memoriae</span> <span class='ocrx_word' id='word_1_383' title='bbox 1612 1802 1714 1849; x_wconf 85' lang='lat' dir='ltr'>Papae</span> <span class='ocrx_word' id='word_1_384' title='bbox 1736 1785 2111 1842; x_wconf 49' lang='lat' dir='ltr'>Innocenti}[5532‘231‘302522</span> 
     </span>
     <span class='ocr_line' id='line_1_81' title="bbox 1166 1844 2096 1899; baseline 0.002 -13"><span class='ocrx_word' id='word_1_385' title='bbox 1166 1853 1306 1899; x_wconf 75' lang='lat' dir='ltr'>vestigiis</span> <span class='ocrx_word' id='word_1_386' title='bbox 1329 1853 1538 1891; x_wconf 79' lang='lat' dir='ltr'>inhaerentes,</span> <span class='ocrx_word' id='word_1_387' title='bbox 1575 1864 1696 1887; x_wconf 85' lang='lat' dir='ltr'>necnon</span> <span class='ocrx_word' id='word_1_388' title='bbox 1727 1853 1913 1888; x_wconf 73' lang='lat' dir='ltr'>venerabilis</span> <span class='ocrx_word' id='word_1_389' title='bbox 1926 1844 2096 1873; x_wconf 53' lang='lat' dir='ltr'>⁰³Pi⁸¹³⁰n²¹¹⁰⁸</span> 
     </span>
     <span class='ocr_line' id='line_1_82' title="bbox 1167 1900 1914 1948; baseline 0.003 -13"><span class='ocrx_word' id='word_1_390' title='bbox 1167 1902 1268 1936; x_wconf 81' lang='lat' dir='ltr'>fratris</span> <span class='ocrx_word' id='word_1_391' title='bbox 1301 1902 1395 1936; x_wconf 87' lang='lat' dir='ltr'>nostri</span> <span class='ocrx_word' id='word_1_392' title='bbox 1424 1900 1560 1936; x_wconf 80' lang='lat' dir='ltr'>Conradi</span> <span class='ocrx_word' id='word_1_393' title='bbox 1579 1901 1829 1948; x_wconf 75' lang='lat' dir='ltr'>salisburgensis</span> <span class='ocrx_word' id='word_1_394' title='bbox 1849 1902 1914 1937; x_wconf 86' lang='lat' dir='ltr'>Ec-</span> 
     </span>
     <span class='ocr_line' id='line_1_83' title="bbox 1166 1950 1913 1997; baseline 0.003 -13"><span class='ocrx_word' id='word_1_395' title='bbox 1166 1951 1278 1985; x_wconf 85' lang='lat' dir='ltr'>clesiae</span> <span class='ocrx_word' id='word_1_396' title='bbox 1311 1951 1540 1997; x_wconf 78' lang='lat' dir='ltr'>archiepiscopi</span> <span class='ocrx_word' id='word_1_397' title='bbox 1570 1950 1717 1996; x_wconf 80' lang='lat' dir='ltr'>precibus</span> <span class='ocrx_word' id='word_1_398' title='bbox 1753 1952 1913 1992; x_wconf 82' lang='lat' dir='ltr'>inclinati,</span> 
     </span>
     <span class='ocr_line' id='line_1_84' title="bbox 1167 2000 1915 2046; baseline 0.003 -13"><span class='ocrx_word' id='word_1_399' title='bbox 1167 2001 1278 2034; x_wconf 78' lang='lat' dir='ltr'>vestris</span> <span class='ocrx_word' id='word_1_400' title='bbox 1316 2001 1405 2035; x_wconf 83' lang='lat' dir='ltr'>iustis</span> <span class='ocrx_word' id='word_1_401' title='bbox 1445 2000 1704 2046; x_wconf 85' lang='lat' dir='ltr'>postulationibus</span> <span class='ocrx_word' id='word_1_402' title='bbox 1742 2001 1915 2035; x_wconf 85' lang='lat' dir='ltr'>clementer</span> 
     </span>
     <span class='ocr_line' id='line_1_85' title="bbox 1167 2049 1914 2096; baseline 0.001 -13"><span class='ocrx_word' id='word_1_403' title='bbox 1167 2050 1348 2089; x_wconf 81' lang='lat' dir='ltr'>annnimus,</span> <span class='ocrx_word' id='word_1_404' title='bbox 1370 2058 1401 2084; x_wconf 89' lang='lat' dir='ltr'>et</span> <span class='ocrx_word' id='word_1_405' title='bbox 1422 2049 1647 2084; x_wconf 84' lang='lat' dir='ltr'>monasterium</span> <span class='ocrx_word' id='word_1_406' title='bbox 1665 2057 1813 2089; x_wconf 82' lang='lat' dir='ltr'>vestrum,</span> <span class='ocrx_word' id='word_1_407' title='bbox 1829 2050 1914 2096; x_wconf 87' lang='lat' dir='ltr'>quod</span> 
     </span>
     <span class='ocr_line' id='line_1_86' title="bbox 1168 2098 1914 2147; baseline 0.003 -15"><span class='ocrx_word' id='word_1_408' title='bbox 1168 2099 1269 2133; x_wconf 86' lang='lat' dir='ltr'>estin</span> <span class='ocrx_word' id='word_1_409' title='bbox 1306 2099 1489 2147; x_wconf 78' lang='lat' dir='ltr'>episcopatu</span> <span class='ocrx_word' id='word_1_410' title='bbox 1526 2098 1712 2137; x_wconf 79' lang='lat' dir='ltr'>Patavieusi,</span> <span class='ocrx_word' id='word_1_411' title='bbox 1748 2099 1777 2133; x_wconf 89' lang='lat' dir='ltr'>in</span> <span class='ocrx_word' id='word_1_412' title='bbox 1815 2098 1914 2134; x_wconf 78' lang='lat' dir='ltr'>fundo</span> 
     </span>
     <span class='ocr_line' id='line_1_87' title="bbox 1167 2147 1914 2195; baseline 0.001 -13"><span class='ocrx_word' id='word_1_413' title='bbox 1167 2147 1418 2195; x_wconf 82' lang='lat' dir='ltr'>Saltzburgensis</span> <span class='ocrx_word' id='word_1_414' title='bbox 1449 2147 1607 2182; x_wconf 86' lang='lat' dir='ltr'>Ecclesiae</span> <span class='ocrx_word' id='word_1_415' title='bbox 1638 2147 1754 2188; x_wconf 75' lang='lat' dir='ltr'>situm,</span> <span class='ocrx_word' id='word_1_416' title='bbox 1783 2147 1813 2182; x_wconf 91' lang='lat' dir='ltr'>in</span> <span class='ocrx_word' id='word_1_417' title='bbox 1851 2160 1914 2195; x_wconf 90' lang='lat' dir='ltr'>quo</span> 
     </span>
     <span class='ocr_line' id='line_1_88' title="bbox 1168 2196 1913 2244; baseline 0.001 -13"><span class='ocrx_word' id='word_1_418' title='bbox 1168 2197 1274 2232; x_wconf 81' lang='lat' dir='ltr'>divino</span> <span class='ocrx_word' id='word_1_419' title='bbox 1297 2197 1462 2244; x_wconf 87' lang='lat' dir='ltr'>mancipati</span> <span class='ocrx_word' id='word_1_420' title='bbox 1477 2197 1552 2231; x_wconf 84' lang='lat' dir='ltr'>estis</span> <span class='ocrx_word' id='word_1_421' title='bbox 1567 2196 1732 2243; x_wconf 80' lang='lat' dir='ltr'>obsequio,</span> <span class='ocrx_word' id='word_1_422' title='bbox 1754 2197 1812 2231; x_wconf 92' lang='lat' dir='ltr'>sub</span> <span class='ocrx_word' id='word_1_423' title='bbox 1832 2197 1913 2232; x_wconf 87' lang='lat' dir='ltr'>beati</span> 
     </span>
     <span class='ocr_line' id='line_1_89' title="bbox 1168 2246 1914 2293; baseline 0 -13"><span class='ocrx_word' id='word_1_424' title='bbox 1168 2246 1264 2287; x_wconf 79' lang='lat' dir='ltr'>Petri,</span> <span class='ocrx_word' id='word_1_425' title='bbox 1291 2255 1321 2281; x_wconf 90' lang='lat' dir='ltr'>ct</span> <span class='ocrx_word' id='word_1_426' title='bbox 1351 2255 1454 2281; x_wconf 84' lang='lat' dir='ltr'>nostra</span> <span class='ocrx_word' id='word_1_427' title='bbox 1488 2246 1680 2293; x_wconf 79' lang='lat' dir='ltr'>protectione</span> <span class='ocrx_word' id='word_1_428' title='bbox 1710 2246 1914 2293; x_wconf 79' lang='lat' dir='ltr'>suscipimus,</span> 
     </span>
     <span class='ocr_line' id='line_1_90' title="bbox 1168 2294 1915 2343; baseline -0.001 -13"><span class='ocrx_word' id='word_1_429' title='bbox 1168 2304 1197 2330; x_wconf 90' lang='lat' dir='ltr'>et</span> <span class='ocrx_word' id='word_1_430' title='bbox 1221 2294 1396 2343; x_wconf 84' lang='lat' dir='ltr'>praesentis</span> <span class='ocrx_word' id='word_1_431' title='bbox 1417 2294 1708 2343; x_wconf 74' lang='lat' dir='ltr'>seriptiprivilegio</span> <span class='ocrx_word' id='word_1_432' title='bbox 1736 2296 1915 2329; x_wconf 85' lang='lat' dir='ltr'>eommuni-</span> 
     </span>
     <span class='ocr_line' id='line_1_91' title="bbox 1170 2344 2091 2393; baseline -0.004 -14"><span class='ocrx_word' id='word_1_433' title='bbox 1170 2357 1250 2380; x_wconf 90' lang='lat' dir='ltr'>mus.</span> <span class='ocrx_word' id='word_1_434' title='bbox 1287 2345 1322 2379; x_wconf 93' lang='lat' dir='ltr'>In</span> <span class='ocrx_word' id='word_1_435' title='bbox 1364 2345 1474 2393; x_wconf 86' lang='lat' dir='ltr'>primis</span> <span class='ocrx_word' id='word_1_436' title='bbox 1518 2344 1676 2392; x_wconf 81' lang='lat' dir='ltr'>siquidem</span> <span class='ocrx_word' id='word_1_437' title='bbox 1719 2352 1914 2384; x_wconf 81' lang='lat' dir='ltr'>statuentes,</span> <span class='ocrx_word' id='word_1_438' title='bbox 1949 2354 2091 2382; x_wconf 59' lang='lat' dir='ltr'>negatamque</span> 
     </span>
     <span class='ocr_line' id='line_1_92' title="bbox 1171 2386 2114 2441; baseline 0 -13"><span class='ocrx_word' id='word_1_439' title='bbox 1171 2403 1203 2429; x_wconf 93' lang='lat' dir='ltr'>ut</span> <span class='ocrx_word' id='word_1_440' title='bbox 1230 2402 1291 2429; x_wconf 85' lang='lat' dir='ltr'>tam</span> <span class='ocrx_word' id='word_1_441' title='bbox 1326 2396 1358 2429; x_wconf 91' lang='lat' dir='ltr'>in</span> <span class='ocrx_word' id='word_1_442' title='bbox 1400 2403 1521 2438; x_wconf 81' lang='lat' dir='ltr'>vestro,</span> <span class='ocrx_word' id='word_1_443' title='bbox 1555 2405 1648 2441; x_wconf 80' lang='lat' dir='ltr'>quam</span> <span class='ocrx_word' id='word_1_444' title='bbox 1690 2394 1720 2427; x_wconf 89' lang='lat' dir='ltr'>in</span> <span class='ocrx_word' id='word_1_445' title='bbox 1756 2386 2114 2438; x_wconf 60' lang='grc' dir='ltr'><strong>1110113510-ξ;ξζ“,ἷ“ξ,ἳ.ζ“ξζζ,;ζξῖ</strong></span> 
     </span>
     <span class='ocr_line' id='line_1_93' title="bbox 1170 2442 1915 2478; baseline 0 -1"><span class='ocrx_word' id='word_1_446' title='bbox 1170 2445 1215 2478; x_wconf 90' lang='lat' dir='ltr'>rio</span> <span class='ocrx_word' id='word_1_447' title='bbox 1237 2443 1524 2478; x_wconf 74' lang='lat' dir='ltr'>sanctimonialium</span> <span class='ocrx_word' id='word_1_448' title='bbox 1551 2442 1640 2477; x_wconf 86' lang='lat' dir='ltr'>vobis</span> <span class='ocrx_word' id='word_1_449' title='bbox 1678 2442 1805 2477; x_wconf 88' lang='lat' dir='ltr'>subdito</span> <span class='ocrx_word' id='word_1_450' title='bbox 1837 2443 1915 2477; x_wconf 84' lang='lat' dir='ltr'>ordo</span> 
     </span>
    </p>
   </div>
   <div class='ocr_carea' id='block_1_16' title="bbox 1170 2492 1914 2538">
    <p class='ocr_par' dir='ltr' id='par_1_28' title="bbox 1170 2492 1914 2538">
     <span class='ocr_line' id='line_1_94' title="bbox 1170 2492 1914 2538; baseline -0.004 -10"><span class='ocrx_word' id='word_1_451' title='bbox 1170 2504 1341 2528; x_wconf 82' lang='lat' dir='ltr'>canonicus</span> <span class='ocrx_word' id='word_1_452' title='bbox 1375 2494 1458 2526; x_wconf 80' lang='lat' dir='ltr'>iuxta</span> <span class='ocrx_word' id='word_1_453' title='bbox 1497 2492 1535 2526; x_wconf 81' lang='grc' dir='ltr'>Β.</span> <span class='ocrx_word' id='word_1_454' title='bbox 1570 2492 1740 2538; x_wconf 77' lang='lat' dir='ltr'>Augustini</span> <span class='ocrx_word' id='word_1_455' title='bbox 1775 2492 1914 2538; x_wconf 82' lang='lat' dir='ltr'>regulam</span> 
     </span>
    </p>
   </div>
   <div class='ocr_carea' id='block_1_17' title="bbox 1959 1378 2078 1402">
    <p class='ocr_par' dir='ltr' id='par_1_29' title="bbox 1959 1378 2078 1402">
     <span class='ocr_line' id='line_1_95' title="bbox 1959 1378 2078 1402; baseline -0.008 -1"><span class='ocrx_word' id='word_1_456' title='bbox 1959 1378 2078 1402; x_wconf 77' lang='lat' dir='ltr'>Emi-dim.</span> 
     </span>
    </p>
   </div>
   <div class='ocr_carea' id='block_1_18' title="bbox 1148 2541 1916 2590">
    <p class='ocr_par' dir='ltr' id='par_1_30' title="bbox 1148 2541 1916 2590">
     <span class='ocr_line' id='line_1_96' title="bbox 1148 2541 1916 2590; baseline -0.003 -14"><span class='ocrx_word' id='word_1_457' title='bbox 1148 2542 1331 2590; x_wconf 26' lang='lat' dir='ltr'>*perpetuis</span> <span class='ocrx_word' id='word_1_458' title='bbox 1363 2541 1562 2588; x_wconf 85' lang='lat' dir='ltr'>temporibus</span> <span class='ocrx_word' id='word_1_459' title='bbox 1596 2541 1816 2575; x_wconf 76' lang='lat' dir='ltr'>inviolabiliter</span> <span class='ocrx_word' id='word_1_460' title='bbox 1837 2553 1916 2574; x_wconf 85' lang='grc'><strong>0011-</strong></span> 
     </span>
    </p>
   </div>
   <div class='ocr_carea' id='block_1_19' title="bbox 415 2591 1917 2652">
    <p class='ocr_par' dir='ltr' id='par_1_31' title="bbox 415 2591 1917 2652">
     <span class='ocr_line' id='line_1_97' title="bbox 415 2591 1917 2652; baseline -0.004 -22"><span class='ocrx_word' id='word_1_461' title='bbox 415 2604 454 2638; x_wconf 80' lang='lat'>(¹)</span> <span class='ocrx_word' id='word_1_462' title='bbox 470 2604 508 2630; x_wconf 82' lang='lat' dir='ltr'>Ex</span> <span class='ocrx_word' id='word_1_463' title='bbox 530 2604 639 2639; x_wconf 82' lang='lat' dir='ltr'>Metrcp.</span> <span class='ocrx_word' id='word_1_464' title='bbox 659 2604 837 2639; x_wconf 73' lang='lat' dir='ltr'>salisburgen.</span> <span class='ocrx_word' id='word_1_465' title='bbox 856 2604 964 2636; x_wconf 74' lang='grc'><strong>1111111111,</strong></span> <span class='ocrx_word' id='word_1_466' title='bbox 983 2607 1046 2631; x_wconf 89' lang='lat' dir='ltr'>tom.</span> <span class='ocrx_word' id='word_1_467' title='bbox 1065 2611 1105 2631; x_wconf 85' lang='lat' dir='ltr'>m.</span> <span class='ocrx_word' id='word_1_468' title='bbox 1145 2599 1320 2652; x_wconf 53' lang='lat' dir='ltr'>‘sci-vetur.</span> <span class='ocrx_word' id='word_1_469' title='bbox 1350 2591 1514 2626; x_wconf 65' lang='lat' dir='ltr'>Praeterea</span> <span class='ocrx_word' id='word_1_470' title='bbox 1545 2601 1762 2636; x_wconf 81' lang='lat' dir='ltr'>quascumque</span> <span class='ocrx_word' id='word_1_471' title='bbox 1789 2601 1917 2637; x_wconf 84' lang='lat' dir='ltr'>posses-</span> 
     </span>
    </p>
   </div>
  </div>
 </body>
</html>
