2180 3205
240 712 420 743 ltlaminsuper

209 744 350 767 defenduut
381 746 416 767 Ss⁴

208 775 302 799 Eccles,
333 776 420 798 Patres

208 811 232 829 et
251 807 372 829 Doctores

227 1651 355 1676 Ecclesiae
366 1660 415 1674 nia-

203 1683 369 1715 gisteriuuiin
376 1691 416 1706 ca—

204 1715 296 1738 tholica
310 1714 416 1737 veritate

204 1745 325 1770 tradenda
356 1746 415 1769 ado—

202 1777 300 1801 riuntur
328 1778 416 1800 baere-

203 1810 245 1832 tici

439 194 474 219 VI
1137 193 1336 220 PRAEFATIO

435 250 556 292 Quem,
584 261 711 293 revera,
739 250 821 285 latet
849 248 933 284 nihil
962 256 1081 285 contra
1103 251 1307 286 catholicam
1328 249 1505 286 veritatem
1527 251 1710 298 profecisse
1731 251 1939 288 ludaeorum
1959 263 2035 300 per-

437 308 574 351 fidiam,
602 308 859 344 idololatrarum
895 307 1063 350 furorem,
1098 308 1241 343 consilia
1269 307 1547 344 haereticorum?
1576 309 1650 356 Ipsa
1680 321 1829 357 namque
1851 316 1882 345 ct
1912 315 2034 345 natura

438 366 644 402 intrinsecus
671 377 732 401 sua
749 394 756 408 ,
784 375 871 412 quae
900 364 1013 400 divina
1041 372 1114 408 est,
1142 372 1171 401 et
1207 366 1416 413 providentis
1443 366 1503 401 Dei
1532 367 1725 410 adiutorio,
1764 379 1831 415 quo
1864 379 2037 415 nusquam

438 430 542 463 vacat,
571 436 633 459 nec
653 422 841 462 obscurari,
864 434 926 458 uec
947 422 1073 465 minui,
1095 435 1158 459 nec
1179 424 1316 459 interire
1346 430 1471 471 potcst;
1501 424 1572 471 ipsa
1601 436 1668 471 quo
1695 425 1828 471 gravius
1858 426 2036 474 premitur,

437 494 476 518 eo
503 481 648 526 assurgit
677 480 879 520 sublimius,
907 492 974 528 quo
1004 480 1122 516 maiori
1160 481 1284 516 adnisu
1313 488 1548 529 oppugnatur,
1584 493 1623 517 co
1651 482 1752 518 altius
1789 483 1920 520 radices
1953 483 2034 530 tigit.

438 539 524 574 Hinc
559 539 685 573 fautum
719 544 791 577 est,
830 544 865 573 nt
906 550 993 585 quac
1033 538 1074 573 ab
1119 539 1297 574 christiani
1331 539 1672 575 nominis*osoribus
1699 540 1740 575 ad
1770 541 1907 576 ruinam
1935 553 2034 589 para-

438 596 562 631 bantur
588 606 695 632 arina.
715 607 754 631 ea
776 595 938 631 divinitus
967 596 1008 631 ad
1038 596 1274 632 defensionem
1302 603 1332 632 et
1362 597 1508 632 salutem
1536 598 1630 633 omni
1660 609 1741 633 aevo
1769 609 1929 634 conversa
1957 599 2035 634 sint.

485 653 641 700 Namque
675 653 846 689 Ecclesiae
879 653 998 689 Patres
1033 660 1065 689 et
1100 654 1280 693 Doctores,
1308 655 1366 701 qui
1394 661 1534 690 strenue
1562 655 1770 691 dimicarunt
1799 661 1837 691 ut
1864 656 1967 692 fidem
1995 656 2037 692 ab

437 711 587 761 hostium
616 710 812 746 incursibus
840 711 1076 755 defenderent,
1105 724 1298 759 numquam
1326 713 1477 760 profecto
1506 719 1574 747 tam
1603 713 1741 761 copiose
1767 713 2036 761 eloquenterque

437 769 664 816 scripsissent,
693 768 758 804 nisi
787 769 947 805 effraenis
975 769 1229 806 haereticorum
1259 770 1402 806 audacia
1424 782 1482 806 eos
1502 771 1543 806 ad
1572 770 1795 807 scribendum
1825 771 2037 819 impulisset:

438 827 517 862 inde
545 827 736 862 orthodoxa
764 827 938 870 doctrina,
973 839 1058 863 novo
1091 828 1241 875 quodam
1270 828 1403 863 obiecto
1432 840 1568 874 aggere,
1597 840 1660 864 nec
1687 829 1789 876 diripi
1818 829 1945 876 potuit,
1973 841 2035 865 nec

437 885 619 921 cuiuslibet
661 885 852 921 incursioni
892 891 1020 933 patere.
1061 886 1177 921 Sancti
1205 886 1251 921 illi
1282 886 1464 929 homines,
1493 898 1601 933 quum
1629 886 1751 933 spiritu
1780 887 1970 935 sapientiae
1998 899 2036 923 ac

437 943 570 979 timoris
597 943 735 978 Domini
765 943 858 991 pleni
886 951 1013 987 essent,
1042 944 1128 979 nihil
1157 956 1225 980 non
1254 944 1438 991 attigerunt
1468 955 1584 979 sacrae
1612 944 1801 988 doctrinae,
1829 945 2036 981 fundamen-

437 1009 537 1049 taque
565 1001 723 1037 omnium
750 1013 867 1037 rerum
896 1008 964 1037 tam
993 1001 1129 1037 stabilia
1150 1009 1184 1038 et
1204 1002 1410 1038 inconcussa
1443 1009 1645 1050 posuerunt,
1674 1008 1711 1037 ut
1729 1002 1814 1038 nihil
1843 1002 2035 1050 optandum

435 1059 659 1107 superfuerit,
687 1072 798 1107 exque
826 1071 947 1096 eorum
974 1060 1110 1107 scriptis
1138 1066 1171 1095 et
1199 1060 1376 1104 institutis,
1404 1072 1481 1096 cum
1510 1060 1624 1096 omnis
1653 1060 1774 1096 veritas
1802 1060 1894 1104 fidei,
1921 1061 2035 1096 omnis

436 1118 607 1165 Evangelii
637 1118 857 1165 explanatio,
885 1118 997 1153 omnis
1026 1118 1255 1154 ecclesiastica
1285 1118 1431 1153 eruditio
1460 1118 1549 1154 sumi
1579 1124 1708 1166 potest3
1738 1124 1810 1154 tum
1838 1123 1934 1154 tanta
1962 1118 2033 1154 fluit

434 1176 578 1211 varietas
607 1181 709 1223 atque
738 1176 892 1211 efficacia
919 1175 1069 1218 dicendi,
1097 1182 1134 1210 ut
1162 1187 1276 1217 nemo,
1303 1175 1377 1211 sine
1407 1175 1483 1216 illis,
1503 1176 1545 1211 ad
1567 1187 1661 1211 sacra
1682 1176 1797 1211 studia
1823 1176 1905 1211 satis
1933 1186 2037 1211 orna-

432 1241 485 1269 tus
512 1234 620 1281 possit
647 1234 820 1270 accedere.
850 1233 908 1270 Vis
936 1234 1164 1269 nihilominus
1206 1234 1367 1277 illorum,
1396 1245 1483 1281 quae
1519 1240 1566 1270 est
1601 1239 1691 1270 certe
1719 1233 1895 1277 maxima,
1927 1233 1962 1269 in
1995 1244 2036 1270 ea

432 1292 562 1335 nititur,
590 1303 679 1339 quae
706 1298 755 1328 est
783 1292 941 1329 colum-na
977 1300 1009 1329 et
1044 1292 1298 1338 firmamentwn
1331 1292 1490 1328 vernalis
1527 1292 1546 1320 ¹³
1563 1321 1571 1333 ,
1600 1303 1681 1335 una,
1708 1298 1839 1335 sancta,
1867 1292 2035 1328 catholica

431 1356 462 1385 et
489 1350 677 1398 apostolica
705 1350 881 1393 Ecclesia,
909 1351 1067 1386 Romano
1094 1350 1261 1386 Pontifice
1289 1350 1399 1397 capite
1429 1350 1574 1393 visibili,
1604 1350 1679 1386 Iesu
1715 1349 1839 1385 Christi
1872 1350 1906 1385 in
1934 1350 2034 1386 terris

434 1407 579 1450 Vicario,
606 1407 853 1455 indefectibilis
872 1414 905 1444 et
926 1420 1039 1444 errare
1068 1407 1202 1448 nescia,
1232 1408 1265 1443 in
1294 1419 1373 1455 qua,
1400 1408 1518 1443 schola
1546 1407 1706 1448 veritatis,
1734 1408 1826 1443 Petri
1854 1407 2035 1450 cathedra,

434 1466 466 1500 in
500 1466 666 1502 Vaticano
694 1472 811 1502 monte
840 1466 950 1502 locata
977 1472 1024 1502 est
1042 1495 1050 1509 ‚
1080 1466 1136 1502 uhi
1166 1466 1321 1501 Pontifex
1350 1465 1518 1501 Maximus
1547 1466 1674 1501 (locens
1713 1465 1808 1501 solvit
1850 1465 1899 1500 vel
1936 1465 2033 1511 ligat,

433 1535 619 1572 curamque
648 1524 779 1560 liabens
807 1524 914 1567 ovilis,
943 1524 1048 1572 pascit
1078 1536 1168 1563 oves,
1198 1523 1301 1571 pascit
1333 1531 1365 1558 et
1393 1535 1510 1570 agnos.

482 1582 519 1617 ΙΙ.
561 1582 721 1618 Veritatis
762 1583 839 1618 licet
867 1583 951 1618 hacc
987 1582 1027 1617 sit
1071 1583 1202 1617 indoles
1231 1588 1258 1617 et
1292 1588 1439 1619 naun-a.
1467 1588 1501 1617 ut
1532 1582 1669 1629 proprio
1710 1582 1861 1629 quodam
1902 1581 2032 1629 fulgore

433 1646 566 1676 mentes
594 1640 777 1676 homiuum
805 1640 993 1678 collustret,
1021 1652 1231 1687 omnemque
1260 1640 1443 1686 caliginem
1471 1639 1631 1686 depellat,
1652 1646 1686 1674 ut
1713 1639 1848 1675 videant
1869 1639 2032 1676 sublimia

432 1705 461 1734 et
492 1698 623 1741 infima,
651 1710 728 1734 vcra
755 1705 935 1733 secernant
966 1711 984 1733 a
1013 1699 1116 1742 falsis,
1136 1710 1155 1733 a
1176 1697 1333 1745 turpibus
1362 1699 1522 1736 lioncsta;
1556 1709 1676 1745 caque,
1696 1709 1776 1733 cum
1804 1698 2032 1744 cognoscitur,

433 1757 592 1792 ardentes
620 1757 743 1792 excitet
771 1767 905 1792 amores
934 1757 985 1791 sui
1003 1785 1010 1794 ,
1052 1756 1159 1791 nihilo
1201 1762 1314 1791 tamen
1344 1756 1460 1791 miuus
1495 1755 1571 1803 quis
1599 1755 1693 1790 illam
1720 1762 1838 1800 gentes
1866 1755 2032 1792 docebit?

434 1815 508 1862 quis
536 1815 578 1850 ab
607 1815 882 1850 adversariorum
913 1815 1044 1862 impetu
1073 1814 1232 1850 defendet
1250 1816 1265 1848 ἶ)
1294 1814 1370 1861 quis
1398 1814 1555 1849 omnium
1584 1814 1697 1861 captui
1727 1813 2032 1850 accommodabit?

432 1873 508 1920 quis
536 1873 742 1921 opinionum
764 1872 880 1908 nubila
902 1872 1100 1920 dissipabit,
1128 1873 1310 1919 gliscentes
1331 1884 1462 1908 errores
1484 1873 1634 1918 deteget,
1655 1879 1849 1920 compescet
1871 1873 2030 1917 audaces,

432 1931 573 1977 pusillos
601 1931 829 1966 confortabit?
850 1931 974 1966 Totum
995 1931 1071 1969 hoc,
1091 1937 1415 1978 quantumcumque
1438 1937 1499 1969 cst,
1520 1941 1685 1977 magnum
1707 1942 1793 1978 opus
1813 1937 1846 1966 et
1865 1931 2031 1974 arduum,

430 1988 666 2035 magisterium
695 1994 841 2036 praestat
868 1978 1068 2024 ⁴Catholicae
1097 1988 1281 2027 Ecclesiae,
1309 1996 1423 2024 castae
1442 1994 1474 2024 et
1496 1989 1715 2036 incorruptae
1736 1988 1894 2025 ¹varinnis
1913 2000 2031 2024 sacra-

428 2046 521 2081 rium
557 2048 596 2086 θ’,
625 2059 728 2093 :spiam
758 2047 816 2093 qui
846 2060 912 2082 uon
943 2046 1113 2084 audierit,
1142 2047 1228 2082 sicut
1258 2046 1435 2081 ethnicum
1469 2053 1502 2081 et
1545 2045 1771 2093 publicanum
1805 2045 2030 2089 habendum,

428 2103 581 2139 Christus
610 2105 643 2138 iu
673 2105 856 2151 Evangelio
884 2106 980 2140 docet
1020 2105 1056 2137 3y:
1087 2104 1325 2150 magisterium
1354 2110 1382 2139 et
1414 2104 1582 2139 dictatura
1611 2116 1751 2151 prorsus
1773 2104 1965 2140 necessaria
1986 2105 2028 2140 ad

428 2162 641 2203 doctrinam,
669 2163 792 2197 amotis
821 2162 1127 2210 praepedimentis,
1157 2162 1316 2198 inviolate
1344 2162 1558 2197 servandam.
1587 2161 1668 2197 Eric
1694 2162 1783 2197 enim
1814 2168 1960 2210 tempus,
1992 2168 2026 2197 ut

429 2219 611 2266 Apostolus
641 2220 803 2266 loquitur.
824 2232 899 2255 cnm
919 2232 1035 2256 sanam
1065 2220 1257 2256 doctrinam
1278 2232 1343 2255 non
1362 2219 1588 2258 s1‹staefnetmn.t,
1619 2219 1677 2255 sed
1703 2219 1748 2255 ad
1773 2231 1835 2255 sua
1854 2219 2028 2256 desideria

429 2277 672 2312 coacervabunt
704 2277 771 2312 sibi
807 2277 987 2322 ›nassz‘stros
1019 2279 1215 2325 prurientes
1241 2277 1397 2315 auribus,
1428 2284 1460 2313 et
1487 2289 1508 2313 a
1535 2277 1681 2313 veritate
1707 2276 1843 2325 quidem
1870 2277 2028 2314 auditum

429 2340 599 2375 avertent,
640 2334 684 2370 ad
718 2335 857 2381 fabulas
903 2342 1014 2371 aulem
1054 2342 1293 2371 convertentur
1333 2336 1373 2369 *45
1415 2335 1585 2370 Haeretici
1628 2335 1811 2382 equidem,
1856 2335 2027 2371 vaferrimi

430 2391 587 2426 homines
615 2398 642 2427 et
675 2391 919 2435 scelestissimi,
948 2400 984 2428 ut
1012 2393 1140 2441 populo
1166 2393 1224 2428 Dei
1255 2393 1451 2432 illuderent,
1483 2404 1560 2428 cum
1589 2392 1729 2440 placuit,
1757 2393 1799 2427 ad
1827 2393 2026 2429 dialecticae

430 2448 563 2494 regulas
591 2450 706 2484 omnia
734 2450 868 2496 exigere
888 2462 922 2485 se
950 2451 1034 2486 velle
1063 2451 1278 2495 effutierunt;
1306 2462 1386 2486 cum
1414 2462 1534 2486 rursus
1563 2450 1701 2497 placuit,
1729 2462 1869 2486 omnem
1897 2451 2025 2487 doetri-

463 2562 501 2589 ‹l)
524 2561 530 2586 l
556 2561 627 2588 Tim.
650 2568 687 2595 ιιι,
713 2563 750 2589 15.

462 2605 502 2639 (Ξ)
521 2605 618 2638 Lirim„
641 2607 750 2633 Comm.
773 2613 848 2634 xxiii,

464 2649 499 2684 (3)
520 2649 639 2682 Murri„
661 2657 735 2683 xvui,
751 2651 795 2677 17.

464 2694 501 2728 (4)
520 2693 542 2721 ll
565 2694 651 2729 Tim„
670 2701 709 2729 iv,
730 2695 746 2722 3
766 2698 792 2722 et
808 2695 833 2722 4.
