2180 3205
37 284 85 311 An.
99 284 127 310 C.
151 285 217 312 1157

47 449 104 472 ttam-
129 458 216 479 ronipo-

33 483 130 503 §itionem
147 483 216 503 inviu-

34 511 124 534 tabunt-r
139 513 216 535 obser-

34 544 119 564 vundan
135 545 214 569 statuit,

33 578 119 602 eumque
156 581 216 601 prae<

29 606 90 632 soliti
104 605 215 632 privilegio

33 636 104 656 munit.

43 842 130 864 Sanctio
161 848 215 871 poe-

31 873 93 896 aaut.

43 1180 84 1202 Pu
103 1183 125 1202 οι
145 1181 214 1203 bone-

29 1212 93 1233 otwtio
111 1213 215 1234 terunti-

29 1242 74 1263 bus.

41 1643 140 1666 nnat-tani
158 1643 197 1666 PP.

29 1674 118 1700 sisinum
133 1677 155 1696 et
163 1674 212 1696 uub-

29 1706 123 1733 :eripitu-

45 2013 215 2041 Subscripttoues

33 2050 115 2073 quoque
144 2046 215 2066 cardi-

34 2075 110 2097 iulium
118 2075 139 2096 S.
146 2074 170 2097 ΙΙ.
180 2075 218 2096 Ee—

33 2106 120 2128 etesiae.

854 285 1039 307 inmunis
1063 285 1090 306 tt*
1116 285 1162 306 ΙΨ.

233 339 396 376 sitoribus.
432 347 463 373 ut
494 347 524 373 tu
556 338 626 373 inde
650 338 798 373 iustitiam
824 339 928 379 facias,
955 347 983 373 et

232 401 340 423 comes
368 389 444 422 infra
467 389 672 435 quadraginta
696 389 775 431 (lies,
798 397 826 422 et
855 396 904 422 tna
929 401 984 434 pro

233 439 309 472 sat-ta
335 439 449 472 institia
475 451 536 472 non
557 438 705 472 oll'endat.
724 437 763 472 Ut
780 437 874 483 igitur
895 450 984 472 com-

233 488 347 533 positio
385 488 448 534 ipsa
485 488 596 521 suturis
629 499 754 534 semper
789 486 984 533 temporibus

232 536 451 571 inuiolabiliter
473 536 670 575 observetur,
691 548 759 571 eam
785 536 983 583 Apostolicae

230 586 322 620 Sedis
344 585 529 620 auctoritate
551 586 702 620 duximus
723 585 982 625 conlirmamlam,

230 645 258 669 et
289 635 444 682 praesenti
482 635 645 682 privilegio
673 634 888 669 muniendam.
914 634 983 668 De—

230 686 390 719 ct·i·niinus
424 685 539 730 itaque,
571 692 601 718 ut
626 683 700 717 nulli
728 683 857 718 omnino
880 683 984 717 liomi-

231 746 305 768 num
335 734 435 773 liceat,
474 734 554 767 lianc
583 733 729 780 paginam
758 742 882 767 nostrae
904 745 983 767 con-

231 783 415 817 firmationis
438 782 620 827 inii-ingere,
654 782 700 816 vel
729 782 756 816 ei
787 782 983 828 aliquatenus

229 833 393 867 contraire.
422 832 455 865 Si
484 832 556 878 quis
582 839 686 866 autem
711 831 769 865 lioc
797 839 982 877 attemptare

230 881 487 928 praesumpserit,
498 880 637 915 secundo
653 880 784 915 tertiove
798 880 982 915 commoni-

231 939 292 971 tus,
317 931 374 965 nisi
407 930 697 977 praesumptionem
725 942 814 964 suain
842 942 990 975 congrua,

229 979 440 1015 satisfactione
455 979 636 1019 correxerit,
653 980 816 1027 potestatis
834 979 980 1014 lionoris-

229 1042 291 1076 que
313 1029 360 1064 sui
380 1029 532 1075 dignitate
554 1037 669 1073 careat,
692 1041 845 1075 reumque
874 1041 906 1063 se
930 1028 982 1062 ‹li-

231 1080 302 1115 vino
318 1078 432 1113 iudicio
451 1078 583 1113 existere
604 1078 644 1112 de
672 1087 846 1126 perpetrata
865 1077 983 1124 iniqui-

229 1137 292 1164 tate
307 1135 489 1174 cognoscat,
511 1135 606 1174 atque
630 1128 659 1162 in
675 1136 817 1162 extremo
839 1127 982 1162 examine

229 1178 387 1213 districtae
409 1177 569 1212 subiaceat
597 1177 717 1211 ultioni.
746 1177 879 1212 Cunctis
911 1189 982 1211 vero

228 1240 297 1263 eam
332 1227 530 1262 servantibus
561 1227 600 1261 sit
629 1239 686 1274 pax
719 1227 848 1261 Domini
885 1227 980 1261 nostri

229 1277 299 1312 lesu
326 1276 467 1319 Christi,
505 1284 662 1323 quatenus
701 1284 732 1311 et
766 1276 817 1310 liic
845 1276 980 1310 l'rnctnm

229 1326 328 1361 bonae
351 1326 485 1361 actionis
513 1325 698 1372 percipiant,
716 1333 747 1360 et
768 1327 850 1371 apud
874 1325 983 1360 ‹listri-

227 1385 312 1411 ctum
334 1375 475 1410 Iudicem
499 1376 637 1422 praemia
661 1383 804 1410 aeternae
822 1375 906 1422 pacis
928 1376 982 1409 in-

228 1425 364 1461 veniant.
394 1424 508 1465 Amen,
531 1436 636 1468 amen,
659 1436 764 1459 amen.

276 1908 350 1944 Eoo
388 1909 559 1944 Anninus
605 1909 776 1946 catholicae
819 1911 982 1948 Ecclesiae

228 1958 408 2006 episcopus.

277 2007 347 2055 Ego
379 2007 554 2054 Gregorius
595 2008 781 2044 Sabinensis
824 2009 982 2047 Ecclesiae

229 2057 408 2104 episcopus.

281 2106 350 2153 Ego
375 2105 559 2141 Mansredus
575 2107 737 2155 presbyter
752 2108 919 2144 cardinalis
935 2111 980 2144 tit.

229 2155 264 2190 S.
287 2155 433 2191 Sabinae.

280 2204 345 2251 Ego
379 2204 541 2240 Ger-ardus
579 2206 741 2253 presbyter
780 2208 864 2242 eard.
902 2209 981 2243 tituli

230 2254 382 2300 Stephani
406 2255 435 2288 in
458 2253 568 2290 Coelio
595 2264 711 2290 monte.

280 2303 349 2350 Ego
381 2303 538 2340 Henrieus
574 2304 676 2352 presb.
705 2305 788 2340 card.
821 2306 866 2341 tit.
895 2307 983 2341 San—

232 2361 353 2388 ctorum
381 2353 472 2387 Nerei
496 2362 524 2388 et
553 2353 699 2389 Achillei.

281 2402 350 2449 Ego
371 2401 448 2437 Otto
474 2402 628 2438 diaconus
651 2403 736 2438 card.
761 2405 807 2438 tit.
830 2404 863 2439 S.
882 2405 984 2439 Geor-

232 2451 274 2498 gii
303 2451 340 2486 ad
363 2450 475 2486 Velum
498 2451 653 2487 Aureum.

281 2500 350 2547 Ego
389 2500 579 2548 Rodulphus
621 2502 773 2537 diaconus
816 2503 1007 2562 cardinalis}

231 2549 367 2586 Sanctae
391 2550 504 2585 Luciae
528 2551 557 2584 in
587 2550 681 2597 Septa
700 2551 795 2586 Solis.

280 2598 350 2645 Ego
377 2599 484 2634 Guido
507 2601 659 2635 diaconus
679 2601 846 2636 cardinalis
868 2602 902 2636 S.
917 2601 984 2637 Ma-

235 2647 299 2683 riae
325 2649 354 2683 in
377 2648 516 2684 Porticu.

1659 270 1729 302 645

1078 338 1144 383 Ego
1167 339 1242 371 Otto
1269 338 1422 372 diaconus
1457 335 1626 371 cardinalis
1654 334 1686 369 S.
1717 333 1781 368 Ni-

1026 389 1103 421 ‹zolai
1129 388 1158 422 in
1177 388 1311 421 Caruere
1333 387 1489 421 Tulliano.

1076 437 1141 481 Ego
1171 437 1291 470 Auditio
1323 437 1402 471 diac.
1433 436 1516 470 card.
1546 434 1577 470 S
1606 433 1778 468 Theodori.

1076 486 1141 531 Ego
1167 486 1248 519 lloso
1275 486 1355 520 diac.
1379 485 1463 520 card.
1487 486 1675 519 Sanctorum
1696 482 1780 517 Cos-

1027 548 1094 569 inae
1120 543 1149 569 et
1174 535 1327 569 Damiani.

1076 584 1142 629 Ego
1169 584 1316 618 Albertus
1343 584 1423 618 diac.
1453 583 1537 618 card.
1565 584 1598 617 S.
1636 582 1778 616 Adi-iani.

1076 633 1143 667 Dat.
1170 633 1312 667 Laterani
1342 645 1395 679 per
1420 646 1546 667 inanum
1579 631 1712 666 Rolandi
1742 632 1775 666 S.

1026 682 1063 717 R.
1089 683 1125 717 E.
1151 683 1323 730 pt·esli)teri
1346 683 1430 717 card.
1454 691 1483 717 et
1513 681 1703 718 cancellarii,
1729 693 1776 715 xit

1026 732 1084 766 kal.
1110 732 1200 775 iunii⁷
1235 732 1343 766 indict.
1370 745 1397 775 v,
1422 733 1539 766 incarn.
1575 731 1660 765 doni.
1693 741 1777 764 anno

1024 793 1153 821 aremii,
1183 782 1383 826 pontificatus
1412 793 1483 815 vero
1510 780 1617 815 domni
1648 778 1776 813 Adriani

1025 830 1126 876 Papae
1151 830 1190 864 ΙΥ
1217 843 1299 864 anno
1328 843 1376 864 itt.

1084 887 1144 918 nat.
1167 887 1214 917 die
1238 887 1271 916 21
1295 888 1363 917 maii
1387 897 1463 917 anno
1487 887 1600 916 nomini
1632 886 1717 922 1157,

1273 931 1374 971 pontif.
1394 941 1470 961 anno
1490 940 1529 961 tn.

1361 1094 1445 1129 XVI.

1025 1172 1226 1216 Confirmatio
1248 1172 1398 1205 bonorum
1418 1173 1554 1206 omnium
1576 1175 1777 1208 Gebennensis

1076 1221 1239 1258 Ecclesiae,
1269 1230 1294 1253 el
1323 1222 1527 1266 larqilt‘onum
1553 1224 1647 1256 eidem
1674 1225 1777 1268 sacla-

1074 1281 1141 1303 rttm
1173 1282 1192 1304 α
1229 1270 1387 1304 Friderico
1427 1272 1614 1306 ,Enobardo
1648 1275 1778 1318 impera·

1072 1326 1134 1352 lore
1160 1322 1216 1362 tl).

1024 1393 1192 1424 Exordium.
1215 1411 1254 1417 -
1276 1394 1435 1425 Ecclesiam
1459 1395 1682 1427 Gebenneusem
1722 1398 1777 1427 sub

1063 1436 1092 1466 B.
1114 1437 1191 1467 l'ctri
1211 1439 1392 1477 protectione
1411 1440 1545 1479 suscipit,
1565 1445 1593 1470 et
1609 1441 1777 1479 largitiones

1063 1482 1098 1512 ab
1122 1483 1300 1522 imperatore
1319 1484 1458 1523 episcopo
1475 1489 1501 1514 et
1520 1484 1671 1515 Ecclesiae
1687 1486 1777 1516 saetas

1063 1527 1218 1557 confirmat
1240 1532 1267 1557 et
1286 1528 1404 1558 roborat
1423 1529 1572 1566 Pontisex3
1589 1547 1629 1552 —
1651 1530 1776 1560 Posses-

1064 1571 1164 1601 siones
1198 1581 1402 1611 quascumque
1446 1574 1572 1604 illibatas
1611 1576 1776 1605 conservari

1064 1615 1155 1653 inbet;
1172 1633 1211 1638 --
1230 1616 1500 1657 Vexationibusque
1515 1618 1629 1657 fatigari
1646 1624 1729 1650 vetat.
1741 1637 1778 1642 -—

1064 1659 1158 1690 Poena
1177 1662 1471 1692 contravenientium.
1493 1679 1531 1685 —
1554 1662 1609 1692 I'ax
1633 1664 1778 1694 servanti-

1064 1704 1129 1733 bns.
1147 1722 1187 1727 —
1205 1705 1389 1745 Subscriptio
1408 1711 1434 1735 et
1451 1706 1590 1744 sigillum.

1023 1771 1136 1801 Attrinnus
1165 1771 1285 1810 episcopus
1314 1782 1392 1802 serius
1413 1782 1530 1804 servorum
1566 1774 1617 1812 net,
1653 1775 1768 1805 venerabil

1062 1815 1125 1845 fratri
1147 1816 1246 1845 Artlucio
1269 1816 1426 1847 Gehennensis
1445 1818 1560 1848 Ecclesiae
1579 1820 1695 1858 episcopo,
1715 1821 1775 1850 cius-

1063 1869 1106 1898 que
1129 1860 1299 1891 successoribus
1333 1863 1444 1892 canonice
1471 1862 1647 1902 substituendis,
1677 1865 1698 1894 in
1729 1874 1777 1903 per-

1066 1908 1171 1942 petrium.

1073 1972 1154 2006 Cum
1178 1984 1215 2006 ex
1244 1973 1385 2008 iniuncto
1408 1974 1500 2009 nobis
1521 1987 1537 2010 a
1561 1974 1627 2011 Deo
1648 1986 1777 2024 aposto-

1026 2021 1105 2056 latus
1127 2021 1243 2060 officio.
1265 2034 1329 2069 quo
1352 2025 1475 2058 cunctis
1496 2023 1775 2062 Chi-istilidelibus.

1024 2078 1150 2105 auctore
1178 2071 1326 2115 Domino,
1362 2074 1606 2119 praeminemus,
1634 2076 1777 2122 singulo-

1026 2132 1093 2154 rum
1118 2121 1184 2167 paci
1213 2129 1244 2155 et
1270 2122 1485 2168 tranquillitati
1521 2123 1692 2160 debeamus
1720 2127 1776 2160 in-

1026 2169 1172 2209 tendere;
1201 2171 1383 2216 praesertim
1421 2184 1477 2218 pro
1513 2172 1634 2208 illorum
1670 2175 1776 2221 quiete

1024 2227 1147 2265 oportet
1177 2232 1233 2254 nos
1259 2231 1328 2254 esse
1355 2220 1512 2265 solicitos,
1539 2223 1592 2268 qui
1629 2224 1774 2270 pastorali

1025 2267 1175 2313 dignitate
1208 2276 1281 2303 sunt
1319 2269 1466 2315 praediti,
1501 2278 1531 2305 et
1563 2271 1600 2306 ad
1638 2272 1774 2308 officium

1026 2317 1203 2363 pontificale
1231 2319 1378 2365 promoti.
1418 2319 1485 2354 Nisi
1522 2321 1605 2355 enim
1635 2322 1773 2368 ipsorum

1026 2367 1103 2402 iura.
1140 2367 1169 2400 in
1193 2375 1346 2413 quantum
1376 2368 1442 2403 Deo
1466 2370 1666 2416 permittente
1701 2385 1775 2419 pos-

1024 2428 1146 2454 sumus,
1167 2424 1284 2463 integra
1300 2429 1523 2453 conservemus
1536 2427 1567 2454 et
1589 2423 1775 2456 auctoritate

1025 2465 1193 2509 apostolica
1236 2478 1290 2501 eos
1329 2478 1344 2501 a
1386 2479 1551 2514 pravorum
1596 2470 1776 2506 incursibus

1025 2514 1248 2555 defendamus,
1275 2515 1314 2550 de
1343 2516 1464 2551 illorum
1493 2517 1593 2553 salute
1616 2532 1677 2554 non
1703 2532 1776 2556 vere

1060 2586 1099 2619 (1)
1120 2585 1157 2611 Ex
1183 2586 1283 2612 archiv.
1316 2587 1444 2614 Ecciesiae
1473 2588 1551 2615 huius
1575 2594 1643 2616 erut.
1665 2598 1687 2615 et
1715 2598 1775 2617 cum

1025 2624 1142 2691 (ἐτιςιηεήί
1159 2625 1245 2652 collat.
1263 2631 1318 2653 ext.
1335 2631 1397 2654 tom.
1418 2635 1444 2654 ix
1462 2627 1567 2655 Bullarii
1587 2629 1649 2656 editi
1662 2631 1777 2658 Luxem-

1045 2673 1111 2699 urgi.

1797 280 1846 305 An.
1864 278 1893 304 C.
1914 278 1978 304 1157

1823 1987 1943 2009 Exordium.
