2180 3205
228 1330 366 1355 Consilium
384 1331 409 1352 et

196 1361 410 1386 taborTaurinen-

198 1394 262 1417 sium
279 1393 408 1416 Editoruni

152 1426 155 1429 “
198 1425 224 1448 in
241 1425 288 1448 hac
306 1431 372 1447 nova
384 1431 409 1446 e-

199 1454 295 1479 ditione
335 1455 407 1478 ador-

198 1487 290 1511 nanda.

419 168 494 196 xxn
867 175 869 178 ·
1120 166 1319 194 PRAEFATIO

421 226 523 262 modo
550 230 761 273 portentum,
782 224 872 272 quod
894 223 928 259 in
949 224 1047 260 Actis
1073 226 1302 273 aportolorum
1323 224 1447 271 legitur
1465 225 1506 260 (1).
1528 225 1665 261 Sartum
1686 223 1801 273 itaque
1822 231 1854 261 et
1873 230 2014 269 tectum,

420 289 540 331 contra
561 283 814 318 haereticorum
830 288 862 317 et
877 288 1080 318 novatorum
1101 283 1339 326 deliramenta,
1353 283 1539 318 Pontifices
1559 283 1697 318 Maximi
1714 295 1878 319 romanae
1893 284 2015 330 gentis,

420 352 488 388 qua
516 341 610 375 nulla
639 339 797 381 nobilior,
825 340 1010 387 potentior,
1038 340 1212 380 illustrior,
1241 341 1417 388 eloquium
1446 346 1630 383 servantes,
1650 346 1683 377 et
1702 341 1832 389 optimo
1859 341 1911 377 usi
1935 346 2016 376 sunt

421 399 651 434 instrumento
687 398 729 432 ad
769 409 868 433 suam
909 399 1124 446 potentiam,
1152 410 1241 446 quae
1282 399 1478 434 extenditur
1505 409 1524 433 a
1550 399 1637 433 mari
1675 411 1785 446 usquc
1826 399 1868 435 ad
1908 410 2016 441 mare,

421 456 676 499 declarandam,
697 461 729 491 et
748 455 800 490 vix
827 456 894 492 dici
923 462 1032 504 potest
1055 469 1159 504 quam
1187 457 1275 492 bene
1295 457 1336 492 de
1358 456 1479 492 studiis
1500 456 1667 492 universis
1686 457 1799 492 meriti
1819 457 1898 500 sint,
1917 468 2016 504 quae,

422 513 526 549 latino
554 525 745 561 graecoque
773 514 955 550 deficiente
982 514 1158 558 idiomate,
1186 515 1337 550 maxima
1364 527 1403 550 ex
1431 520 1527 562 parte
1555 514 1747 562 periissent.

468 572 561 613 Quae
590 572 741 624 profecto
769 572 1031 616 demonstrant,
1059 573 1194 608 etiamsi
1222 584 1338 608 sacrae
1365 572 1499 620 litterae
1528 584 1597 608 non
1625 578 1820 615 exstarent,
1848 572 2016 620 pontificii

422 630 608 677 magisterii
647 629 787 665 culmen
827 630 989 666 divinitus
1029 631 1255 666 constitutum
1295 631 1424 673 fuisse,
1452 636 1490 666 ut
1522 642 1591 666 non
1631 630 1734 666 modo
1768 630 1903 666 suturae
1929 630 2017 666 vitae

422 688 576 735 praemia
602 687 803 736 capessendi
831 688 1041 724 desiderium
1068 689 1255 724 vehemens
1282 688 1486 724 mortalibus
1514 688 1686 731 iniiceret,
1714 688 1772 723 sed
1801 687 1905 723 etiam
1931 687 2018 723 vitae

422 746 613 794 praesentis
641 746 754 781 officia
781 746 920 789 docens,
941 746 1211 793 beatitatemque
1230 746 1348 782 fovens
1375 746 1548 782 societatis
1575 746 1762 788 humanae,
1784 745 1859 781 illos
1880 745 1922 781 ad
1942 756 2019 781 cae-

422 804 541 840 lestem
563 804 792 847 Hierusalem,
808 815 896 851 quae
917 803 1072 839 Christus
1093 810 1154 848 est,
1170 804 1273 840 veluti
1293 816 1399 839 manu
1420 804 1570 839 duceret.
1598 817 1614 837 ‹<
1628 803 1871 839 Dubitabimus
1892 803 2019 850 itaque,

428 876 443 896 (t
471 873 550 898 cum
578 862 769 908 Augustino
789 862 1082 905 concludendum,
1098 873 1160 898 nos
1181 862 1254 898 eius
1274 861 1448 897 Ecclesiae
1470 862 1619 897 condere
1638 861 1780 908 gremio,
1801 872 1889 908 quae
1908 872 2019 908 usque

429 933 444 955 <r
472 920 514 955 ad
542 920 796 955 confessionem
823 920 958 966 generis
985 920 1129 955 humani
1158 920 1201 955 ab
1227 919 1424 967 Apostolica
1454 920 1565 962 Sede,
1593 931 1655 967 per
1681 919 1917 955 successiones
1944 918 2019 966 epi-

429 991 444 1013 «
471 988 668 1025 scaporum,
696 978 821 1013 frustra
840 978 1022 1013 haereticis
1042 977 1392 1020 circumlatrantibus,
1414 983 1444 1013 et
1466 977 1590 1025 partim
1615 977 1725 1025 plebis
1747 977 1854 1024 ipsius
1881 976 2020 1020 iudicio,

429 1049 444 1070 α
472 1035 597 1083 partim
625 1035 850 1071 conciliorum
878 1035 1052 1081 gravitate,
1079 1036 1204 1082 partim
1233 1035 1335 1070 etiam
1365 1035 1611 1071 miraculorum
1631 1035 1809 1070 maiestate
1837 1033 2021 1077 damnatis,

429 1107 444 1127 ‹<
472 1093 633 1128 columen
669 1093 882 1128 auctoritatis
918 1083 1093 1128 obtinuit?
1121 1092 1181 1127 Cui
1216 1093 1306 1127 nolle
1335 1093 1464 1140 primas
1492 1093 1584 1135 dare,
1604 1093 1655 1127 vel
1684 1103 1840 1127 summae
1868 1091 2020 1139 profecto

429 1164 444 1184 «
472 1150 660 1198 impietatis
680 1158 741 1193 est,
761 1150 811 1185 vel
834 1150 1031 1198 praecipitis
1052 1150 1266 1196 arrogantiae
1284 1150 1312 1177 (Ξ)
1329 1162 1361 1184 >>.
1397 1163 1413 1184 <t
1433 1150 1526 1186 Haec
1547 1150 1652 1193 enim,
1666 1155 1704 1185 ut
1724 1149 1886 1185 Irenaeus
1905 1149 2021 1191 habet,

430 1224 445 1243 α
473 1214 523 1244 est
550 1208 637 1244 vitae
665 1208 842 1244 introitus:
872 1219 993 1243 omnes
1021 1214 1137 1243 autem
1166 1208 1289 1256 reliqui
1318 1208 1409 1244 sures
1437 1213 1517 1244 sunt
1545 1213 1575 1243 et
1604 1208 1756 1243 latrones
1778 1207 1806 1235 (3)
1824 1219 1856 1242 )>.

473 1266 558 1301 VIII.
587 1266 654 1302 Sed
682 1266 750 1301 iam
778 1266 820 1301 ad
849 1266 1064 1313 propositum
1093 1278 1110 1302 e
1139 1263 1291 1312 longiore
1331 1266 1532 1301 diverticulo
1571 1266 1765 1301 redeamus.
1801 1265 2030 1312 Quamquam'

425 1324 655 1367 collectiones,
673 1335 758 1371 quas
785 1335 891 1371 supra
918 1323 1110 1367 innuimus,
1127 1324 1266 1371 plurimi
1295 1335 1314 1358 a
1341 1323 1449 1359 doctis
1478 1323 1556 1358 viris
1582 1323 1767 1365 habentur,
1795 1321 2022 1358 nihilominus

426 1383 459 1417 in
488 1388 558 1417 tam
586 1382 654 1417 lato
681 1393 804 1429 campo
823 1381 945 1428 plenae
968 1381 1080 1417 adhuc
1105 1381 1316 1428 crebraeque
1340 1381 1454 1428 spicae
1475 1387 1573 1416 erant
1593 1381 1815 1427 colligendae.
1845 1379 2022 1422 Omnium,

426 1446 463 1475 ut
490 1439 621 1475 dictum
649 1445 710 1481 est,
731 1439 1027 1486 praestantissima
1053 1439 1266 1486 Cocquelinii
1294 1439 1449 1474 recensio
1474 1445 1524 1476 est
1544 1438 1656 1485 (cuius
1677 1437 1886 1485 exemplaria
1906 1437 2024 1473 omnia

426 1498 468 1533 ad
496 1509 606 1532 unum
633 1497 818 1537 venditata,
847 1497 969 1532 nullibi
997 1497 1147 1544 reperire
1175 1502 1243 1539 est,
1272 1502 1302 1531 et
1331 1497 1358 1531 si
1387 1496 1525 1543 aliquod
1554 1496 1697 1531 fortuitu
1724 1495 1907 1538 habeatur,
1937 1494 2023 1530 illud

426 1555 547 1600 grandi
574 1554 722 1602 pecunia
749 1554 847 1589 vendi
877 1554 1090 1601 bibliophilis
1118 1560 1335 1601 compertum
1363 1554 1438 1601 est),
1467 1565 1613 1600 eamque
1641 1553 1767 1588 iterum
1794 1552 1912 1600 praelo
1940 1563 2022 1587 con-

426 1613 561 1659 signare
600 1612 873 1647 'I'aurinensibus
913 1611 1111 1647 Editoribus
1151 1612 1261 1647 visum
1296 1623 1375 1646 cum
1413 1617 1512 1649 esset,
1540 1611 1608 1646 duo
1637 1622 1719 1658 prae
1747 1610 1855 1646 oculis
1883 1610 2024 1645 fuerunt

428 1670 599 1713 habenda,
625 1676 662 1705 ut
690 1670 762 1705 eius
790 1670 1011 1716 explerentur
1045 1669 1213 1712 lacunae,
1242 1675 1285 1712 et,
1314 1674 1484 1716 quantum
1525 1668 1598 1703 fieri
1638 1673 1775 1715 posset,
1802 1667 2024 1703 librariorum

429 1728 556 1763 menda
583 1727 793 1763 tollerentur.
822 1727 919 1768 Quod
946 1738 1013 1774 qua
1033 1727 1166 1763 ratione
1187 1739 1223 1763 se
1243 1733 1489 1762 consecuturos
1509 1731 1700 1774 sperarent,
1724 1725 1852 1773 pluries
1880 1724 2023 1773 professi

429 1792 527 1828 sunt;
555 1791 588 1821 et
615 1785 726 1832 primo
754 1785 894 1832 quidem
929 1785 965 1820 in
993 1796 1032 1820 eo
1060 1785 1152 1832 quod
1186 1785 1358 1820 dederunt
1391 1784 1505 1832 operis
1540 1784 1805 1831 Proyrammate
1825 1783 1871 1827 (4);
1898 1781 2025 1818 deinde

462 1907 502 1942 (1)
522 1906 556 1941 ΙΙ,
573 1906 649 1933 6-12.

463 1952 502 1986 (⁹2)
522 1952 564 1978 De
578 1952 704 1979 utilitate
720 1950 940 1986 credendsscap.
956 1957 1020 1985 xvn,
1037 1959 1064 1977 n.
1082 1951 1126 1978 75.

463 1996 503 2031 (3)
524 1996 629 2023 Contra
646 1996 783 2028 haeresem,
801 1995 847 2022 lib.
865 2003 906 2029 111,
924 2004 983 2031 cap.
1000 2002 1018 2022 1.

463 2041 500 2076 (t)
524 2040 620 2075 Aliqua
635 2049 665 2067 ex
686 2049 717 2067 eo
739 2044 865 2075 excerpta
881 2039 924 2066 liic
939 2040 1063 2067 retulisse
1080 2039 1193 2067 iuvabit:
1220 2050 1231 2063 «
1289 2039 1398 2066 Romam
1413 2038 1510 2066 deinde
1526 2033 1671 2074 petivimus
1695 2038 1856 2065 Pontificem
1873 2037 1934 2073 opt.
1958 2036 2025 2064 Max.

429 2085 549 2120 adituri,
574 2086 621 2120 qui
646 2089 675 2112 ut
693 2089 812 2112 nostram
833 2089 949 2112 mentem
971 2085 1090 2119 agnovit,
1107 2093 1160 2120 qno
1180 2088 1223 2111 est
1241 2085 1342 2116 animo,
1363 2092 1415 2119 qua
1435 2088 1476 2110 est
1491 2084 1600 2119 pietate,
1619 2083 1731 2110 mirifice
1751 2083 1883 2117 laetatus,
1904 2086 2026 2109 nostrum

430 2131 550 2157 laborem
570 2130 726 2166 complexus
745 2134 796 2164 est,
817 2138 865 2156 su.»
886 2131 996 2156 oraculo
1013 2129 1183 2165 adprobavit,
1205 2129 1284 2164 eique
1305 2133 1361 2156 tota
1381 2133 1470 2155 mente
1490 2128 1638 2155 benedixit.
1660 2127 1719 2154 Esnff
1741 2127 1869 2163 principis
1888 2126 2026 2154 Francisci

430 2176 455 2201 S.
478 2175 508 2202 lt.
531 2175 561 2202 E.
583 2174 660 2202 Card.
682 2175 774 2202 Gaude
795 2175 916 2210 auspicia
932 2178 1119 2203 accesserunt.
1141 2173 1192 2200 sub
1213 2174 1309 2209 queis,
1331 2174 1431 2200 Itoniae
1451 2173 1591 2200 doctorum
1613 2174 1730 2199 virorum
1749 2172 1898 2200 Consessus
1908 2191 2024 2198 .......

431 2219 572 2246 tabulariis
592 2228 622 2246 ac
637 2219 811 2246 bibliothecis
832 2219 990 2252 lustrandis,
1008 2218 1200 2254 diplomatibus
1220 2219 1340 2245 nondum
1360 2218 1438 2245 editis
1458 2218 1627 2253 colligendis,
1648 2217 1781 2252 editisque
1802 2225 1861 2243 eum
1877 2216 1932 2242 suis
1946 2214 2039 2250 origi-¹

431 2264 537 2291 natibus
556 2264 726 2291 conferendis
746 2268 822 2291 const
836 2268 908 2290 tutus
928 2268 978 2297 est,
999 2267 1028 2290 ut
1050 2272 1109 2290 cum
1130 2263 1343 2290 Taurinensihus
1363 2263 1452 2298 operis
1472 2262 1645 2289 Curatoribus
1669 2262 1827 2293 conserens,
1847 2268 1916 2287 nova
1935 2263 2027 2287 nostra

431 2309 513 2336 editio
529 2309 748 2336 authenticarum
764 2308 915 2335 tabularum
932 2308 993 2335 lintei
1010 2308 1125 2342 reddita,
1138 2308 1170 2334 ad
1189 2308 1262 2334 I‘inm
1276 2316 1361 2344 usque
1378 2308 1426 2334 Pr.
1445 2308 1478 2334 lx
1494 2308 1585 2343 (quem
1601 2307 1646 2333 diu
1660 2307 1771 2341 sospitet
1788 2306 1868 2340 Deus)
1884 2305 2025 2341 perducta,

432 2353 548 2388 copiosis
568 2357 595 2380 et
614 2353 755 2389 analyticis
774 2353 909 2380 indicibus
929 2353 1031 2380 affabre
1051 2353 1181 2379 consectis
1201 2353 1341 2385 distincta,
1363 2353 1531 2388 elegantibus
1551 2352 1619 2387 typis
1639 2351 1731 2383 nitida,
1753 2350 1895 2377 vendenda
1915 2349 2026 2376 minoris

432 2405 512 2433 quam
533 2401 640 2424 ceterae
660 2405 754 2424 omnes
774 2397 916 2432 hucusque
935 2397 1095 2432 impressae,
1108 2397 1235 2432 castigata
1255 2397 1287 2423 ad
1309 2405 1426 2432 unguem
1446 2405 1532 2432 exque
1549 2396 1622 2423 omui
1642 2399 1717 2431 parte
1739 2396 1853 2430 integra,
1871 2395 1923 2421 Deo
1939 2394 2027 2429 opitu-

433 2442 515 2475 lante,
532 2450 563 2468 ex
580 2441 688 2468 officina
708 2446 800 2469 nostra
816 2442 946 2477 prodiret.
972 2443 1071 2476 Atque,
1096 2449 1130 2467 ne
1156 2441 1294 2468 videamur
1315 2441 1357 2468 liic
1379 2442 1507 2468 lectorem
1528 2440 1623 2467 lusisse
1643 2439 1720 2470 dotis,
1738 2439 1797 2475 plus
1819 2447 1899 2474 quam
1920 2442 2026 2464 centum

433 2486 458 2513 S.
476 2485 556 2513 Leoni
572 2486 677 2521 Magno,
694 2486 721 2512 in
737 2486 820 2513 veteri
841 2486 957 2513 Bullario
974 2486 1072 2512 omissa
1094 2485 1203 2512 [tomani
1224 2487 1276 2512 iam
1298 2486 1431 2520 collegere
1452 2486 1613 2512 documenta
1633 2484 1685 2510 VV.
1704 2483 1768 2517 Dn.;
1791 2488 1898 2510 centum
1917 2491 1981 2510 vero
1994 2490 2028 2509 ac

433 2531 489 2558 fere
509 2530 619 2565 triginta
643 2531 769 2558 Pontifici
790 2530 973 2557 Lambertinio
993 2530 1173 2565 pertinentia,
1195 2530 1312 2557 nondum
1333 2536 1378 2557 aut
1403 2530 1517 2566 sparsim
1547 2529 1650 2565 prolata
1669 2528 1696 2554 in
1715 2529 1820 2561 lucem,
1842 2528 1906 2555 dum
1927 2527 2028 2554 Romae

435 2583 617 2609 moraremur,
639 2583 738 2610 magno
759 2583 807 2602 nos
827 2575 926 2602 emisse
944 2574 1100 2609 fatebimur,
1118 2574 1143 2601 id
1159 2575 1246 2610 ipsum
1264 2583 1324 2602 cum
1337 2575 1450 2610 reliquis
1469 2574 1584 2601 Summis
1604 2573 1740 2601 Romanae
1760 2573 1898 2600 Ecclesiae
1917 2572 2029 2599 Antisti-

435 2619 506 2646 tibus
521 2619 640 2646 facturos
653 2619 823 2655 pollicentes.

473 2674 484 2690 α
501 2663 573 2695 Quos
593 2664 704 2692 tulimus
723 2664 843 2697 labores,
864 2672 931 2700 quas
951 2664 1063 2692 fecimus
1084 2664 1219 2701 impensas
1239 2664 1354 2701 quisque
1374 2672 1423 2701 per
1442 2671 1470 2691 se
1490 2663 1622 2699 intelligit.
1645 2663 1790 2692 Itineribus
1809 2670 1925 2698 namque
1938 2658 2028 2690 Gunti-

2152 0 2178 224 t
