2180 3205
193 243 242 269 An.
263 242 375 271 01125

455 229 525 262 552

405 290 603 340 pertinentiis
625 289 711 331 suis,
749 287 872 335 plebem
908 286 1015 322 Sancti
1043 287 1155 321 Hilarii

403 353 476 377 cuin
500 338 695 386 pertinentiis
713 338 791 381 suis,
816 336 923 383 plebes
944 336 1077 372 Sanctae
1092 336 1155 371 Ma-

405 391 466 425 riae
504 391 534 423 in
572 388 650 422 Vico
682 399 753 421 cum
795 386 1010 433 pertinentiis,
1046 385 1154 432 plebes

402 439 508 474 Sancti
529 436 681 484 Stephani
698 436 729 470 in
752 435 854 470 Murlo
869 448 940 470 cum
958 435 1154 482 pertinentiis

400 489 478 531 suis,
499 487 723 521 monasterium
746 485 853 520 Sancti
869 484 994 519 Martini
1015 484 1044 518 in
1064 484 1151 519 Saltu

400 549 472 572 cuin
497 535 695 584 pertinentiis
708 535 785 575 suis,
814 534 922 581 plebes
940 533 1046 568 Sancti
1067 533 1150 568 Petri

401 586 429 620 in
453 585 548 621 Cultu
576 597 648 620 cum
685 584 881 631 pertinentiis
913 584 998 623 suis,
1027 582 1150 629 plebem

399 635 506 670 Sancti
534 635 619 669 Petri
643 634 679 668 ad
708 633 835 668 Missam
858 645 929 667 cuin
954 632 1151 678 pertinentiis

399 686 475 728 suis,
511 683 644 718 fundum
665 682 884 717 Hermannum
914 682 945 715 in
974 682 1149 727 integrum,

398 734 531 769 fundum
563 733 703 767 Adinuin
733 732 763 765 in
794 732 968 777 integrum,
996 739 1151 764 monaste-

399 784 479 818 rium
501 783 608 817 Sancti
637 781 806 815 Salvatoris
828 781 858 814 in
885 779 1011 824 Fundo,
1038 779 1148 814 cellam

398 832 504 867 Fausti
529 833 559 866 in
586 832 741 877 integrum
761 842 832 864 cum
856 830 921 863 suis
941 829 1148 874 pertinentiis,

396 882 521 929 plebem
557 881 665 915 Sancti
699 879 823 913 Martini
856 879 895 913 de
929 878 1047 912 Vivedo
1075 889 1147 911 cuin

396 931 546 966 omnibus
579 931 644 964 suis
677 928 884 975 pertinentiis,
913 939 985 961 cum
1007 926 1147 967 castello,

395 981 479 1027 quod
507 987 635 1014 vocatur
671 977 781 1012 Casale
817 977 856 1010 de
888 976 980 1015 llice.
1022 976 1145 1022 plebem

394 1030 502 1065 Sancti
533 1027 674 1063 Cassiani
698 1027 727 1060 in
760 1037 871 1072 campo
897 1025 1037 1059 Iuvenici
1073 1037 1145 1058 cum

394 1079 592 1126 pertinentiis
628 1076 693 1110 suis
733 1075 763 1108 in
804 1075 985 1120 integrum,
1021 1074 1145 1120 plebem

393 1128 528 1163 Sanctae
542 1126 657 1161 Mariae
680 1125 711 1159 in
733 1123 885 1158 Romania
909 1135 980 1157 cum
996 1122 1145 1157 omnibus

392 1179 459 1212 suis
475 1175 683 1224 pertinentiis,
698 1173 822 1221 plebem
836 1172 970 1207 Sanctae
979 1172 1144 1207 Mustiolae

392 1239 464 1262 cum
487 1225 683 1274 pertinentiis
701 1223 778 1263 suis,
798 1221 1020 1257 monasterium
1036 1220 1143 1256 Sancti

394 1275 536 1310 Severini
574 1287 645 1309 cum
684 1272 882 1320 pertinentiis
919 1271 1004 1311 suis,
1043 1270 1145 1317 capel-

391 1325 453 1359 lam
473 1325 579 1359 Sancti
604 1322 729 1357 Proculi
757 1333 827 1356 cum
858 1319 1051 1367 pertinentiis
1065 1321 1143 1364 suis,

391 1383 422 1409 et
444 1375 568 1408 tertiam
591 1381 710 1420 partem
734 1371 772 1405 de
796 1370 891 1404 fundo
913 1369 1062 1409 Atiliano,
1086 1377 1144 1403 ter-

391 1424 466 1458 tiam
493 1431 611 1471 partem
632 1421 671 1456 de
687 1420 785 1454 fundo
805 1419 1002 1462 Bucuniano,
1020 1419 1140 1452 tertiam

392 1481 510 1520 partem
534 1472 572 1506 de
604 1471 701 1506 fundo
729 1470 886 1504 Iustorum
909 1480 981 1502 cum
1009 1479 1139 1513 campo,

391 1523 443 1569 qui
468 1529 594 1556 vocatur
616 1520 719 1555 Martii
742 1519 773 1553 in
799 1518 968 1563 integrum,
992 1525 1054 1550 tres
1086 1528 1141 1562 pe-

391 1572 482 1606 tiolas
508 1570 547 1605 de
575 1578 654 1605 terra
682 1568 769 1603 fundi
802 1567 959 1607 Attiliani,
986 1565 1139 1606 Stabulo,

391 1621 513 1654 tertiam
555 1627 674 1666 partem
710 1618 750 1652 de
789 1616 886 1650 fundo
918 1616 972 1661 qni
1012 1623 1141 1649 vocatur

390 1669 517 1716 Plegae,
539 1668 671 1703 fundum
694 1666 804 1712 Plegni
829 1665 859 1699 in
883 1665 1051 1710 integrum,
1074 1663 1139 1698 fun-

390 1719 465 1752 dum
502 1718 715 1755 Alsidiarum,
755 1715 808 1762 qui
843 1722 970 1748 vocatur
997 1712 1139 1760 Campus

389 1767 520 1811 Planus,
547 1766 679 1801 fundum
702 1765 787 1810 Frigi
812 1764 841 1798 in
868 1763 1036 1809 integrum,
1060 1762 1139 1797 fun-

389 1817 463 1851 dunt
480 1816 653 1851 Antimaria
678 1816 707 1849 in
731 1815 901 1858 integrunt,
924 1812 1054 1845 fundum
1074 1810 1139 1846 Co-

389 1866 537 1901 lutnnella
562 1866 593 1899 in
621 1865 789 1910 integrum,
817 1862 947 1896 fundum
978 1869 1045 1907 post
1061 1860 1139 1894 Cul-

390 1915 464 1956 lina,
486 1915 637 1961 capellam
660 1913 769 1948 Sancti
793 1911 983 1956 Archangeli
1004 1911 1034 1943 in
1055 1910 1138 1944 inte-

387 1977 491 2010 grum,
526 1963 660 1998 fundum
690 1961 776 1997 vallis
810 1957 1137 1999 Donatuli,⁴massam

387 2013 582 2048 Licinianam
606 2013 635 2046 in
660 2012 828 2057 integrum,
852 2008 983 2042 fundum
1007 2008 1084 2042 Ausi
1104 2008 1136 2042 in

389 2063 566 2109 integrum,
593 2061 671 2096 cella
700 2060 827 2099 Fausti,
861 2057 1036 2092 Scannulas
1063 2069 1137 2091 ma-

388 2112 469 2146 iores
491 2121 520 2146 et
547 2111 686 2145 minores
714 2110 742 2143 in
777 2108 947 2153 integrum,
981 2105 1133 2152 capellam

386 2161 520 2195 Sanctae
547 2159 688 2206 Agathae
722 2170 795 2193 cum
829 2165 943 2199 castro,
970 2167 1051 2202 quae
1079 2167 1136 2189 vo-

386 2218 475 2244 catur
488 2210 579 2245 Petra
598 2208 769 2248 Anellaria‚
791 2206 941 2253 capellam
961 2205 994 2238 S.
1008 2203 1135 2249 Georgii

387 2259 419 2293 in
448 2260 622 2305 integrum,
650 2257 781 2291 fundum
810 2255 999 2290 Cervianum
1024 2254 1054 2287 in
1084 2253 1136 2287 iu-

386 2317 522 2354 tegrum,
560 2307 692 2342 fundum
724 2304 978 2352 Capicinianum‚
1001 2310 1134 2346 curtem,

386 2369 466 2403 quae
489 2364 617 2391 vocatur
638 2355 778 2398 Grilena,
800 2366 871 2388 cum
895 2351 1043 2387 omnibus
1062 2363 1136 2398 per-

386 2407 527 2440 tinentiis
553 2406 619 2440 suis
647 2405 676 2438 in
711 2402 839 2438 castello
866 2400 1050 2441 Felicitatis,
1082 2412 1136 2435 ca-

387 2455 498 2502 pellam
539 2454 646 2489 Sancti
684 2453 809 2487 Martini
849 2451 878 2485 in
923 2449 1133 2495 Castagnolo‚

386 2504 536 2550 capellam
559 2504 693 2538 Sanctae
721 2501 859 2549 Sophiae
886 2500 916 2534 in
945 2498 1134 2545 Aquatario,

385 2553 536 2599 capellam
565 2553 597 2586 S.
621 2552 736 2586 Mariae
757 2552 786 2585 in
809 2549 981 2584 Metaristis
1007 2548 1036 2581 in
1061 2547 1135 2581 inte-

385 2613 489 2648 grum,
512 2601 677 2635 ecclesiam
705 2600 816 2635 Florae
837 2599 868 2633 in
890 2597 1051 2639 scapinio,
1070 2596 1134 2630 sun-

1000 233 1188 257 BULLARIUM
1210 233 1372 256 noxtfflmt

1197 286 1272 321 dum
1296 287 1489 331 Sititianum,
1512 287 1642 322 fundum
1666 286 1942 334 Campo-Planum

1196 349 1267 371 cum
1295 336 1443 370 omnibus
1475 336 1542 371 suis
1576 337 1786 383 pertinentiis,
1822 336 1945 372 Castel-

1196 385 1259 419 lum
1274 385 1410 430 Novum,
1433 385 1517 432 quod
1535 394 1662 420 vocatur
1682 385 1832 420 Petrella:
1860 386 1943 421 salva

1195 435 1224 468 in
1254 435 1401 472 omnibus
1441 434 1602 470 Romanae
1635 434 1793 469 Ecclesiae
1828 435 1943 470 iustitia

1194 492 1223 518 et
1245 484 1427 519 reverentia.
1465 484 1676 518 Decernimus
1699 496 1773 529 ergo
1801 492 1834 518 ut
1861 484 1939 518 nulli

1193 534 1323 568 omnino
1350 533 1514 568 hominum
1542 533 1633 567 liceat
1661 540 1720 567 etc.
1744 532 1776 566 Si
1800 545 1860 579 qua
1882 541 1940 568 etc.

1193 582 1324 617 Cunctis
1352 590 1454 617 autem
1486 590 1545 617 etc.
1580 588 1633 626 (ut
1659 584 1692 616 in
1717 584 1840 617 caeceris
1861 589 1943 616 ance-

1190 634 1330 677 positis).
1357 632 1470 666 Amen.

1241 681 1313 716 Eoo
1353 681 1524 715 Hoxontus
1565 680 1738 715 catholicae

1191 731 1370 777 episcopus.

1240 779 1354 814 Datum
1383 779 1527 814 Laterani
1552 791 1607 826 per
1629 791 1756 818 manum
1780 779 1937 827 Aymerici

1189 827 1223 862 S.
1248 829 1285 863 R.
1309 829 1345 863 E.
1369 829 1491 863 diaconi
1514 828 1682 863 cardinalis
1703 837 1733 862 et
1751 828 1939 870 cancellarii,

1191 890 1215 911 11
1233 877 1292 912 kal.
1317 878 1402 920 maii,
1426 877 1599 912 indictione
1620 890 1671 919 111,
1695 889 1777 912 anno
1800 878 1940 912 domini-

1189 938 1244 961 cae
1264 927 1487 961 incarnationis
1513 938 1633 967 ntcxxv,
1662 926 1863 974 pontificatus
1883 939 1940 962 au-

1189 983 1250 1009 tem
1279 975 1317 1009 D.
1349 975 1481 1010 Honorii
1510 975 1536 1009 lt
1564 975 1626 1010 PP.
1655 988 1737 1010 anno
1765 988 1787 1010 1.

1244 1033 1304 1062 Dat.
1324 1032 1371 1062 die
1389 1032 1427 1063 30
1449 1032 1550 1071 aprilis
1573 1042 1648 1062 anno
1666 1031 1781 1062 Domini
1800 1032 1885 1070 1125,

1446 1076 1547 1116 pontif.
1567 1086 1642 1106 anno
1665 1085 1682 1106 1.

1782 680 1941 717 Ecclesiae

1544 1217 1581 1251 V.

1185 1294 1340 1328 Ecclesiae
1352 1293 1528 1339 provinciae
1549 1294 1714 1333 AEmiliae,
1738 1301 1765 1328 el
1785 1295 1939 1329 exarcha.-

1233 1351 1279 1377 tus
1320 1344 1496 1381 Ravennae,
1528 1343 1685 1377 Guallcrio
1711 1344 1936 1388 archiepiscopo

1232 1401 1258 1426 el
1283 1394 1500 1427 successoribus
1527 1394 1750 1439 confirmantur
1779 1394 1811 1426 in
1834 1403 1938 1437 perpe-

1233 1450 1318 1476 tuum
1338 1445 1392 1486 (1).

1450 1514 1663 1546 SUMMARIUM

1181 1581 1220 1611 De
1243 1581 1408 1612 obedientia
1429 1591 1444 1611 a
1468 1581 1592 1611 caeteris
1618 1580 1762 1610 Ecclesiis
1787 1579 1935 1610 Romanae

1221 1631 1367 1664 tamquam
1391 1625 1480 1664 capiti
1507 1625 1693 1664 praestanda.
1724 1641 1764 1646 —
1790 1624 1933 1654 Gualterii

1220 1671 1349 1709 archiep.
1373 1669 1534 1707 singularia
1555 1669 1655 1699 merita
1679 1669 1709 1698 in
1728 1668 1833 1698 Sedem
1853 1668 1931 1707 Apo-

1220 1715 1365 1743 stolicam.
1381 1713 1530 1743 —Eidem
1544 1719 1571 1743 et
1584 1713 1810 1743 successoribus
1822 1713 1932 1742 consu-

1219 1763 1335 1788 mantur
1368 1758 1518 1787 Ecclesiae
1549 1758 1702 1794 AEmiliae,
1738 1762 1931 1796 caeteraeque

1219 1803 1392 1832 exarchatus
1416 1801 1581 1838 Ravennae,
1599 1806 1627 1831 et
1655 1801 1798 1831 nonnulla
1828 1811 1932 1831 mona-

1218 1847 1317 1875 steria.
1339 1863 1377 1868 —
1391 1845 1545 1875 Decretum
1571 1846 1766 1875 immunitatis
1785 1846 1929 1876 bonorum

1218 1890 1252 1919 ad
1274 1889 1401 1919 Ravenn.
1425 1889 1586 1919 Ecclesiam
1616 1889 1843 1928 pertinentium,
1862 1898 1930 1919 cum

1217 1934 1314 1963 solitis
1337 1934 1489 1964 clausulis.
1504 1951 1543 1956 —-
1563 1933 1684 1963 Honorii
1697 1933 1750 1963 PP.
1771 1938 1798 1964 et
1810 1933 1838 1963 S.
1855 1933 1888 1963 R.
1900 1932 1930 1962 E.

1217 1979 1412 2008 cardinalium
1436 1978 1679 2018 subscriptiones.

1177 2046 1305 2074 Honorius
1325 2046 1465 2081 episcopus
1491 2052 1585 2074 servus
1608 2051 1748 2073 servorum
1774 2045 1829 2078 Dei,
1853 2052 1930 2074 vene·

1221 2095 1304 2123 rabili
1314 2094 1399 2123 fratri
1411 2094 1546 2122 Gualterio
1558 2094 1707 2123 Ravennati
1719 2094 1930 2129 archiepiscopo.

1221 2144 1330 2180 eiusque
1360 2144 1560 2172 successoribus
1579 2143 1704 2171 canonice
1731 2142 1929 2178 promovendis.

1225 2201 1430 2236 Sacrosancta
1446 2201 1589 2236 Romana
1606 2200 1790 2247 Apostolica
1809 2199 1929 2234 Eccle-

1176 2251 1220 2286 sia
1244 2251 1282 2285 ab
1304 2251 1372 2298 ipso
1398 2250 1559 2285 Salvatore
1582 2258 1688 2283 nostro
1702 2249 1840 2283 Domino
1856 2248 1927 2282 Iesu

1176 2300 1303 2334 Christo
1330 2307 1426 2346 caput
1446 2308 1475 2334 et
1492 2299 1586 2334 cardo
1607 2307 1655 2333 est
1675 2299 1816 2332 omnium
1840 2297 1927 2331 insti-

1176 2357 1241 2383 tuta
1259 2352 1312 2392 (⁶2).
1325 2349 1396 2383 Non
1412 2349 1609 2393 decetigitur
1626 2360 1641 2382 a
1664 2348 1766 2394 capite
1787 2346 1927 2380 membra

1175 2398 1352 2438 discedere,
1366 2397 1422 2432 sed
1440 2398 1589 2432 eminenti
1607 2396 1730 2437 rationi,
1753 2403 1783 2430 et
1797 2395 1924 2441 superni

1177 2447 1350 2494 provisioni
1390 2446 1510 2493 Capitis
1553 2445 1701 2486 obedire;
1737 2444 1927 2478 moderatrix

1175 2505 1279 2532 autem
1296 2496 1443 2530 discretio
1464 2495 1595 2542 Capitis,
1613 2493 1810 2540 singulorum
1829 2505 1928 2527 mem-

1211 2569 1250 2602 (1)
1268 2568 1306 2594 Ex
1323 2566 1437 2601 Ughell„
1456 2566 1511 2593 [tal.
1529 2565 1600 2597 Sao„
1619 2568 1682 2591 tom.
1702 2572 1738 2595 n,
1756 2563 1800 2590 ubi
1817 2563 1851 2590 de
1870 2562 1926 2589 Ra-

1175 2611 1283 2635 vennat.
1301 2606 1436 2641 archiepp.
1475 2606 1514 2640 (Ξ)
1530 2604 1606 2632 Adde
1621 2605 1812 2632 Ecclesiarum.

1966 235 2016 263 An.
2037 235 2064 263 C.
2079 235 2148 266 1125
2178 262 2180 265 .

1994 389 2047 411 Cum
2063 391 2149 412 decreto
2178 400 2180 412 t

1967 420 2086 443 perietnae
2105 418 2149 438 tm·
2177 426 2180 439 :

1969 444 2030 464 inuni
2041 444 2088 464 atis.

2038 471 2148 492 Mutantur

1967 497 2045 517 solitar·
2066 502 2148 523 pomae
2179 514 2180 517 ,

1967 525 2074 548 privilegii
2083 525 2149 545 nnius

1966 550 2117 571 violatoribus.

1991 682 2082 703 Honorii
2110 683 2148 704 ΡΡ.
2161 676 2162 679 ¹
2178 703 2180 706 .

1964 709 2103 736 subscriptio.
2178 728 2180 730 .

1969 2221 2000 2241 De
2017 2220 2140 2241 ohedientia

1956 2252 1968 2267 a
1991 2247 2084 2267 caeteris
2098 2247 2139 2267 Βο-

1955 2273 2028 2294 etesiis
2057 2274 2138 2294 noma-

1955 2305 1997 2320 nae
2026 2303 2138 2325 tamquam

1955 2326 2019 2352 capiti
2030 2329 2138 2352 praestan·
