2180 3205
30 260 125 298 Aure.
144 261 212 289 tuo

824 258 1033 297 l·{';ttz*:ssN3‘lt'}
1056 258 1076 280 ll
1102 258 1149 280 ΙΨ.

278 316 342 363 Ego
375 316 599 365 Chrysogonus
630 315 732 363 presb.
761 315 845 349 card.
875 315 918 348 tit.
942 313 976 348 S.

227 365 388 400 praxedis.

278 414 346 460 Ego
372 414 442 449 GG.
472 414 574 460 presb.
603 414 686 449 card.
718 414 763 448 tit.
787 413 819 447 S.
849 412 975 447 Calixti.

277 463 346 510 Ego
367 464 560 498 Octavianus
581 463 663 498 diac.
681 462 766 498 card.
791 463 836 497 tit.
866 461 898 497 S.
916 461 970 495 Ni-

229 513 307 550 colai
331 515 359 548 in
383 514 528 548 Carcere.

278 562 346 609 Ego
368 561 484 597 Petrus
511 562 615 609 presb.
642 561 727 596 card.
757 561 803 595 tit.
827 560 976 595 Pastoris.

279 611 346 659 Ego
372 611 479 646 Guido
502 609 718 659 presb.'card.
750 611 796 644 tit.
825 609 858 644 S.
890 608 979 644 Cae—

229 661 331 697 ciliae.

280 710 394 745 Datum
418 710 581 748 Laterani,
606 721 660 755 per
682 720 793 743 manus
821 708 977 756 Ayoterici

230 769 354 796 sanctae
372 759 412 794 R.
435 759 472 794 Ε.
496 759 620 793 diaconi
644 757 823 797 cardinalis,
846 767 875 792 ct
898 770 981 792 can-

231 809 361 852 cellarii,
384 821 442 844 sni
466 809 525 843 kal.
544 808 687 851 ianuarii⁷
710 807 775 842 ind.
799 819 849 846 ιιι,
873 807 982 842 incar-

233 859 368 894 nationis
382 858 560 893 dominicae
574 869 657 891 anno
669 869 766 896 nixa,
783 856 983 904 pontificatus

235 919 306 943 vero
328 907 434 942 domni
457 907 632 942 innocentii
649 906 675 941 ll
691 906 794 954 Papae
808 918 891 941 anno
912 918 956 940 xi.

233 963 294 996 Dat.
313 965 360 995 die
379 965 415 995 18
435 965 479 1004 (1)
500 963 642 994 februarii
668 973 745 993 anno
766 963 882 993 Domini
902 963 985 999 tito,

480 1008 583 1048 pontis.
602 1017 679 1038 anno
702 1016 738 1038 xt.

562 1157 657 1194 LXV.

235 1234 427 1270 Monasterio
451 1235 662 1268 Trenorcienst'
683 1235 834 1268 Ecclesiae
857 1235 892 1268 de
914 1234 988 1268 Pla-

285 1287 406 1319 nesiaco
438 1292 464 1318 et
490 1285 526 1318 dc
556 1284 584 1317 T
583 1285 733 1317 rest'lliaco
758 1285 938 1327 Luyclnnen.
961 1290 987 1316 ec

287 1334 514 1369 claromonten.
525 1334 691 1367 dioecesum
699 1335 923 1378 confirmantur
931 1333 986 1374 (2).

508 1406 722 1438 SUMMARICM

240 1481 407 1513 Exordium.
438 1499 478 1505 —
508 1481 659 1512 Ecclesiae
691 1482 727 1512 de
759 1481 932 1512 planesiaco
964 1487 992 1512 et

281 1528 317 1557 de
339 1527 523 1564 Tresilliaco,
550 1536 617 1557 cum
643 1528 828 1566 pertinentiis
852 1527 991 1556 omnibus

281 1572 461 1602 monasterio
483 1572 705 1602 confirmantur.
723 1587 762 1593 —
778 1570 887 1600 Solitae
909 1571 993 1600 clau-

283 1616 376 1646 sutae.
401 1633 441 1638 —
461 1615 626 1646 Innocentii
648 1615 702 1645 PP.
721 1620 748 1645 et
768 1614 796 1645 S.
819 1614 852 1644 R.
872 1614 903 1645 E.
922 1624 990 1644 car-

283 1660 426 1691 dinalium
450 1660 697 1699 subscriptiones.

243 1728 388 1759 innocentius
405 1729 526 1767 episcopus
542 1736 620 1757 servus
632 1735 749 1756 servornm
767 1725 818 1764 Dei,
837 1726 922 1756 dilecto
945 1727 992 1755 lilio

283 1772 352 1802 Petro
372 1771 534 1802 Trenorcicnsi
547 1771 634 1810 abbati,
654 1773 748 1809 eiusque
770 1770 939 1801 successoribus
957 1781 992 1800 re-

283 1816 396 1856 gulariter
408 1814 584 1854 substituendis,
608 1816 630 1845 iu
648 1820 794 1855 perpetuum.

293 1886 472 1923 Commissa
494 1887 586 1922 nohis
607 1888 807 1935 Apostolicae
827 1888 920 1923 Sedis
939 1901 995 1922 au-

245 1937 373 1973 ctoritas
393 1949 452 1971 nos
475 1937 625 1977 bortatur,
648 1944 681 1971 ut
695 1937 772 1972 locis
789 1947 820 1972 et
838 1939 994 1985 personis,

245 1987 314 2022 eius
335 1986 487 2021 auxilium
515 1986 680 2021 devotione
701 1987 806 2022 debita
829 1987 996 2034 implorau-

246 2035 342 2077 fibus,
365 2036 506 2074 tuitionis
528 2036 718 2083 praesidium
742 2036 924 2084 impendere
939 2037 997 2071 de-

246 2085 387 2120 beamus.
410 2084 490 2127 Quia
503 2086 583 2120 sicut
600 2086 713 2120 iniusta
730 2086 910 2133 petentibus
924 2087 996 2120 nul-

247 2134 296 2169 lus
321 2142 369 2169 est
391 2134 576 2169 tribuendus
612 2134 761 2175 effectus,
789 2136 828 2170 ita
856 2136 995 2181 legitima

248 2191 278 2218 et
304 2184 383 2218 iusta
418 2185 619 2231 poscentium
648 2196 709 2219 nou
743 2192 790 2219 est
823 2184 995 2220 differenda

249 2232 376 2280 petiti03
404 2234 586 2280 praesertim
613 2245 743 2277 eorum,
772 2234 819 2268 vel
846 2235 898 2281 qui
923 2235 996 2268 reli-

249 2282 376 2328 gionem
400 2282 511 2317 devote
530 2283 674 2318 videntur
699 2283 863 2330 amplecti,
887 2292 916 2318 et
939 2283 998 2318 sub

250 2343 285 2365 ea
308 2331 446 2377 gaudent
467 2331 604 2367 Domino
627 2333 771 2376 militare,
793 2333 839 2367 vel
857 2333 996 2380 quicum

249 2379 401 2415 honestae
423 2381 514 2421 vitae,
542 2389 573 2416 et
593 2381 741 2416 laudabili
765 2394 888 2416 morum
911 2394 1000 2417 com-

252 2429 407 2476 positione
445 2430 584 2476 gaudent
617 2431 823 2477 omnipotenti
862 2431 1000 2466 Domino

289 2495 328 2530 (l)
338 2495 418 2522 Error
429 2495 454 2522 in
464 2495 586 2530 Cocquel.
600 2495 662 2523 edit.
681 2496 823 2531 irrepserat
835 2497 860 2522 in
871 2500 1001 2531 supputa-

254 2530 324 2557 tione
340 2531 526 2558 kalendarum:
545 2531 595 2564 hic,
613 2539 662 2558 xttt
676 2532 724 2558 kal.
743 2533 806 2564 ian.‚
822 2532 1002 2566 explicaverat

255 2565 286 2592 ¹7
302 2565 437 2599 februarii,
453 2567 592 2594 immemor
603 2567 720 2594 fortassis
730 2575 828 2594 annum
844 2568 908 2593 llfw
923 2568 1003 2594 fuisse

253 2599 399 2640 bissextum
416 2602 451 2637 (n.
465 2603 504 2638 T.)
542 2603 580 2637 (9.)
599 2602 684 2629 Edidit
701 2602 845 2629 Cliislletius
863 2603 887 2628 in
904 2603 1003 2630 Proba-

255 2637 370 2664 tionibus
383 2637 416 2665 ad
433 2638 499 2665 Hist.
517 2639 668 2666 monasterti
684 2638 771 2671 buius,
789 2646 847 2674 pag.
869 2638 929 2665 [⁴2¹2.

1651 243 1720 276 0247

1020 314 1188 347 deservire.
1215 312 1404 358 Eapropter,
1438 310 1550 345 dilecte
1574 310 1604 344 in
1636 309 1770 344 Domino

1022 362 1085 405 lili,
1128 362 1188 396 tttis
1228 360 1467 395 rationabilibus
1509 359 1771 406 postulationibus

1020 412 1192 446 clementer
1223 411 1403 449 annuimus,
1440 418 1469 444 ct
1505 408 1728 444 concess-ionas
1755 420 1770 440 a

1022 459 1254 495 venerabilibus
1285 459 1431 493 fratribus
1459 459 1590 496 nostris,
1620 466 1680 491 tatu
1706 457 1774 491 Ec—

1021 509 1133 543 clcsiae
1160 509 1198 542 de
1220 508 1404 542 planesiaco
1425 508 1464 541 ab
1486 507 1627 541 Huberto
1651 506 1772 541 Bison-

1023 559 1090 593 tiuo
1123 558 1384 603 archiepiscopo,
1419 569 1510 604 quam
1545 556 1707 590 Ecclesiae
1734 555 1773 589 de

1024 607 1206 642 Tresilliaco
1241 607 1279 640 ab
1321 608 1485 653 Aynterim
1519 605 1771 647 Clarotnontensi

1022 659 1184 703 episcopo,
1213 665 1313 690 vestro
1338 655 1526 689 monasterio
1551 654 1775 689 rationabiliter

1023 705 1131 745 factas,
1153 705 1206 739 tibi
1235 704 1360 751 tuisque
1387 703 1635 745 successoribus,
1663 712 1692 738 ct
1721 715 1775 750 pcr

1788 254 1834 280 An.
1854 252 1883 279 C.
1900 252 1968 279 ll'tO

1800 369 1907 390 &circite
1930 371 1955 390 ¹10

1795 401 1878 421 minut
1895 407 1918 420 ro
1941 404 1960 420 ct

1788 434 1812 452 de
1836 431 1893 452 'fresi
1906 432 1968 456 li=c›,

1788 469 1834 483 cum
1857 464 1970 489 pertinen-

1805 495 1840 514 tii=
1856 500 1867 514 o
1878 494 1952 514 nothis

1815 528 1943 544 ιιιῖιιιιιεῑῑιιι)

1801 558 1958 578 couniuntur.

1025 768 1078 790 vos
1096 754 1196 789 eidem
1226 754 1415 788 monasterio
1443 754 1683 792 conlirmamus3
1711 761 1775 786 sta·
1799 785 1811 796 ‚

1025 813 1164 843 tuentes,
1215 811 1248 837 ut
1287 814 1503 849 quascumque
1539 803 1773 849 possessiones,

1024 864 1243 902 quaecumque
1266 852 1358 891 bona,
1383 852 1537 898 praefatae
1558 850 1719 885 Ecclesiae
1743 851 1774 885 in

1027 902 1273 950 praesentiarum
1294 902 1373 936 iuste
1387 910 1417 935 et
1431 901 1583 935 canonice
1603 899 1775 946 possident,

1025 961 1079 987 aut
1107 953 1136 986 in
1166 951 1305 986 futurum
1322 951 1540 985 concessione
1566 949 1775 989 Pontificum,

1027 1002 1190 1048 largitione
1210 1012 1318 1047 regum
1339 1000 1383 1034 vel
1404 1000 1596 1046 principum,
1619 998 1778 1033 oblatione

1029 1050 1181 1090 lidelium,
1209 1062 1265 1085 seu
1287 1049 1355 1084 aliis
1377 1049 1466 1083 iustis
1489 1049 1602 1087 modis,
1627 1047 1692 1082 Duo
1710 1059 1778 1094 pro-

1029 1101 1115 1147 pitio,
1139 1100 1251 1147 poterit
1273 1099 1415 1145 adipisci,
1438 1098 1527 1133 firma
1549 1097 1637 1132 vobis
1660 1097 1691 1131 in
1713 1109 1779 1143 per-

1029 1158 1158 1197 petuum
1187 1157 1216 1183 et
1247 1148 1362 1182 illibata
1397 1155 1610 1193 permaneant.
1646 1146 1678 1181 Si
1718 1159 1777 1193 qua

1030 1199 1124 1245 igitur
1139 1199 1170 1233 in
1191 1198 1330 1232 futurum
1345 1196 1555 1232 ecclesiastica
1571 1195 1779 1231 saecularisve

1030 1260 1175 1295 persona,
1198 1248 1278 1281 hanc
1294 1254 1416 1280 nostrae
1440 1245 1674 1280 constitutionis
1698 1246 1780 1292 pagi-

1032 1310 1102 1332 nam
1134 1308 1258 1336 sciens,
1293 1304 1400 1330 contra
1427 1307 1495 1330 eam
1530 1304 1647 1329 temere
1674 1306 1780 1328 ventre

1031 1346 1211 1386 tentaverit,
1242 1344 1381 1380 secundo
1415 1345 1543 1379 tertiove
1576 1344 1779 1383 commonita,

1031 1396 1056 1430 si
1079 1408 1140 1430 non
1163 1394 1374 1430 satisfactione
1396 1406 1536 1439 congrua
1554 1392 1780 1436 emendaverit,

1019 1445 1194 1493 potestatis
1216 1443 1407 1490 honorisque
1426 1443 1472 1477 sui
1496 1442 1647 1489 dignitate
1665 1450 1780 1486 careat,

1033 1506 1180 1541 reamque
1213 1506 1246 1528 se
1281 1493 1387 1527 (livino
1421 1492 1536 1527 iudicio
1569 1492 1702 1526 existere
1742 1491 1781 1525 de

1034 1552 1208 1591 perpetrata
1232 1542 1396 1589 iniquitate
1430 1549 1597 1585 cognoscat
1627 1550 1656 1575 ct
1686 1552 1701 1574 a
1729 1552 1781 1574 sa—

1034 1593 1208 1627 cratissimo
1230 1591 1372 1639 Corpore
1403 1598 1433 1626 et
1466 1590 1626 1635 Sanguine
1661 1590 1719 1624 Dei
1752 1597 1782 1623 et

1033 1643 1160 1677 Domini
1198 1641 1418 1687 Redemptoris
1446 1640 1540 1674 nostri
1567 1639 1637 1674 lesu
1666 1638 1783 1673 Christi

1035 1692 1134 1726 aliena
1176 1691 1244 1735 liat,
1280 1699 1373 1736 atque
1407 1691 1436 1724 in
1468 1698 1608 1724 extremo
1641 1689 1784 1723 examine

1035 1741 1192 1775 districtae
1210 1740 1317 1774 ultioni
1333 1739 1502 1773 subiaceat.
1527 1737 1658 1773 Cunctis
1680 1746 1783 1772 autem

1035 1790 1153 1824 eisdem
1175 1789 1327 1823 Ecclesiis
1350 1789 1428 1823 iusta
1450 1787 1648 1822 servantibus
1670 1787 1710 1821 sit
1727 1799 1784 1833 pax

1035 1839 1163 1874 Domini
1187 1839 1283 1873 nostri
1305 1837 1374 1872 Iesu
1402 1837 1535 1878 Chi-isin
1572 1845 1728 1884 quatenus
1755 1845 1785 1869 et

1036 1889 1087 1923 hic
1115 1888 1249 1922 fructum
1272 1887 1373 1921 honae
1394 1886 1527 1921 actionis
1550 1886 1732 1933 percipiant,
1754 1894 1785 1919 et

1036 1938 1116 1984 apud
1134 1937 1309 1971 districtum
1329 1936 1468 1970 Iudicem
1492 1936 1626 1982 praemia
1641 1942 1784 1969 aeternae

1038 1988 1124 2035 pacis
1146 1987 1316 2020 inveniant.
1345 1987 1459 2029 Amen,
1481 1997 1584 2027 amen,
1606 1996 1708 2018 amen.

1086 2036 1158 2071 Euo
1189 2035 1403 2070 stocaxrtus
1432 2034 1604 2069 catholicae
1626 2033 1785 2068 Ecclesiae

1037 2086 1205 2133 episcopus
1227 2097 1270 2119 ss.

1086 2134 1154 2180 Ego
1175 2133 1337 2168 Gerar-dus
1360 2132 1520 2180 presbyter
1546 2131 1715 2166 cardinalis
1739 2131 1786 2166 tit.

1039 2183 1172 2218 Sanctae
1193 2182 1304 2217 Crucis
1327 2183 1356 2216 in
1381 2181 1577 2216 Hierusalem
1597 2193 1637 2215 ss.

1087 2232 1153 2278 Ego
1179 2231 1406 2279 Chrysogonus
1434 2230 1594 2278 presbyter
1621 2229 1788 2265 cardinalis

1040 2282 1117 2316 tituli
1141 2281 1274 2316 Sanctae
1296 2280 1445 2315 Praxedis
1466 2291 1508 2315 ss.

1088 2330 1157 2377 Ego
1184 2329 1353 2364 Rainerius
1377 2329 1537 2377 presbyter
1555 2328 1723 2364 cardinalis
1739 2329 1787 2364 tit.

1041 2380 1174 2415 Sanctae
1193 2379 1318 2413 Priscae
1345 2391 1387 2413 ss.

1090 2429 1157 2474 Ego
1179 2428 1282 2462 Guido
1315 2427 1419 2475 presb.
1443 2427 1488 2462 tit.
1511 2426 1545 2462 S.
1568 2427 1720 2462 Caeciliae
1747 2439 1788 2461 ss.

1090 2478 1158 2524 Ego
1180 2477 1322 2512 Ubaldus
1343 2477 1495 2512 diaconus
1521 2476 1689 2512 cardinalis
1705 2476 1792 2511 Sau-

1043 2537 1110 2563 ctae
1132 2526 1246 2561 Mariae
1269 2527 1299 2561 iu
1327 2526 1383 2561 Via
1412 2526 1487 2561 Lata
1511 2538 1552 2561 ss.

1092 2576 1158 2622 Ego
1175 2575 1317 2610 Ubaldus
1335 2575 1414 2611 diac.
1430 2575 1514 2611 card.
1535 2574 1567 2610 S.
1591 2574 1720 2610 Adriani
1743 2587 1787 2610 ss.

1091 2625 1207 2661 Datum
1231 2625 1388 2668 Laterani,
1410 2637 1466 2673 per
1498 2637 1609 2660 manus
1631 2624 1790 2674 Aymerici

1805 1110 1885 1132 Sotitwe
1899 1110 1960 1132 elm-

1850 1144 1916 1163 sulae.

1812 1946 1932 1968 Innocentis
1943 1946 1981 1967 Pt’.

1801 2051 1821 2067 et
1841 2046 1861 2067 S.
1882 2045 1905 2066 R.
1926 2046 1982 2067 Ecel.

1822 2077 1960 2098 cardinalium

1801 2108 1976 2134 subscriptiones.
