2180 3205
167 247 215 275 .ln.
232 247 260 274 G.
285 248 346 276 itSt

186 505 324 527 Prooemium.

195 651 283 672 Mon-ast.
308 652 346 672 snb

162 678 224 698 Sedis
243 679 347 701 Apostoli-

161 710 199 725 σεε
215 706 280 726 tutela
295 711 347 726 reci·

161 732 218 756 pltur
228 737 232 749 :

183 1306 277 1332 Etufque
286 1306 342 1326 bana

164 1334 233 1353 omnia
262 1332 335 1353 confir·

157 1363 249 1381 urantur.
265 1362 285 1379 et
302 1361 342 1384 1·ιί-

158 1387 234 1411 megia
249 1386 318 1405 eidem
330 1392 341 1406 ³³

157 1412 248 1433 Summis
259 1412 319 1432 Ponti
323 1413 343 1432 Γι-

157 1440 216 1460 cititss
231 1445 340 1460 concessa.

182 1793 252 1814 Abba
273 1799 284 1813 a
299 1799 341 1814 mo·

155 1820 230 1867 Sssbis
264 1821 341 1846 eligen-

181 2142 284 2163 Nonnulla
290 2149 339 2163 con-

154 2168 258 2190 ceduntur
276 2175 317 2195 prii

155 2196 216 2221 tegna.

179 2539 292 2569 Decretum
303 2541 322 2561 in
317 2547 338 2560 ιι-

152 2569 268 2586 munitam.

425 229 494 263 566

962 237 1149 261 numanum!
1173 237 1334 261 nonaum

374 291 522 322 innocentius
543 290 757 329 episcopusservus
778 299 896 320 servorum
918 290 968 328 nei,
984 291 1071 321 dilecto
1081 291 1129 322 filio
1170 293 1324 332 minuere,
1351 300 1403 327 aut
1431 291 1603 327 temerariis
1631 293 1846 329 vexationibus
1873 294 1920 330 fa-

413 336 525 375 Gregorio
546 335 624 365 abbati
646 336 781 364 monasterii
806 335 882 364 Sani-ti
906 335 1025 365 Michaelis
1045 335 1128 366 (loxia-

412 381 498 417 uensis,
515 381 609 418 eiusque
621 379 790 409 suecessoribus
804 380 943 419 regulariter
952 380 1126 415 substituendis,

412 425 434 453 in
463 428 608 463 perpetuum.

421 488 635 534 Desiderium,
658 490 742 537 quod
766 489 805 525 ad
828 490 990 537 religionis
1013 503 1125 538 propo-

371 539 491 579 sitnm,
529 546 560 573 et
586 539 761 574 animarum
797 539 930 575 salutem
966 541 1123 587 pertinere

372 595 581 628 monstratur,
608 597 736 624 auctore
766 589 835 624 Deo
855 589 925 625 sine
951 590 1054 637 aliqua
1076 599 1124 625 est

371 637 522 672 dilatione
542 637 780 683 complendum.
812 637 1044 681 Quamobrem,
1071 639 1122 673 di-

373 687 452 721 lecte
473 687 504 720 in
530 686 657 722 Christo
685 687 727 722 fili
755 687 886 734 Gregnri
905 689 1017 729 abbas,
1035 688 1120 723 Beati

370 735 535 770 Michaelis
570 736 750 783 archangeli
792 738 1030 779 monasterium,
1070 739 1119 773 cui

370 785 559 830 disponente
580 785 719 820 Domino
743 784 920 833 praesides,
944 787 1004 822 sub
1033 787 1121 834 Apo-

369 834 496 869 stolicae
518 834 612 869 Sedis
636 837 832 890 protectione
863 837 1068 883 suscipimus,
1091 846 1120 871 et

370 884 477 931 scripti
498 884 595 918 nostri
619 886 730 931 pagina
757 885 956 928 robor-,ainus
982 894 1121 920 ειιιῑιιιιι-

371 940 428 971 tes,
461 942 493 967 ut
515 945 732 980 quascumque
767 936 994 981 possessiones,
1020 947 1120 981 quae-

368 994 504 1028 cumque
536 982 616 1017 bona
641 983 813 1038 praefatum
838 984 1063 1019 monasttrium
1089 985 1118 1019 in

370 1032 616 1085 praesentiarum
644 1033 724 1067 iuste
747 1041 775 1067 et
803 1033 940 1079 legitime
965 1034 1119 1080 possidet,

368 1089 422 1114 ant
450 1093 480 1114 ιιι
510 1080 647 1115 futurum
672 1082 915 1120 rationabiliter.
943 1091 1119 1138 praestante

367 1129 518 1169 Domino
541 1131 654 1176 poterit
680 1131 824 1177 adipisci
853 1133 939 1167 firma
967 1132 1022 1167 tibi
1047 1133 1119 1167 tuis

368 1191 430 1224 que
450 1179 690 1214 suicessoribus
710 1189 740 1215 et
759 1181 876 1216 illibata
896 1191 1116 1229 permaneant:

1171 343 1287 388 tigare;
1321 342 1375 376 sed
1409 342 1514 376 omnia
1548 343 1667 387 integra
1694 354 1921 378 conserventur

1168 404 1291 431 eorum,
1317 403 1372 437 pro
1394 403 1529 438 quornm
1555 391 1786 437 gubernatione
1798 394 1919 428 etsub-

1167 441 1356 476 stentatione
1390 452 1540 475 concessa
1567 449 1656 483 sunt,
1680 441 1789 476 usibus
1812 443 1918 477 omni-

1166 491 1269 525 modis
1297 492 1363 536 prol
1357 489 1469 524 .'.utura
1492 489 1526 525 Si
1544 501 1648 536 qua„
1619 490 1714 524 icitur
1729 490 1759 525 in
1776 491 1915 527 futui-um

1165 539 1376 575 eccltsiastica
1410 539 1619 574 saecularisve
1647 551 1795 587 persona,
1836 541 1918 576 lianc

1165 598 1290 624 nostrae
1331 588 1566 624 constitutionis
1604 601 1750 635 paginam
1793 589 1915 633 sciens,

1164 647 1272 673 contra
1299 650 1366 673 eam
1390 646 1507 673 temere
1530 637 1636 672 venire
1658 639 1838 681 tentaverit,
1864 651 1916 674 sc-

1164 688 1268 723 cundo
1291 687 1420 722 tertioie
1441 687 1645 728 commonita,
1667 687 1770 722 sinon
1789 688 1916 722 satissa-

1163 738 1265 772 ctione
1300 749 1439 783 congrua
1474 737 1709 780 emendaverit,
1749 737 1913 783 potestatis

1164 787 1355 833 honorisque
1381 786 1429 821 sui
1449 785 1600 832 dignitate
1623 794 1737 830 careat,
1765 798 1914 833 reamque

1162 848 1195 870 se
1224 836 1329 870 divino
1363 835 1479 870 iudicio
1506 836 1640 870 existere
1666 835 1705 870 (le
1738 843 1913 882 perpetrata

1163 885 1326 932 iniquitate
1365 892 1555 930 cognoscat,
1594 892 1625 918 et
1658 896 1674 918 a
1701 885 1913 920 sacratissimo

1161 933 1303 980 Corpore
1324 942 1354 968 ct
1375 934 1535 980 Sanguine
1559 933 1614 968 Dei
1637 945 1674 968 ac
1694 933 1823 968 Domini
1849 934 1913 969 Re-

1161 983 1338 1029 demptoris
1365 985 1460 1017 nostri
1484 982 1554 1017 Iesu
1573 982 1689 1017 Christi
1716 982 1818 1018 aliena
1841 983 1910 1024 fiat,

1161 1041 1255 1080 atque
1277 1033 1308 1066 in
1331 1040 1471 1066 extremo
1498 1034 1641 1066 examine
1667 1031 1828 1066 districtae
1855 1032 1913 1067 ul-

1163 1083 1237 1117 tioni
1255 1082 1424 1117 subiaceat.
1446 1080 1580 1116 Cunctis
1601 1089 1704 1115 autem
1724 1081 1827 1115 eidem
1843 1082 1912 1117 loco

1162 1133 1241 1166 insta
1268 1131 1465 1166 servantibus
1491 1131 1531 1165 sit
1567 1142 1627 1176 pax
1659 1129 1785 1164 Domini
1815 1131 1910 1165 nostri

1162 1182 1232 1216 lesu
1266 1181 1402 1219 Cliristi3
1437 1188 1594 1235 qnatenus
1629 1187 1659 1214 et
1692 1179 1742 1214 hic
1773 1179 1910 1215 finctum

368 1228 398 1262 in
427 1228 543 1275 quibus
569 1228 648 1264 haec
676 1242 810 1277 proprus
843 1231 1025 1265 nominibus
1055 1231 1118 1265 du-
1161 1231 1188 1266 b·
1195 1243 1261 1265 nae
1288 1230 1419 1264 actionis
1443 1230 1629 1276 percipiant,
1655 1237 1685 1263 et
1702 1228 1785 1275 apud
1808 1228 1913 1264 distri-

367 1277 473 1311 ximus
493 1278 683 1320 annotanda,
707 1279 850 1315 ndehcet
865 1279 1016 1319 alodium
1032 1281 1140 1330 quod
1160 1291 1244 1315 ctum
1267 1279 1408 1314 Iudicem
1437 1279 1573 1326 praemia
1595 1287 1740 1314 aeternae
1763 1279 1912 1326 pacisin-

369 1327 399 1360 in
428 1327 562 1362 circuitu
585 1335 632 1362 est
655 1328 796 1363 eiusdem
820 1330 1012 1369 monasterii
1045 1342 1117 1364 cum

368 1377 567 1422 pertinentiis
589 1377 666 1415 suis,
688 1378 825 1412 alodium
847 1379 1042 1422 Tauriniani,
1065 1391 1118 1414 ec-

366 1426 494 1460 clesiam
508 1425 624 1461 Sancti
644 1426 811 1462 Fructuosi
827 1441 899 1462 cum
921 1429 1119 1475 pertinentiis

367 1475 454 1518 suis,
495 1487 532 1510 ac
569 1476 709 1510 decimas
742 1477 894 1512 ecclesiae
927 1477 965 1511 de
992 1477 1116 1512 Allont.

1137 1333 1141 1361 ¹
1161 1330 1295 1364 ieniant

1322 1329 1437 1367 Amen,
1464 1340 1568 1366 amen
1590 1340 1693 1363 amen.

1208 1379 1280 1413 Eoo
1313 1378 1528 1413 lxxocssxrms
1554 1377 1724 1413 catholicae
1751 1377 1910 1413 Ecclesiae

1160 1429 1329 1475 episcopus
1349 1440 1390 1462 ss.

1207 1477 1323 1512 Datum
1352 1490 1378 1523 a}
1384 1475 1435 1511 ιιι]
1458 1475 1730 1511 Clarunimontcm
1761 1488 1816 1523 per
1841 1489 1911 1512 ma-

365 1523 524 1571 Quicquid
557 1534 714 1571 praeterea
748 1527 953 1561 concessione
986 1527 1118 1573 praede·
1136 1540 1139 1554 ¹
1160 1539 1234 1561 uum
1258 1490 1383 1574 Aymeri
1389 1526 1415 1559 ci
1432 1533 1557 1560 sanctae
1574 1524 1736 1560 Romanae
1750 1525 1910 1561 Ecclesiae

366 1585 527 1608 cessorum
555 1582 734 1609 nostrorum
776 1575 892 1622 Sergii,
925 1576 1052 1622 Agapiti
1087 1585 1118 1611 et
1159 1576 1282 1610 diaconi
1318 1575 1486 1610 cardinalis
1507 1583 1538 1609 et
1562 1574 1753 1629 cancellarii,
1780 1586 1816 1609 ιν
1847 1575 1907 1610 kal.

365 1622 526 1666 lobannis,
551 1622 766 1658 Romanorum
788 1625 992 1663 Pontificum,
1017 1633 1118 1660 iestro
1159 1624 1349 1664 decembris
1383 1624 1553 1658 indictione
1580 1636 1652 1667 vm,
1685 1623 1912 1659 incarnationis

368 1673 560 1706 monasterio
582 1672 729 1707 collatum
746 1683 804 1714 est,
826 1674 880 1708 tibi
903 1675 1026 1721 tuisque
1050 1687 1117 1709 suc-

366 1720 544 1756 cessoribus
557 1721 793 1757 confirmamus.
817 1723 964 1758 Obennte
986 1736 1059 1758 vero
1075 1732 1116 1763 te,

365 1770 507 1804 eiusdem
536 1770 594 1805 loci
617 1771 745 1811 abbate
772 1772 878 1807 nullus
902 1772 943 1807 ibi
968 1784 1022 1819 per
1047 1773 1116 1807 snb-

365 1820 540 1865 reptionem
575 1829 627 1854 aut
667 1821 846 1856 ιίοΙειιιίιιιιι
890 1831 1116 1869 praeponatur;

363 1869 419 1903 sed
447 1880 540 1915 quem
564 1868 674 1904 fratres
699 1871 860 1905 communi
894 1883 1036 1912 assensu,
1063 1880 1117 1906 aut

365 1917 494 1952 fratrum
519 1930 592 1964 pars
613 1919 746 1954 sanioris
770 1920 912 1964 consilii,
939 1922 1115 1963 secundum

364 1966 422 2001 Dei
445 1967 589 2001 timorem
626 1976 655 2002 et
678 1968 758 2003 beati
783 1969 946 2004 Benedicti
974 1971 1113 2016 regulam

365 2016 559 2062 providerint
584 2016 776 2063 eligendum.
812 2018 898 2053 ldem
926 2031 999 2053 vero
1020 2019 1116 2053 abbas

365 2067 409 2100 ire
431 2065 468 2100 ad
497 2066 654 2113 synodum
678 2068 774 2113 ipsius
796 2067 854 2102 loci
885 2068 1024 2115 episcopi
1053 2069 1115 2102 mi-

364 2115 448 2149 nime
469 2116 687 2162 compellatur.
711 2116 744 2150 Si
761 2117 832 2163 quis
848 2129 921 2151 vero
938 2117 1114 2163 poenitens,

325 2177 340 2191 ε·
363 2176 379 2198 a
397 2163 556 2198 liminibus
574 2165 720 2200 exclusus
737 2165 909 2209 Ecclesiae,
936 2166 1010 2200 illuc
1036 2178 1115 2201 con-

364 2212 490 2258 fugerit,
504 2213 641 2260 quandiu
656 2215 696 2248 ibi
713 2214 817 2254 fuerit,
834 2216 990 2250 licentiam
1006 2215 1115 2250 habeat

364 2262 529 2297 ecetesiam
553 2263 753 2302 introeundi,
783 2273 813 2298 et
847 2276 940 2299 omne
974 2264 1114 2299 divinum

364 2311 503 2346 officium
536 2311 698 2347 audiendi.
734 2313 842 2360 Ipsum
872 2322 974 2347 antem
1003 2326 1116 2348 mona-

364 2361 507 2399 sterium
534 2361 582 2396 iel
610 2361 712 2396 eidem
737 2362 886 2397 ecclesias
908 2362 1113 2410 pertinentes

365 2409 412 2443 iel
439 2409 595 2446 abbatem.
618 2412 723 2445 nullus
743 2412 913 2457 episcopus
934 2424 1116 2447 excommu-

366 2457 471 2493 nicare
510 2468 698 2504 praesumat.
736 2460 948 2496 Decet-nimus
973 2473 1048 2507 ergo
1082 2469 1115 2496 ut

365 2507 441 2541 nulli
465 2509 596 2542 οιιιιιίιο
617 2509 782 2544 hominum
810 2510 913 2553 liceat,
941 2510 1113 2557 praefatum

364 2558 592 2590 monasterium
617 2566 733 2592 temere
755 2559 951 2606 perturbare,
978 2568 1030 2593 ant
1047 2560 1115 2594 cius

364 2606 581 2652 possessiones
596 2606 730 2652 auferre,
758 2609 803 2643 vel
827 2608 944 2644 ablatas
968 2609 1114 2650 retinere,

1159 1674 1335 1709 dominicae
1356 1686 1438 1708 anno
1459 1685 1589 1712 ncxxx,
1613 1672 1814 1719 pontificatus
1836 1686 1908 1708 vcro

1158 1724 1266 1758 domni
1295 1723 1467 1758 Innocentii
1495 1722 1625 1757 secundi
1652 1722 1768 1769 Papae,
1795 1722 1909 1769 primo.

1174 1779 1236 1810 Dat.
1257 1780 1304 1810 die
1322 1780 1359 1810 28
1383 1779 1550 1809 novembris
1570 1788 1646 1808 anno
1669 1778 1784 1809 Domini
1804 1779 1890 1816 1130,

1413 1823 1516 1863 pontis.
1538 1832 1613 1853 anno
1637 1831 1655 1852 1.

1509 1969 1561 2003 111.

1159 2050 1357 2094 Privi'leqi'um
1378 2062 1434 2094 pro
1464 2051 1583 2084 ecclesia
1612 2051 1648 2083 S.
1674 2050 1758 2083 Petri
1782 2050 1814 2082 ιή
1845 2049 1910 2082 Un-

1232 2100 1362 2144 desdorf
1379 2100 1584 2143 Frisinyensis
1609 2100 1752 2132 dioecesis
1773 2099 1830 2140 (l).

1424 2181 1639 2212 sruxianum

1156 2247 1323 2278 Exordium.
1342 2264 1380 2271 —-
1397 2247 1527 2278 Ecclesia
1547 2248 1576 2276 in
1595 2246 1770 2285 Undesdorl‘,
1797 2248 1833 2278 ab
1852 2247 1907 2278 Ot-

1195 2296 1260 2321 tone
1280 2292 1386 2321 comite
1407 2290 1537 2321 Palatino
1553 2296 1732 2329 constructa,
1745 2292 1906 2331 apostolico

1195 2336 1349 2374 privilegio
1369 2335 1515 2371 munitur;
1535 2351 1575 2357 —-
1596 2334 1725 2374 Eiusque
1743 2335 1818 2366 bona
1840 2345 1910 2365 con-

1196 2380 1359 2409 firmantur.
1382 2386 1422 2401 —‘-
1443 2379 1612 2408 Det-vetatur
1632 2385 1661 2409 ut
1684 2381 1869 2419 praepositus
1890 2389 1906 2409 a

1195 2423 1347 2453 canonicis
1366 2423 1509 2462 eligatur:
1529 2428 1616 2462 prout
1632 2424 1720 2454 etiam
1735 2424 1904 2454 advocatus.

1193 2484 1233 2490 —-
1250 2467 1404 2497 Decretum
1428 2467 1625 2497 immunitatis
1655 2476 1706 2507 pro
1728 2468 1842 2497 eadem.
1868 2483 1910 2490 —-

1194 2511 1308 2542 Census
1336 2521 1453 2542 annuus
1473 2512 1561 2541 unius
1583 2511 1703 2541 bisantii
1727 2511 1810 2541 Rom.
1828 2511 1908 2541 Eccl.

1194 2556 1364 2587 solvendus.
1381 2573 1420 2578 —
1443 2555 1552 2586 Solitae
1567 2555 1732 2585 clausulae.

1192 2621 1231 2656 (l)
1251 2621 1289 2648 Ex
1307 2620 1403 2648 Hundii
1420 2620 1532 2656 Metrop.
1550 2619 1695 2655 Salisburg.
1715 2624 1769 2647 tom
1795 2627 1834 2647 ιιι.

1944 259 1994 286 An.
2014 259 2042 288 C.
2061 259 2123 288 1131

1942 523 2051 571 sulsaoelfuo
2068 526 2127 546 ξηι-
