2180 3205
910 273 1003 295 isin-:x
1028 273 1099 294 tii-:iu
1115 273 1131 293 ,u
1687 256 1751 287 873

248 336 403 380 Synodus.
432 335 580 368 Materiae
603 335 633 367 in
655 347 691 367 ca
712 334 861 367 delinitae
884 344 946 366 non
968 334 1105 376 amplius
1128 332 1309 365 tractandae
1330 337 1414 368 sunt,
1436 330 1498 362 44¹.)
1520 331 1547 361 l).

247 390 343 432 Syrus
363 388 532 432 episcopus
553 388 716 420 larinensis
734 387 900 420 diuturnas
922 387 1006 419 inter
1026 386 1156 419 Pisanos
1177 391 1205 417 ct
1225 386 1395 418 lanucnscs
1421 382 1596 415 discordias
1617 379 1793 424 componit,

338 452 401 485 qua
422 453 466 481 re,
491 441 756 485 archiepiscopali
777 441 900 473 honore
918 445 1060 475 ornatur,
1084 439 1146 471 :377
1168 450 1186 469 tl
1209 445 1235 471 et
1255 449 1318 481 seq.

250 495 388 538 Sophiae
408 495 470 538 (S.)
494 496 732 527 Beneventanae
753 493 908 526 dioecesis
927 492 1156 525 inonastcriuin
1176 491 1454 524 contirtnationem
1477 490 1637 522 honorum
1669 498 1705 520 ac
1734 486 1797 529 pri-

339 547 528 590 vilegiorum
564 547 709 585 obtinet,
746 547 877 590 eiusque
907 546 1013 578 abbati
1050 545 1222 589 quinrpiics
1255 545 1284 577 in
1317 554 1401 577 anno
1433 543 1692 576 chirothccartnn
1723 550 1798 572 usus

339 601 537 638 conceditur,
560 601 622 633 tat)
641 602 657 632 Ι)
679 607 707 633 et
725 611 787 643 seq.
814 601 898 632 Bona
931 599 1039 631 (nnnia
1070 599 1184 631 iteruin
1217 599 1243 630 ei
1274 599 1523 637 1⁷·onli1·1n.‘tnttn·,
1549 595 1611 628 222)
1630 595 1646 625 Ιι
1668 600 1696 627 ct
1718 604 1795 635 seq..

339 653 404 689 235
423 665 454 687 α.
479 654 543 688 Soli
567 654 675 697 Apost.
700 654 773 687 Sedi
795 653 974 686 subiectum
995 653 1187 691 declaratur,
1211 651 1273 684 :307
1296 653 1323 683 b.

251 707 390 751 Sophiae
411 708 473 751 (S.)
494 708 662 751 Capuanac
683 706 837 740 dioecesis
859 706 1053 740 monasterio
1072 706 1204 738 facultas
1225 705 1317 737 datur
1338 703 1474 737 ducendi
1496 713 1612 746 aquarn
1638 712 1672 734 ex
1705 699 1800 732 tlurio

341 761 471 802 Caloris,
496 760 770 804 confirmaturque
790 760 818 793 ci
840 760 1077 799 concaiiiliiuin,
1099 758 1162 792 285
1180 770 1198 791 α
1217 764 1243 791 et
1266 769 1329 801 seq.

252 815 392 849 Soranae
412 815 475 857 (S.)
493 814 652 847 Ecclesiae
673 813 789 847 lintitcs
808 813 1044 853 describuntur,
1068 812 1201 856 eiusque
1221 813 1306 845 hona
1327 811 1435 845 omnia
1456 810 1704 847 confirmantur,
1738 805 1799 838 :257

343 870 360 901 b
382 874 413 901 et
432 879 495 911 seq.

254 922 328 966 Spei
349 922 394 955 vis
415 921 446 954 in
466 922 578 961 Deum,
604 920 637 953 71
664 932 694 953 cr.

254 976 444 1019 Spoletanae
465 974 639 1007 cathedrali
658 974 817 1007 Ecclesiae
839 974 923 1006 bona
941 975 1186 1013 confirmantur,
1210 972 1252 1005 34
1269 984 1288 1004 α
1309 978 1337 1005 et
1358 983 1421 1015 seq.

255 1028 509 1073 Sponheimense
529 1027 761 1061 monasterium
783 1027 957 1069 Moguntin.
980 1027 1135 1060 dioecesis
1156 1027 1214 1059 suh
1235 1025 1435 1069 protectione
1463 1024 1572 1067 Apost.
1604 1023 1694 1056 Sedis
1722 1021 1803 1053 reci-

345 1082 442 1125 pitur,
464 1082 613 1124 bonaque
630 1081 739 1113 onmia
761 1080 787 1113 ei
808 1081 881 1113 data
901 1080 1145 1119 confirmantur,
1169 1078 1227 1112 3611
1246 1091 1264 1111 (ι
1286 1085 1315 1112 et
1335 1089 1398 1121 seq.

257 1135 484 1178 Squillacensis
516 1134 655 1167 Ecclesia
685 1134 744 1167 sul»
775 1133 905 1177 speciali
936 1134 1025 1167 Sedis
1056 1132 1258 1176 Apostolicae
1288 1132 1355 1165 iure
1387 1131 1560 1174 recipitur,
1595 1130 1688 1173 eique
1719 1128 1803 1160 bona

345 1188 474 1228 omnia,
499 1194 529 1220 et
557 1198 615 1227 ea,
639 1198 721 1231 quae
742 1187 781 1220 ab
800 1187 948 1220 Adelasia
973 1186 1134 1220 comitissa
1165 1186 1282 1218 donata
1313 1191 1407 1220 sunt.
1443 1184 1697 1221 confirmantur,
1731 1192 1804 1213 cuin

347 1243 477 1275 decreto
498 1240 710 1274 immunitatis
730 1246 760 1274 et
777 1240 944 1276 libertatis,
965 1239 1029 1273 258
1051 1240 1067 1271 b
1089 1246 1119 1272 et
1138 1250 1200 1282 seq.

259 1296 454 1338 staingaden
468 1294 535 1338 (de)
549 1294 708 1327 Ecclesiae
721 1295 750 1326 S.
769 1294 895 1327 Ioannis
918 1293 1076 1337 Baptistae
1101 1292 1332 1325 canonicorum
1357 1291 1479 1323 ordinis
1493 1292 1800 1324 Praemonstratens.

350 1348 583 1382 confirmantur
603 1348 698 1387 hona,
723 1347 815 1391 cique
836 1347 1003 1391 privilegia
1022 1346 1178 1379 nonnulla
1199 1345 1430 1383 conceduntur,
1454 1343 1518 1375 6:33
1538 1355 1557 1375 a
1579 1349 1606 1376 et
1629 1353 1692 1385 seq.

258 1402 410 1446 Stephani
431 1402 493 1445 (S.)
513 1400 671 1434 Ecclesiae
692 1400 811 1433 Bisunt.
837 1400 974 1442 dignitas
992 1399 1134 1432 matricis
1150 1398 1362 1437 adiudicatur‚
1387 1396 1450 1429 280
1472 1398 1499 1429 Ι).

259 1455 413 1499 Stephani
435 1456 495 1498 (S.)
513 1453 672 1487 Ecclesiae
704 1453 951 1486 consuetudines
976 1453 1082 1485 favore
1103 1451 1335 1485 monachorum
1354 1450 1592 1483 Trenorciensis
1622 1448 1806 1482 monasterii

349 1508 594 1544 confirmantur,
618 1506 677 1539 301
704 1508 731 1539 b.

262 1561 414 1606 Stephani
447 1561 510 1604 (S.)
542 1566 572 1593 et
601 1560 630 1593 S.
667 1560 794 1593 loannis
830 1559 987 1603 Baptistae
1016 1558 1201 1592 Bisuntinae
1231 1558 1390 1591 Ecclesiae
1422 1557 1651 1590 canonicorum
1684 1562 1810 1588 contro-

351 1606 455 1639 versia
486 1604 648 1643 desinitur,
681 1603 745 1637 280
776 1615 797 1636 (ι
828 1610 858 1636 et
888 1614 951 1647 seq.
984 1604 1006 1636 A
1033 1603 1221 1636 iuramentis
1252 1612 1380 1645 percos
1413 1601 1502 1634 factis
1534 1600 1625 1633 liberi
1657 1606 1685 1632 et
1716 1599 1809 1632 soluti

351 1651 578 1690 declarantur,
613 1648 677 1682 295
704 1649 720 1680 I]
749 1654 779 1681 et
807 1659 870 1692 seq.
899 1648 928 1681 S.
953 1648 1104 1691 Stephani
1134 1647 1281 1679 canonici
1313 1646 1483 1689 obreptitie
1512 1645 1713 1688 privilegium
1743 1654 1810 1676 ina-

351 1694 508 1728 ternitatis
536 1693 696 1726 Ecclesiae
728 1703 840 1726 eorum
868 1692 897 1724 in
917 1693 1071 1724 dainnuin
1093 1691 1252 1724 Ecclesiae
1275 1691 1304 1724 S.
1326 1690 1453 1723 Ioannis·
1483 1700 1501 1722 a
1522 1689 1665 1722 Paschali
1696 1688 1754 1721 Pr.
1787 1688 1809 1720 ll

351 1744 560 1782 extorquent,
595 1736 659 1770 320
676 1749 705 1770 α.
730 1738 790 1770 Res
819 1748 835 1769 a
857 1737 976 1771 Calixto
1009 1737 1086 1769 dum
1106 1735 1275 1777 legationis
1296 1745 1429 1767 munere
1451 1735 1636 1775 fungeretur
1656 1732 1688 1764 in
1704 1731 1813 1765 Galliis

353 1784 574 1821 examinatur,
607 1782 686 1814 ibid.
720 1781 882 1815 Sententia
901 1783 1012 1820 fertur,
1036 1791 1099 1823 qua
1119 1780 1306 1812 maternitas
1326 1778 1485 1812 Ecclesiae
1506 1779 1535 1811 S.
1560 1776 1688 1809 Ioannis
1719 1775 1811 1809 adiu-

353 1828 488 1866 dicatur,
513 1827 591 1859 ibid.
617 1826 644 1858 b.
661 1825 811 1860 Canonici
825 1826 855 1859 S.
879 1825 1043 1868 Stephani,
1065 1825 1195 1857 obtenta
1213 1824 1432 1856 fraudolenter
1446 1821 1610 1858 dilatione,
1627 1820 1812 1854 Paschaleni

352 1873 410 1905 ΡΡ.
445 1872 576 1910 adeunt,
611 1870 793 1914 sparsisque
822 1881 879 1913 per
910 1869 1023 1901 urben]
1045 1868 1216 1909 figmentis,
1240 1867 1444 1910 privilegium
1466 1876 1523 1909 pro
1545 1876 1578 1898 se
1599 1870 1787 1907 extorquent
1803 1891 1810 1900 ,

353 1915 412 1948 321
450 1927 479 1948 α.
514 1916 584 1948 Non
617 1915 717 1947 inulto
746 1920 814 1958 post
849 1916 934 1946 fraus
955 1913 1128 1945 abeodem
1150 1912 1294 1945 l¹ascliali
1316 1911 1486 1953 detegitur,
1519 1909 1597 1942 ibid.
1622 1909 1814 1950 Reasunipta

350 1971 445 1993 causa
477 1970 494 1992 a
520 1959 640 1993 Calixto
673 1969 856 1991 successore
886 1958 965 1997 eius,
991 1957 1193 2000 privil‹3·g-·itnn
1215 1955 1376 1989 Paschalis
1397 1960 1553 1993 cassatur,
1579 1959 1605 1986 et
1630 1952 1814 1985 maternitas

353 2004 514 2038 Ecclesiae
544 2004 574 2037 S.
599 2003 726 2036 loannis
751 2002 964 2037 adiudicatur.
998 2012 1069 2034 cun]
1103 2002 1232 2033 decreto
1260 2006 1291 2032 ut
1323 1999 1453 2032 ecclesia
1486 1998 1516 2031 S.
1550 1997 1701 2040 Stephani
1733 2007 1812 2028 con—

353 2048 539 2082 suetudines
559 2048 604 2079 illi
625 2058 737 2080 omnes
758 2047 927 2091 persolvat,
943 2056 1021 2089 quas
1042 2045 1154 2088 priscis
1176 2044 1374 2087 temporibus
1394 2044 1516 2075 solvere
1537 2042 1670 2079 solebat,
1688 2041 1765 2072 ibid.
1784 2041 1811 2071 b.

355 2093 521 2126 Bisuntino
553 2092 682 2125 demunt
714 2091 855 2134 archiep.
880 2091 928 2123 ius
946 2090 1133 2123 conceditur
1153 2088 1428 2121 animadvertendi
1447 2087 1479 2119 in
1500 2086 1672 2119 canonicos
1693 2085 1723 2117 S.
1747 2084 1815 2117 Ste-

356 2137 466 2181 phani,
490 2136 551 2170 nisi
568 2136 641 2169 huic
663 2137 791 2168 decreto
812 2134 1039 2178 acquieverint,
1063 2133 1126 2166 322
1147 2145 1177 2165 α.
1210 2134 1291 2165 ilaec
1312 2131 1528 2165 controversia
1546 2130 1671 2162 tandein
1685 2138 1816 2171 compo-

356 2182 463 2221 nitur,
499 2187 529 2215 et
559 2180 769 2213 monitorium
802 2180 896 2212 datur
921 2184 1033 2211 contra
1053 2177 1224 2210 canonicos
1242 2178 1271 2209 S.
1296 2175 1459 2219 Stephani,
1480 2181 1514 2207 ut
1532 2173 1734 2217 privilegium
1760 2183 1817 2215 per

358 2226 488 2259 eosdem
520 2236 538 2258 a
566 2225 710 2258 Paschali
738 2225 797 2257 ΡΡ.
823 2223 994 2266 obreptitie
1016 2228 1198 2257 extortum,
1232 2221 1364 2253 reddant
1397 2220 1455 2253 sub
1477 2229 1579 2262 poena
1597 2217 1816 2253 excommuni-

359 2270 505 2310 cationis,
529 2268 593 2302 336
613 2280 634 2302 α
654 2274 682 2302 et
703 2270 730 2309 b,
754 2268 817 2301 337
836 2279 856 2300 a
876 2274 905 2300 et
927 2269 954 2300 l».

270 2323 422 2368 Stephani
443 2323 505 2367 (S.)
523 2322 663 2355 Lauden.
679 2321 835 2355 dioecesis
853 2320 1049 2354 monasterio
1074 2320 1158 2352 bona
1177 2318 1286 2352 oninia
1306 2329 1341 2350 ac
1364 2317 1551 2349 donationes
1572 2315 1814 2351 confirmantur,

360 2376 426 2410 2244
443 2377 459 2409 b
478 2382 509 2409 et
528 2386 592 2419 seq.

272 2429 452 2474 Stephanus
478 2428 637 2462 Ecclesiae
672 2428 849 2461 Aniciensis
880 2428 1016 2463 invasor,
1046 2426 1085 2458 721·
1112 2427 1139 2457 b.
1169 2425 1325 2458 Promittit
1352 2424 1438 2456 illan}
1465 2422 1689 2458 dimissurum,
1719 2420 1759 2453 87
1786 2432 1815 2453 α.

360 2474 395 2507 Id
423 2483 488 2506 non
512 2478 672 2516 praestat,
702 2472 782 2505 ibid.
815 2472 979 2505 Sententia
1005 2469 1346 2504 exconiinunicationis
1370 2478 1441 2500 curn
1468 2466 1531 2499 suis
1556 2465 1734 2498 fautoribus
1760 2476 1820 2508 pu-

362 2517 459 2557 nitur,
482 2517 560 2549 ibid..

275 2570 454 2614 Stephanus
479 2570 657 2612 Anglorurn
682 2580 736 2603 rex
762 2570 859 2602 donat
879 2568 1073 2602 monasterio
1095 2566 1294 2601 Cluniacensi
1324 2564 1552 2597 monasterium
1581 2563 1620 2595 de
1650 2563 1822 2596 Letcutnha

366 2629 397 2657 et
413 2623 544 2656 donatio
563 2623 630 2656 eius
649 2623 870 2661 confirmatur,
891 2622 949 2654 401
973 2634 993 2654 α
1011 2627 1038 2654 et
1055 2631 1133 2663 seq.‚
1154 2619 1217 2652 462
1235 2631 1254 2651 ιι
1272 2625 1301 2651 et
1319 2630 1382 2661 seq.

276 2677 456 2721 Stephanus
472 2676 641 2709 Parisiens.
664 2676 833 2720 episcopus
850 2675 1093 2716 Arg-entoliense
1112 2672 1342 2705 monasterium
1361 2672 1482 2706 fundat.
1503 2670 1567 2703 :363
1584 2671 1609 2702 b.

399 2739 475 2766 Buu.
493 2738 573 2766 Rom.
594 2738 652 2765 Vol.
669 2738 701 2765 ΙΙ
1026 2736 1076 2763 110
