2180 3205
52 213 102 242 An.
121 213 147 240 e.
170 213 230 241 1181

247 276 351 304 nostra
374 269 565 315 protectione
583 268 782 316 suscipimus
797 276 825 304 et
842 281 988 324 praesen-

848 216 1038 238 AtAExn'nEn
1066 216 1100 238 ΙΙΙ
1126 216 1171 238 ΙΨ.

1647 207 1715 239 827

1029 279 1214 318 praesumat.
1242 270 1347 305 Liceat
1367 282 1492 318 quoque
1513 271 1615 312 vobis,
1637 271 1766 307 clericos

246 319 285 353 tis
305 318 412 366 scripti
435 318 594 366 privilegio
608 319 854 360 communimus;
877 331 905 354 in
921 320 988 366 pri-
1029 320 1073 354 vel
1098 320 1204 364 laicos,
1231 320 1343 355 liberos
1368 329 1398 355 et
1419 320 1589 361 absolutos,
1611 322 1766 357 esaeculo

76 368 304 410 uon-»ucwmis
324 368 479 415 siquidem
501 376 690 412 statuentes,
718 376 749 402 ut
775 368 851 402 ordo
877 380 987 403 mona-

49 405 230 458 ierii'iii'miinii'i
245 417 362 458 sucus,
396 418 448 465 qui
482 416 656 453 secuudum
698 417 796 452 Deum
841 427 870 453 ct
907 417 984 452 beati

49 467 215 494 '⁸⁹⁸'l'⁰²¹¹'”¹¹·
244 467 404 504 Benedicti
433 467 568 514 regulam
598 467 626 501 in
659 466 767 501 eodem
797 467 985 502 monasterio

244 516 402 551 institutus
428 528 495 552 esse
517 516 722 563 dignoscitur..
745 517 903 563 perpetuis
931 516 985 550 ibi-

242 565 313 600 dem
333 566 528 613 temporibus
551 565 769 600 inviolabiliter
790 565 981 600 observetur.

18 626 21 630 ·
46 619 115 656 ,⁸⁰¹¹-
125 620 227 656 σπῆϊ-*ἀ
243 614 403 650 Praeterea
418 627 632 662 quascumque
647 615 871 662 possessiones,
887 628 984 662 quae-

45 651 227 704 iifssoliffiif'
241 676 376 712 cumque
399 665 477 700 bona
501 665 581 699 idem
601 665 823 699 monasterium
849 665 983 712 imprae-

239 715 410 750 sentiarum
440 714 519 749 iuste
540 722 570 749 et
591 715 738 749 canonice
761 714 908 761 possidet,
929 722 981 749 aut

239 763 269 798 in
298 763 435 798 futurum
459 763 660 798 concessione
689 764 886 806 Pontificum,
913 763 980 799 lar—

237 812 356 859 gitione
382 825 491 859 regum
523 814 570 848 vel
601 813 793 860 principum,
825 813 979 848 oblatione

237 862 390 903 fidelium,
411 875 466 898 seu
485 862 554 898 aliis
573 863 662 897 iustis
678 863 788 903 modis,
805 871 979 909 praestante

235 911 385 958 Domino,
412 912 522 959 poterit
543 912 683 957 adipisci,
706 912 792 946 lirma
816 911 902 947 vobis
925 924 978 947 ve-

234 963 369 1008 strisque
404 961 638 996 successoribus
659 970 688 997 et
712 961 825 996 illibata
849 975 978 1008 perma-

234 1020 339 1052 neant;
366 1013 397 1046 in
424 1011 538 1058 quibus
565 1011 642 1046 liaec
669 1011 804 1059 propriis
829 1012 978 1046 duximus

233 1060 437 1108 exprimenda
470 1061 643 1096 vocabulis:
679 1061 780 1095 locum
810 1061 909 1108 ipsum
946 1061 975 1096 in

23 1118 296 1157 quarumnam-equo
329 1110 500 1158 praefatum
527 1111 749 1145 monasterium
783 1110 875 1145 situm
910 1119 975 1150 est,

37 1154 219 1209 Qssssss'fflss‘ffi'ssf
232 1171 303 1194 cum
320 1156 467 1195 omnibus
489 1160 686 1208 pertinentiis
707 1160 783 1203 suis,
806 1161 973 1207 prioratum

232 1209 272 1244 de
298 1208 455 1257 Cardigan
491 1222 562 1244 cum
599 1209 746 1245 omnibus
780 1210 975 1256 pertinentiis

231 1259 318 1301 suis,
344 1259 509 1295 ecclesiam
543 1259 676 1294 Sanctae
702 1259 863 1293 Trinitatis
884 1260 973 1294 sitam

231 1307 262 1342 in
289 1307 370 1350 loco,
392 1309 444 1356 qui
472 1309 648 1356 appellatur
670 1308 789 1353 Lando,
811 1321 882 1343 cuin
911 1321 975 1343 om·

231 1356 326 1392 nibus
348 1359 542 1405 pertinentiis
564 1359 640 1402 suis,
659 1357 820 1393 ecclesiam
840 1358 872 1393 S.
891 1358 972 1392 Petri

229 1406 269 1442 de
295 1406 470 1456 Bcremyke
499 1420 570 1442 cum
604 1407 751 1442 omnibus
781 1408 974 1454 pertinentiis

229 1456 504 1505 suis‚·cappellam
522 1457 627 1491 Sancti
652 1457 733 1492 Petri
756 1456 795 1491 de
817 1456 973 1503 Cariligan

228 1517 300 1541 cum
322 1507 471 1542 omnibus
491 1507 685 1553 pertinentiis
707 1506 783 1546 suis,
801 1507 971 1554 cappellam

227 1554 336 1591 Sancti
352 1556 513 1591 Michaelis
525 1555 563 1590 de
575 1555 725 1590 Tresnian
741 1568 813 1590 cum
825 1556 974 1591 omnibus

45 1611 215 1633 Cumiuredeci-
230 1605 425 1651 pertinentiis
446 1606 523 1644 suis,
549 1605 687 1640 decimas
708 1617 786 1654 quas
808 1605 927 1640 habetis
942 1607 972 1641 in

33 1648 215 1701 ssffiumgmssi'ssss}
228 1654 316 1696 locis,
334 1655 388 1703 qui
407 1656 555 1703 Certesey
576 1664 605 1689 et
626 1654 733 1702 Thorp
760 1655 973 1696 nominantur,

33 1704 174 1731 ''⁶'‘*fl‘nffi*
228 1704 425 1740 medietatem
453 1705 657 1745 decimarum,
684 1717 777 1752 quam
800 1704 920 1739 habetis
943 1706 972 1740 in

228 1753 299 1788 loco
319 1755 371 1801 qui
394 1755 509 1790 dicitur
530 1753 663 1800 Cgliam‚
686 1754 882 1789 medietatem
917 1754 974 1789 de-

228 1803 379 1838 cimarum
408 1805 438 1839 in
466 1804 535 1839 loco
561 1803 615 1850 qui
642 1803 757 1838 dicitur
778 1802 972 1845 Cbabeliam,

228 1851 426 1888 medietatem
443 1852 632 1889 decimarum
650 1852 679 1887 in
694 1853 775 1896 loco,
789 1853 841 1900 qui
859 1853 974 1888 dicitur

227 1901 395 1944 Sutthone‚
417 1903 616 1938 medietatem
639 1902 831 1937 decimarum
854 1903 882 1937 iu
904 1903 973 1938 loco

228 1951 283 1998 qui
305 1951 419 1987 dicitur
439 1951 592 1992 Cheffim,
616 1953 816 1987 medietatem
844 1952 972 1987 decima-

227 2013 298 2035 rum
320 2001 350 2036 in
371 2001 440 2037 loco
458 2003 512 2050 qui
529 2001 642 2036 dicitnr
656 2001 802 2045 Botliam,
817 2001 971 2036 decimam

228 2061 322 2097 quam
346 2050 464 2086 habetis
492 2052 522 2087 in
551 2050 737 2086 molendinis
763 2051 830 2086 sitis
852 2051 881 2085 in
905 2064 973 2086 ma-

229 2100 326 2135 neriis
351 2100 509 2149 Certesey,
532 2099 650 2146 Thuri),
671 2100 804 2147 Cgham,
832 2109 862 2135 et
888 2099 973 2136 Cha-

229 2148 341 2184 beltam
365 2151 530 2197 vulgariter
557 2151 756 2197 nuncupatis,
778 2163 849 2185 cum
872 2151 972 2192 terris,

228 2199 341 2239 vineis,
363 2200 556 2246 nemoribus,
583 2200 732 2245 usuagiis,
755 2200 851 2246 pratis
871 2208 902 2234 et
924 2212 974 2247 pa-

228 2249 327 2293 scuis,
349 2248 379 2283 in
401 2249 497 2285 bosco
519 2259 548 2285 et
571 2250 674 2296 plano,
697 2249 726 2284 in
748 2250 836 2296 aquis
851 2257 879 2284 et
899 2261 972 2285 mo—

229 2297 376 2340 lendinis,
397 2299 428 2334 in
451 2300 507 2334 viis
523 2308 552 2335 et
569 2298 699 2339 semitis,
722 2307 751 2333 et
771 2299 801 2333 in
827 2298 973 2334 omnibus

227 2347 298 2382 aliis
329 2347 523 2384 libertatibus
556 2356 586 2383 et
613 2348 861 2383 immunitatibus
894 2349 970 2383 suis.

228 2395 312 2432 Sane
335 2398 489 2434 novalium
518 2407 707 2437 vestrorum,
735 2410 814 2445 quae
836 2398 972 2445 propriis

231 2446 376 2482 inanibus
396 2456 450 2483 aut
471 2447 651 2495 sumptibus
672 2447 784 2487 colitis,
803 2447 842 2481 de
857 2447 972 2494 quibus

229 2495 341 2544 aliquis
379 2496 530 2532 hactenus
565 2509 626 2532 non
662 2497 810 2544 percepit,
837 2497 900 2531 sive
933 2496 971 2531 de

229 2551 402 2581 vestroruin
430 2547 608 2582 animalium
633 2546 844 2589 nutrimentis,
866 2545 971 2581 nullus

230 2607 248 2632 a
279 2596 367 2632 vobis
395 2596 533 2632 decimas
559 2597 682 2643 exigere
712 2595 759 2631 vel
786 2603 970 2644 extorquere

49 2399 154 2422 indebitas
176 2399 216 2421 do-

35 2433 99 2452 rimas
113 2431 138 2451 ab
149 2436 176 2452 eo
190 2436 216 2452 e-

35 2468 74 2489 ngi
90 2464 154 2483 vetn-

1027 369 1198 415 l'ugientes,
1224 370 1261 404 ad
1289 370 1524 405 conversionem
1555 370 1710 417 recipere,
1736 380 1767 406 et

1026 430 1079 453 eos
1101 419 1218 466 alisque
1239 419 1484 454 contradictione
1505 419 1603 454 aliena
1623 421 1764 456 retinere.

1026 467 1234 503 Proliibemus
1256 468 1392 516 insuper,
1416 477 1448 503 ut
1469 469 1544 503 nulli
1567 468 1694 504 fratrum
1711 482 1766 505 ve-

1025 525 1171 559 strorum,
1195 526 1263 564 post
1286 518 1394 553 saetam
1414 519 1443 552 in
1461 519 1648 553 monasterio
1663 527 1765 555 vestro

1025 566 1248 612 professionem
1264 567 1308 601 fas
1324 567 1378 610 sit,
1397 568 1464 602 sinc
1482 567 1602 603 abbatis
1623 568 1763 610 licentia,

1023 615 1061 650 de
1087 616 1196 651 eodem
1226 617 1311 660 loco,
1340 617 1396 650 nisi
1432 617 1573 652 arctioris
1605 618 1764 665 religionis

1023 664 1163 705 obtentu,
1186 665 1359 705 discedere:
1381 666 1591 701 discedentem
1608 679 1679 702 vcro
1697 668 1762 703 abs-

1022 726 1083 761 que
1099 716 1314 750 communium
1335 715 1491 750 literarum
1508 725 1678 751 vestrarum
1693 730 1763 752 cau-

1022 765 1104 799 tione
1127 764 1231 799 nullus
1257 764 1369 799 audeat
1389 766 1531 801 retinere.
1553 766 1633 801 Cum
1656 775 1761 802 autem

1020 814 1162 859 generale
1189 814 1386 849 interdictum
1409 823 1506 850 terrae
1540 815 1642 857 suerit,
1673 816 1763 852 liceat

1021 862 1119 906 vobis,
1141 863 1254 898 clausis
1278 864 1389 905 ianuis,
1411 865 1546 899 exclusis
1572 877 1762 900 excommu-

1021 912 1129 947 nicatis
1154 921 1184 947 ct
1213 913 1403 958 interdictis,
1432 927 1492 949 non
1517 915 1646 961 pulsatis
1673 928 1762 950 cam-

1020 962 1118 1007 panis,
1135 975 1303 1010 suppressa
1327 975 1411 1007 voce,
1434 963 1535 998 divina
1558 964 1656 999 officia
1678 965 1762 999 cele-

1018 1010 1122 1055 brare,
1160 1012 1330 1047 dummodo
1358 1025 1482 1047 causam
1518 1026 1579 1048 non
1612 1014 1760 1050 dederitis

1018 1060 1192 1096 interdicto.
1211 1061 1355 1097 Chrisma
1372 1075 1454 1107 vern,
1477 1063 1588 1097 Oleum
1605 1072 1758 1103 sanctum,

1016 1111 1269 1146 consecrationes
1294 1112 1435 1146 altarium
1466 1125 1519 1147 seu
1549 1112 1758 1153 basilicarum,

1016 1159 1228 1195 ordinationes
1254 1160 1455 1201 clericorum,
1478 1163 1530 1209 qui
1557 1162 1593 1196 ad
1623 1163 1760 1199 Ordines

1016 1208 1130 1244 fuerint
1158 1211 1376 1257 promovendi,
1404 1223 1419 1246 a
1451 1211 1637 1247 dioecesano
1651 1214 1760 1248 susci-

1016 1259 1107 1305 pietis
1127 1261 1288 1307 episcopo,
1310 1261 1335 1295 si
1351 1260 1476 1308 quidem
1499 1261 1670 1297 catholicus
1691 1263 1759 1297 fue-

1016 1308 1063 1352 rit,
1085 1316 1114 1344 et
1132 1311 1260 1356 gratiam
1281 1318 1311 1345 et
1328 1310 1578 1345 communionem
1601 1324 1760 1347 sacrosan-

1015 1365 1081 1392 ctae
1102 1358 1261 1394 Romanae
1282 1359 1374 1394 Sedis
1396 1359 1549 1401 habuerit,
1571 1369 1601 1395 et
1619 1373 1652 1395 ea
1669 1361 1758 1396 vobis

1016 1407 1147 1442 voluerit
1176 1409 1243 1444 sine
1275 1409 1422 1456 pravitate
1456 1409 1559 1457 aliqua
1597 1410 1755 1446 exhibere.

1015 1456 1222 1493 probibemus
1245 1459 1383 1506 insuper,
1411 1467 1444 1494 ut
1467 1459 1542 1494 infra
1567 1459 1644 1494 fines
1667 1473 1757 1507 paro-

1015 1505 1102 1541 chiae
1124 1517 1242 1542 vestrae
1265 1508 1370 1542 nullus
1391 1508 1458 1543 sine
1480 1521 1610 1544 assensu
1636 1509 1756 1546 dioece-

1014 1556 1080 1590 sani
1095 1557 1235 1604 episcopi
1251 1565 1279 1591 et
1291 1567 1409 1604 vestre,
1426 1559 1598 1606 cappellam
1615 1571 1669 1594 seu
1693 1572 1756 1594 ora-

1015 1605 1125 1640 torium
1149 1606 1187 1641 de
1210 1619 1289 1642 novo
1308 1616 1489 1643 construere
1510 1608 1637 1643 audeat:
1660 1610 1756 1644 salvis

1015 1655 1183 1702 privilegiis
1217 1656 1402 1691 Pontificum
1443 1657 1668 1693 Romanorum.
1705 1659 1753 1694 Ad

1015 1705 1109 1745 baec,
1146 1697 1239 1741 noi'as
1271 1713 1301 1740 et
1328 1706 1481 1741 indebitas
1515 1709 1692 1743 exactiones
1718 1709 1756 1743 ab

1014 1753 1269 1802 archiepiscopis,
1280 1756 1447 1803 episcopis,
1460 1756 1687 1793 archidiaconis
1699 1771 1754 1793 seu

1014 1802 1157 1845 decanis,
1191 1806 1322 1853 aliisque
1357 1806 1505 1840 omnibus
1538 1807 1755 1842 ecclesiasticis

1013 1854 1264 1890 saecularibusve
1283 1855 1424 1901 personis
1442 1856 1528 1890 vobis
1546 1857 1672 1891 omnino
1689 1858 1753 1892 fieri

1015 1901 1227 1947 prohibemus.
1262 1904 1462 1951 Sepulturam
1498 1917 1624 1953 quoque
1654 1907 1755 1954 ipsius

1015 1950 1072 1985 loci
1106 1951 1231 1988 liberam
1261 1965 1329 1988 esse
1359 1954 1569 1995 decernimus,
1593 1963 1754 1992 uteorum

1014 2000 1196 2042 devotioni,
1218 2011 1247 2038 et
1269 2011 1426 2038 extremae
1454 2003 1619 2044 voluntati,
1641 2007 1692 2053 qui
1720 2019 1754 2041 se

1014 2049 1076 2084 illic
1097 2052 1220 2098 sepeliri
1247 2052 1497 2093 deliberaverint,
1521 2054 1577 2088 nisi
1601 2054 1679 2089 sorte
1697 2069 1754 2091 ex-

1013 2102 1232 2136 communicati
1255 2102 1302 2136 vel
1326 2102 1481 2137 interdicti
1504 2104 1577 2143 sint,
1592 2106 1751 2140 autetiam

1014 2149 1139 2195 publice
1173 2152 1319 2192 usurarii,
1353 2152 1457 2186 nullus
1489 2152 1634 2187 obsistat:
1670 2155 1753 2190 salva

1014 2207 1114 2233 tamen
1138 2200 1252 2235 iustitia
1271 2201 1393 2236 illarum
1412 2201 1635 2242 Ecclesiarum,
1658 2216 1672 2237 a
1689 2205 1751 2251 qui-

1013 2247 1071 2283 bus
1090 2257 1283 2284 mortuorum
1305 2262 1433 2297 corpora
1451 2261 1664 2287 assumuntur.
1687 2254 1752 2288 De-

1012 2298 1107 2333 cimas
1140 2308 1296 2346 praeterea
1325 2308 1355 2334 et
1381 2302 1612 2347 possessiones,
1639 2302 1676 2337 ad
1704 2304 1753 2339 ius

1012 2346 1221 2382 Ecclesiarum
1237 2357 1410 2384 vestrarum
1433 2359 1620 2396 spectantes,
1642 2365 1721 2399 quae
1735 2366 1752 2388 a

1013 2397 1099 2432 laicis
1131 2397 1327 2442 detinentur,
1361 2399 1532 2434 redimendi
1559 2409 1589 2435 et
1616 2403 1752 2446 legitime

1012 2445 1162 2481 liberandi
1178 2447 1217 2482 de
1235 2448 1378 2483 inanibus
1399 2460 1518 2490 eorum,
1541 2459 1570 2484 ct
1585 2451 1621 2484 ad
1639 2451 1752 2486 Eccle-

1011 2496 1082 2536 sias‚
1109 2496 1147 2530 ad
1174 2509 1250 2544 quas
1278 2498 1446 2545 pertinent,
1468 2500 1633 2534 revocandi
1657 2501 1750 2537 libera

1011 2546 1050 2579 sit
1081 2545 1167 2580 vobis
1199 2546 1237 2581 de
1265 2556 1368 2582 nostra
1400 2549 1580 2584 auctoritate
1606 2550 1746 2585 facultas.

1010 2595 1156 2631 Obeunte
1178 2608 1249 2632 vero
1272 2605 1317 2643 te,
1344 2610 1426 2633 nunc
1447 2597 1585 2634 eiusdem
1607 2599 1666 2635 loci
1692 2601 1750 2636 ab-

1781 220 1828 244 An.
1846 220 1873 245 C.
1897 220 1957 246 1181

1794 278 1903 305 Privilegia
1910 286 1962 300 non-

1781 310 1837 330 nulla
1854 311 1960 336 elargitur.

1787 1077 1916 1100 Dioecesano
1933 1081 1953 1100 in

1793 1110 1937 1136 spiritualibus

1813 1141 1908 1167 subiicm

1783 1474 1832 1495 Sine
1893 1476 1952 1496 cuins

1770 1511 1876 1526 consensu
1912 1512 1951 1526 nec

1770 1536 1812 1556 utta
1852 1537 1953 1563 parocbia

1771 1569 1825 1588 intra
1861 1571 1951 1588 monast.

1770 1599 1863 1619 construi
1874 1599 1948 1625 possit.

1782 1669 1828 1689 Alis
1842 1668 1951 1695 privilegia

1769 1705 1850 1726 tributt.
