2180 3205
179 250 228 278 Αιι.
247 251 273 277 C.
292 252 358 278 ¹¹65

194 405 227 425 nr«
229 409 303 425 ·irt·tun
325 412 362 432 pro

179 443 205 457 ιιιι
209 443 233 456 nit
230 440 286 457 uniti
289 440 317 457 te:

196 954 244 976 Cum
298 953 366 975 solitis

182 985 364 1006 conclusionibus.

205 1847 317 1870 Alexandri
332 1845 372 1867 Pr.

197 1910 215 1925 et
236 1906 255 1924 ὲ.
284 1904 306 1924 rt.
323 1904 367 1925 Ecc

213 1936 351 1957 ‹uwdinaltum

192 1969 359 1995 subscriptiones

423 241 493 275 6941

375 305 504 339 fratrum
528 316 600 351 pars
633 302 755 337 consilii
784 301 928 344 sanioris,
951 300 1126 336 secundum

376 354 489 392 Deum
517 362 546 388 et
569 352 648 387 beati
672 351 834 387 Benedicti
863 350 1002 397 regulam
1032 361 1129 397 prae-

377 403 510 437 ιίἀιιιιιῑ
533 401 726 448 eligendum.
754 401 960 436 Decernimus
987 412 1073 445 erum
1097 406 1128 433 ut

377 452 454 486 nulli
477 452 608 486 omnino
636 451 800 485 hominum
831 450 921 484 liceat
957 449 1093 496 praefatu
1100 461 1128 482 n

377 501 602 536 monasterium
627 509 745 535 temere
773 499 968 547 perturbare,
990 506 1130 533 antenus

378 550 594 606 possessiones
608 550 743 593 auferte,
769 549 817 584 vel
839 549 958 584 ablatas
985 548 1130 591 retinere,

377 601 532 641 minuere,
565 612 620 634 seu
655 599 694 634 ab
720 599 863 634 abbatiae
889 598 1041 645 dignitate
1068 597 1132 632 de-

377 650 507 685 stituere
524 677 532 690 ‚
570 650 635 684 site
677 648 870 704 quibuslibet
914 647 1132 682 vexationibus

378 700 526 745 satigaie;
553 698 608 734 sed
633 699 736 733 onmia
760 699 878 745 integra
892 704 1131 737 conserxentur,

378 762 486 784 eoium
511 761 567 796 pro
589 761 724 796 quorum
751 748 981 795 gubernatione
1004 754 1034 782 et
1056 746 1133 780 sub-

377 798 566 834 stentatione
599 810 748 833 concessa
775 805 861 840 sunt
888 797 1001 831 usibus
1027 797 1133 831 omni-

378 848 482 884 modis
505 848 683 896 profutura:
707 847 791 883 salva
815 847 908 882 Sedis
929 845 1134 892 Apostolicae

378 898 575 954 auctoritate,
603 906 633 933 et
659 897 836 932 dioecesani
865 896 1004 943 episcopi
1038 908 1134 930 cano-

379 949 450 983 nica
487 948 616 983 iustitia.
649 947 684 982 Si
718 959 779 994 qua
808 946 902 992 igitur
930 945 960 980 in
994 945 1132 980 futurum

380 997 593 1033 ecclesiastica
627 997 835 1031 saetularisie
871 1007 1028 1042 persona
1055 994 1136 1029 hanc

381 1055 506 1082 nostrae
545 1046 779 1081 constitutionis
820 1046 966 1100 paginam
1006 1044 1135 1084 sciens

380 1104 489 1132 contra
523 1109 590 1131 eam
622 1104 740 1131 temere
779 1095 885 1129 venire
913 1094 1135 1140 temptaieiit

382 1146 524 1181 secundo
553 1146 682 1180 tertiove
708 1145 911 1184 commonita,
935 1144 992 1178 nisi
1018 1151 1135 1178 reatum

380 1208 474 1231 suum
514 1208 654 1243 congrua
693 1194 908 1229 satisfactione
942 1193 1136 1237 correxerit,

383 1245 546 1292 potestatis
572 1245 766 1292 honorisque
783 1245 831 1278 sui
851 1243 1002 1290 dignitate
1022 1251 1137 1282 careat,

383 1308 531 1343 reamque
566 1307 600 1330 se
636 1294 743 1329 divino
778 1294 895 1328 iudicio
926 1294 1062 1328 existere
1099 1293 1138 1327 de

384 1353 559 1400 perpetrata
587 1344 750 1391 iniquitate
777 1351 959 1389 cognoscat,
987 1351 1017 1377 et
1039 1355 1055 1376 a
1088 1355 1139 1377 sa-

383 1394 559 1430 cratissimo
586 1394 728 1441 Corpore
763 1401 794 1428 et
825 1393 991 1439 Sanguine
1023 1392 1079 1427 Dei
1108 1401 1139 1427 et

384 1445 513 1480 Domini
541 1443 765 1498 Redemptoris
792 1443 890 1478 nostri
918 1442 989 1477 Iesu
1020 1442 1137 1476 Chiisti

384 1494 483 1529 aliena
516 1493 591 1534 fiat,
625 1501 720 1541 atque
755 1505 786 1526 in
820 1501 960 1527 extremo
993 1492 1139 1526 examine

385 1544 544 1579 districtae
567 1543 676 1578 ultioni
704 1542 880 1583 subiaceat;
899 1542 1138 1576 cunctisautem

386 1593 490 1629 eidem
519 1594 588 1628 loco
609 1605 663 1628 sua
693 1593 757 1627 iura
785 1591 981 1626 servantibus
1015 1592 1054 1626 sit
1082 1604 1139 1638 pax

389 1643 517 1678 Domini
551 1643 649 1678 nostri
672 1642 743 1677 Iesu
771 1641 902 1686 Christi,
928 1649 1084 1688 quatenus
1110 1650 1140 1676 et

388 1694 439 1728 hic
460 1692 596 1727 fructum
625 1691 725 1726 bonae
752 1691 884 1726 actionis
903 1691 1088 1738 percipiant,
1110 1700 1140 1726 et

387 1742 471 1790 apud
484 1743 661 1777 districtum
684 1741 825 1776 Iudicem
842 1740 979 1788 praemia
996 1748 1140 1776 aeternae

389 1794 475 1840 pacis
501 1791 670 1826 inveniant.
699 1792 814 1825 Amen.

437 1842 506 1878 Eoo
528 1841 729 1876 Anam-osa
743 1839 916 1875 catholicae
932 1839 1021 1874 Eccl.
1039 1839 1138 1887 episc.

438 1892 507 1939 Ego
528 1891 672 1926 Ubaldus
693 1889 851 1925 Ostiensis
869 1889 967 1936 episc.

438 1942 507 1988 Ego
530 1940 713 1975 Bernatdus
734 1939 920 1974 Portueusis
941 1947 972 1973 et
992 1938 1026 1973 S.
1049 1938 1142 1973 Rufi-

389 2004 447 2027 nae
469 1990 568 2038 episc.

439 2041 508 2087 Ego
530 2038 710 2074 Gualterius
734 2037 924 2073 Albanensis
945 2037 1042 2084 episc.

441 2091 508 2136 Ego
529 2088 671 2124 Ubaldus
693 2087 855 2135 presbyter
876 2086 1046 2122 cardinalis
1060 2087 1139 2122 tituli

392 2140 428 2176 S
449 2139 564 2175 Crucis
585 2139 615 2172 in
637 2137 850 2172 Hierusalem.

442 2190 509 2236 Ego
532 2188 665 2223 loannes
688 2187 850 2234 presbyter
871 2186 1038 2222 cardinalis
1060 2186 1141 2222 tituli

393 2240 527 2275 Sanctae
555 2237 749 2272 Anastasiae.

443 2289 511 2336 Ego
537 2286 729 2322 Guillelmus
755 2285 859 2333 presb.
882 2285 967 2320 card.
994 2285 1074 2320 tituli
1106 2285 1140 2320 S.

395 2339 478 2374 Petri
501 2337 537 2373 ad
560 2336 706 2371 Vincula.

444 2388 513 2435 Ego
530 2387 668 2422 lacintus
689 2385 768 2420 diac.
790 2386 875 2420 card.
899 2384 945 2418 tit.
971 2384 1003 2419 S.
1027 2384 1143 2419 Mariae

396 2437 426 2472 in
453 2436 637 2472 Cosmedin.

444 2487 512 2534 Ego
538 2485 612 2521 Otto
633 2485 787 2520 diaconus
808 2483 893 2519 card.
915 2484 948 2519 S.
966 2483 1086 2518 Nicolai
1112 2484 1142 2518 in

397 2536 531 2571 Caicere
556 2535 714 2570 Tulliano.

446 2586 514 2632 Ego
534 2584 618 2620 Boso
640 2584 792 2619 diaeonus
813 2582 981 2618 cardinalis
995 2582 1045 2618 Ss.
1069 2581 1145 2618 Cos-

398 2646 467 2670 mae
475 2614 519 2670 z>et
543 2633 701 2671 Damiani.

968 248 1027 270 Bm
1031 248 1048 270 I
1051 247 1154 269 Animi
1184 245 1346 268 ROMANUM

1218 299 1284 345 Ego
1311 297 1436 333 Cintius
1457 296 1610 332 diaeonus
1624 295 1791 332 cardinalis
1807 293 1914 331 Sancti

1171 348 1311 383 Adriani.

1218 398 1286 444 Ego
1308 397 1421 432 Petrus
1447 395 1601 430 diaconus
1623 394 1789 429 cardinalis
1811 395 1918 430 Sancti

1170 446 1333 482 Eustachii
1362 446 1447 480 iuxta
1480 445 1648 492 Templum
1676 443 1845 491 Agrippae.

1219 497 1287 543 Ego
1309 495 1492 530 Manfredus
1513 494 1595 530 diac.
1624 493 1709 529 caud.
1737 493 1771 528 S.
1794 493 1920 540 Georgii

1172 546 1209 581 ad
1241 545 1350 580 Velum
1376 545 1530 579 Aureum.

1220 596 1335 631 Datum
1367 594 1451 642 apud
1479 593 1749 629 Clarummontem
1774 605 1828 639 per
1850 604 1923 626 ma—

1174 658 1249 680 num
1284 644 1459 680 Hermanni
1493 643 1527 679 S.
1566 642 1603 676 R.
1638 642 1674 677 E.
1712 642 1854 677 subdiac.
1892 649 1923 676 et

1174 704 1251 739 not„
1273 707 1338 729 xvii
1361 693 1420 728 kal.
1444 693 1516 734 iul„
1553 692 1662 726 indict.
1690 704 1768 735 xm,
1801 693 1922 727 incarn.

1174 745 1258 780 dom.
1281 756 1364 778 anno
1385 755 1513 783 ιιιεωιν,
1543 742 1743 788 pontificatus
1766 754 1839 777 vero
1866 741 1924 776 do-

1175 795 1238 829 mni
1267 793 1437 828 Alexandri
1461 792 1522 827 PP.
1546 791 1589 826 ΙΙΙ
1615 804 1699 826 anno
1721 804 1767 826 vr.

1233 855 1294 886 Dat.
1314 855 1360 886 die
1386 855 1421 885 15
1443 854 1518 884 iunii
1537 863 1614 884 anno
1642 853 1757 883 Domini
1781 853 1868 890 1165,

1422 899 1525 940 pontif.
1546 908 1621 928 anno
1639 907 1677 928 vr.

1504 1049 1593 1084 XXI.

1179 1133 1379 1178 Confirmatio
1417 1132 1566 1165 bonorum
1599 1131 1736 1164 onmia-n
1769 1131 1928 1175 pertinen-

1226 1185 1302 1215 tium
1317 1184 1359 1215 (ul
1369 1183 1586 1215 monasteriwn
1600 1182 1633 1214 S.
1648 1182 1760 1214 Saet'ni
1784 1181 1809 1213 T
1808 1181 1925 1214 arbien.

1226 1233 1367 1266 dioecesis
1390 1233 1445 1274 (l).

1447 1300 1668 1340 semianimi

1179 1377 1335 1407 Exordium
1361 1377 1441 1415 (quod
1467 1377 1624 1415 omittitur).
1645 1393 1685 1398 —
1711 1375 1788 1406 Bona
1820 1385 1927 1406 mona-

1219 1422 1302 1452 sterii
1323 1423 1485 1457 confirmat,
1507 1422 1536 1451 in
1558 1421 1666 1461 quibus
1686 1421 1813 1460 propriis
1832 1420 1929 1450 nomi-

1220 1468 1309 1497 nibus
1341 1467 1424 1506 plura
1455 1467 1503 1496 hic
1532 1470 1760 1495 enumerantur:
1790 1482 1830 1487 —
1855 1465 1929 1495 Cum

1220 1513 1284 1542 iure
1299 1513 1536 1544 deciniarum-
1549 1510 1581 1540 Et
1597 1510 1743 1540 universis
1758 1518 1834 1548 quae
1849 1510 1928 1539 idem

1219 1556 1433 1586 monasterium
1457 1555 1493 1584 ab
1511 1555 1631 1593 antiquo
1648 1555 1770 1593 pacifice
1789 1554 1928 1592 possidet.

1219 1618 1259 1623 —
1276 1601 1430 1631 Alexandri
1454 1600 1506 1630 PP.
1525 1604 1553 1629 et
1574 1600 1603 1629 S.
1626 1599 1656 1628 ll.
1682 1599 1831 1629 Ecclesiae
1852 1598 1928 1628 sub-

1222 1647 1409 1687 scriptiones

1180 1717 1333 1749 Alexander
1360 1719 1500 1755 episcopus
1519 1725 1613 1746 servus
1638 1723 1776 1746 servorum
1798 1716 1854 1749 Dei.
1887 1715 1927 1744 di·

1224 1770 1304 1798 lectis
1333 1767 1410 1802 filiis,
1441 1768 1556 1797 Deusdet
1593 1768 1678 1796 electo
1707 1766 1797 1795 sancti
1821 1765 1928 1799 savini,

1225 1821 1334 1856 eiusque
1356 1818 1490 1848 fratribus
1513 1819 1572 1846 tam
1591 1816 1778 1853 praesentibus
1796 1822 1876 1852 quam
1887 1814 1929 1844 fu-

1224 1870 1307 1903 turis.
1338 1869 1492 1905 regularem
1510 1868 1595 1896 vitam
1618 1866 1760 1903 professis.
1778 1866 1806 1894 in
1836 1872 1929 1902 perpe·

1224 1921 1311 1949 tuum.

1229 1987 1361 2030 Quoties
1387 1985 1464 2021 illud
1491 1998 1507 2021 a
1529 1985 1621 2020 nobis
1640 1984 1771 2032 petitur,
1805 1984 1928 2019 etc.1n

1181 2038 1299 2085 quibus
1314 2036 1390 2071 haec
1407 2036 1539 2083 propriis
1558 2035 1707 2070 duximus
1724 2034 1928 2081 exprimenda

1183 2086 1359 2122 ιοοιιὶιιιίι5ῑ
1387 2095 1523 2120 castrum
1554 2086 1672 2132 ipsum,
1700 2085 1732 2119 in
1758 2096 1822 2131 quo
1844 2083 1927 2118 idem

1183 2136 1405 2171 monasterium
1432 2136 1527 2170 situm
1555 2144 1612 2175 est,
1635 2134 1800 2169 ecclesiam
1819 2132 1926 2168 Sancti

1182 2186 1309 2221 Ioannis
1329 2197 1401 2221 cum
1422 2185 1493 2219 villa
1521 2184 1560 2219 de
1585 2184 1710 2219 Bencus
1735 2195 1808 2218 cum
1831 2183 1928 2230 perti-

1183 2237 1298 2271 nentiis
1320 2236 1397 2275 suis
1424 2234 1587 2269 ecclesiam
1607 2234 1716 2269 Sancti
1738 2232 1865 2268 Martini
1888 2232 1927 2267 de

1182 2286 1331 2320 Arissans
1352 2297 1424 2319 cum
1447 2284 1606 2324 omnibus,
1628 2295 1708 2330 quae
1735 2282 1813 2317 infra
1838 2282 1927 2317 eius-

1183 2336 1254 2370 dem
1283 2335 1432 2369 terminos
1462 2334 1543 2368 idem
1571 2333 1797 2368 monasterium
1824 2331 1928 2371 habet,

1183 2385 1345 2419 ecclesiam
1360 2383 1466 2418 Sancti
1484 2383 1610 2418 Martini
1631 2382 1670 2417 de
1691 2382 1842 2417 Cauteres
1856 2393 1929 2416 cum

1183 2434 1315 2473 balneis,
1348 2441 1378 2468 et
1406 2432 1560 2480 quidquid
1583 2433 1613 2466 in
1636 2431 1714 2466 valle
1736 2433 1800 2478 ipsa
1828 2431 1875 2466 vel
1897 2431 1930 2466 in

1183 2484 1309 2519 aestivis
1331 2482 1462 2523 habetis,
1493 2481 1642 2529 capellam
1664 2481 1770 2516 Sancti
1794 2480 1929 2515 Andreae

1185 2534 1223 2568 de
1244 2533 1353 2573 Solon,
1377 2531 1480 2566 villam
1495 2531 1533 2566 de
1547 2531 1687 2566 Nestalas
1702 2544 1773 2566 cum
1786 2530 1929 2566 terminis

1220 2603 1258 2639 (l)
1275 2603 1313 2630 Ex
1329 2602 1395 2630 Gall.
1413 2602 1523 2634 Christ.,
1541 2609 1624 2629 novae
1648 2601 1712 2629 edit.
1735 2604 1797 2628 tom.
1816 2608 1836 2632 ι,
1861 2600 1928 2627 inter

1163 2681 1166 2683 q
1187 2644 1310 2671 lustrum.
1330 2643 1397 2670 Eccl.
1415 2641 1550 2677 Tarbien.³
1568 2649 1639 2668 num.
1658 2648 1716 2668 viu.

1974 2000 2092 2023 Exordium.

1957 2141 2013 2162 Bona
2051 2147 2126 2162 mona-

1942 2172 2125 2197 sieriicontirmai.

1942 2210 1962 2224 ιιι
1977 2203 2052 2231 quibus
2074 2209 2126 2230 pro-

1943 2235 1994 2262 priis
2006 2234 2125 2255 nominihus

1942 2266 2002 2293 plura
2017 2265 2050 2286 hle
2070 2270 2126 2286 enu-

1942 2301 2063 2318 mei-autur:
