2180 3205
201 227 249 254 Au.
269 229 295 255 C.
318 231 382 258 ww)

238 332 342 361 Prospera

204 368 280 384 cuncta
295 367 373 386 omina-

267 398 307 416 turi

447 222 518 255 508

396 287 462 320 auri
490 286 581 320 annis
602 287 733 334 singulis
754 288 898 324 Romano
921 289 1062 328 Pontifici
1082 303 1149 338 per-

395 340 530 374 solvatis.
567 341 632 374 Nos
659 343 781 389 itaque,
804 344 879 390 qui,
915 345 985 380 licet
1009 347 1146 394 indigni,

395 394 474 428 beati
497 395 579 429 Petri
603 395 671 429 loco
691 396 828 431 residere
841 399 1066 446 conspicimur,
1084 411 1144 437 tam

393 455 422 480 te
445 460 537 494 qnam
563 447 643 482 lilios
665 456 735 483 tuos
758 458 788 484 et
809 462 1007 488 successores
1027 464 1146 491 vesti-os

392 502 470 535 intra
501 501 651 536 haeredes
684 503 783 548 ipsius
815 502 1031 552 apost‘olorum
1059 511 1145 556 prin-

391 555 480 600 cipis,
505 557 572 603 ipso
595 556 774 599 adiuvante,
797 561 1004 607 suscipimus,
1029 573 1060 598 ut
1076 565 1144 599 eius

390 607 613 644 benedictione
636 619 665 645 et
694 613 906 659 protectione,
934 624 994 650 tam
1022 619 1143 653 anima-

391 675 458 696 rnin
482 676 575 710 quam
599 677 766 711 corporum
798 669 950 703 mancatis
990 683 1140 719 perquam

388 716 428 750 ab
456 716 590 752 hostium
620 720 788 754 visibilium
812 729 843 755 et
866 722 1070 760 invisibilium
1087 739 1142 762 ex-

389 773 580 818 pugnatione
603 773 737 818 defensi,
764 782 794 809 et
814 775 853 810 ad
875 778 1021 812 coelestia
1044 792 1140 827 regna

387 827 560 872 pervenire,
580 827 733 875 largiente
755 828 903 871 Domino,
928 832 1066 868 valeatis.

434 879 549 916 Datum
578 882 721 917 Laterani
749 884 894 920 kalendis
917 887 989 921 maii
1013 891 1069 931 (l).

612 939 715 971 Datum
736 942 783 971 die
803 942 815 971 1
842 944 921 973 maii.

419 1014 458 1051 (t)
478 1015 552 1043 Libet
568 1016 610 1044 hic
625 1018 756 1046 subiicere
777 1020 905 1055 Alphonsi
923 1022 1001 1057 regis,
1018 1031 1097 1059 quem
1114 1025 1139 1051 in

382 1060 466 1087 allatis
482 1061 554 1088 Lucii
566 1061 647 1089 literis
664 1063 738 1090 ducis
753 1066 859 1092 nomine
874 1068 1058 1095 tantummodo
1071 1077 1139 1095 nuu-

382 1109 508 1139 cupatum
529 1105 649 1140 legimus,
675 1109 830 1144 epistolam,
849 1119 900 1145 qua
925 1120 1034 1146 regnum
1060 1122 1138 1142 suum

382 1148 515 1177 Romanae
528 1151 656 1180 Ecclesiae
673 1154 843 1182 tributarium
855 1157 1002 1190 constituit,
1020 1162 1044 1185 et
1058 1167 1137 1194 quam

382 1194 462 1221 refert
479 1195 599 1222 Baluzius
615 1196 672 1224 loco
688 1199 745 1224 cit.:
765 1200 844 1226 Lucio
855 1202 973 1229 secundo
987 1202 1138 1238 Alphonsus

381 1246 428 1265 rex
443 1240 655 1274 PortugallensiS,
672 1242 760 1269 clares
772 1246 844 1278 regni
861 1245 996 1273 coelorum
1019 1248 1046 1274 Β.
1062 1250 1137 1277 Petro

380 1290 394 1310 a
411 1283 522 1311 Domino
542 1289 633 1313 nostro
654 1287 712 1313 Iesu
730 1288 835 1316 Christo
852 1297 991 1319 concessas
1017 1301 1074 1320 esse
1092 1303 1136 1321 re-

378 1335 548 1362 cognoscens,
570 1331 656 1365 ipsum
679 1336 823 1366 patronum
846 1337 872 1360 et
887 1335 1049 1364 advocatum
1065 1334 1135 1374 apud

379 1371 464 1399 Deum
489 1374 696 1408 omnipotentem
724 1376 820 1404 babere
845 1377 984 1414 disposui,
1012 1386 1039 1408 ut
1066 1387 1091 1410 et
1112 1385 1136 1411 in

378 1416 432 1444 vita
445 1419 575 1451 praesenti
592 1426 669 1453 opem
687 1419 755 1447 illius
770 1425 796 1448 et
807 1423 945 1450 consilinm
960 1426 984 1452 in
1003 1428 1067 1454 meis
1084 1437 1135 1465 op-

377 1460 587 1495 portunitatibus
615 1463 738 1495 sentiam,
765 1469 791 1491 et
811 1466 844 1492 ad
870 1470 984 1501 praemia
1006 1471 1136 1500 felicitatis

377 1510 500 1533 aeternae
516 1507 597 1541 ipsius
612 1508 818 1544 suffragantibus
835 1513 935 1540 meritis
957 1515 1057 1542 valeam
1075 1526 1136 1551 per-

378 1551 477 1578 venire.
497 1551 627 1585 Quocirca
643 1561 690 1587 ego
706 1554 869 1589 Alphonsus,
894 1558 939 1584 Dei
965 1561 1048 1594 gratia
1072 1563 1136 1589 Por-

378 1595 529 1629 tugallensis
555 1604 612 1628 rex,
632 1605 680 1632 per
708 1606 815 1626 manum
844 1600 945 1629 domini
970 1605 1002 1631 G.
1029 1605 1134 1635 diaconi

377 1639 528 1671 cardinalis,
555 1641 722 1674 Apostolicac
753 1642 829 1670 Sedis
855 1644 948 1680 legati,
975 1648 1082 1678 domino
1109 1655 1135 1678 et

377 1684 445 1719 patri
472 1693 530 1711 meo
558 1686 642 1720 Papae
667 1687 823 1716 Innocentio
843 1690 992 1720 hominium
1018 1689 1081 1727 feci,
1108 1702 1134 1723 et

377 1731 475 1755 terram
494 1737 602 1764 quoque
619 1738 703 1758 meam
720 1732 796 1760 beato
815 1734 892 1762 Petro
908 1740 934 1763 et
949 1743 1058 1766 sanctae
1076 1740 1133 1768 Ro-

375 1781 469 1800 manae
488 1774 620 1802 Ecclesiae
635 1776 717 1803 offero
739 1778 790 1805 sub
806 1786 895 1807 annuo
919 1789 1000 1809 censu
1018 1788 1135 1818 quatuor

375 1819 514 1845 unciarum
530 1820 598 1852 auri,
625 1828 655 1846 ea
677 1821 799 1849 videlicet,
815 1824 968 1853 conditione
987 1830 1014 1853 et
1032 1831 1132 1861 tenore,

378 1866 518 1895 utomnes,
539 1865 584 1899 qui
603 1868 700 1892 teri-am
717 1875 802 1894 meam
813 1873 874 1904 post:
888 1870 1027 1898 decessum
1045 1881 1134 1901 meum

376 1910 521 1940 tenuerint,
541 1909 665 1936 cumdem
682 1918 791 1938 censum
807 1915 944 1941 annuatim
965 1915 1043 1943 beato
1058 1918 1134 1945 Petro

376 1952 496 1985 solvant;
522 1957 548 1979 et
567 1962 625 1989 ego,
647 1958 782 1991 tamquam
810 1959 937 1994 proprius
965 1961 1040 1987 miles
1065 1961 1133 1989 beati

377 1996 445 2023 Petri
463 2001 488 2024 et
506 1998 616 2025 Romani
634 1999 777 2033 Pontiticis,
797 2005 849 2028 tam
869 2003 894 2029 in
912 2011 953 2030 me
967 2004 1035 2040 ipso,
1052 2014 1133 2040 quam

377 2041 402 2067 in
420 2046 490 2068 terra
513 2050 588 2075 mea,
611 2044 652 2071 vel
679 2044 705 2071 in
726 2045 757 2071 iis
773 2046 869 2079 etiam,
893 2055 962 2082 qnae
987 2049 1018 2075 ad
1043 2050 1132 2086 digni-

377 2088 457 2112 tatem
477 2091 503 2112 et
521 2085 649 2114 honorem
675 2097 747 2116 meae
771 2093 869 2123 terrae,
885 2099 915 2118 ac
937 2094 1016 2120 etiam
1039 2095 1132 2123 desen-

377 2129 477 2156 sionem
503 2133 529 2156 et
548 2131 671 2159 solatium
689 2134 858 2169 Apostolicae
877 2137 953 2164 Sedis
970 2139 1089 2173 habeam,
1107 2145 1134 2168 et

378 2173 475 2200 nullam
492 2178 694 2209 potestationem
711 2179 821 2207 alicuius
842 2182 1013 2210 ecclesiastici
1039 2193 1132 2212 saecu-

377 2216 474 2244 larisve
494 2218 621 2253 dominii,
644 2221 692 2248 nisi
719 2226 821 2251 tantum
845 2227 1012 2261 Apostolicae
1037 2230 1132 2263 Sedis,

379 2262 420 2287 vel
440 2270 453 2288 a
471 2262 551 2290 latere
568 2266 652 2300 ipsius
674 2268 755 2300 missi,
784 2278 910 2306 umquam
932 2273 958 2300 in
984 2276 1054 2301 terra
1075 2284 1132 2303 mea

379 2307 519 2341 recipiam,
541 2309 607 2336 sacta
628 2311 768 2340 oblationis
792 2319 818 2342 et
846 2316 1008 2345 fortitudinis
1029 2319 1131 2353 charta,

379 2350 438 2377 idus
453 2352 603 2381 decembris
618 2364 678 2383 aera
695 2366 817 2386 tucmtxx.
833 2361 887 2396 Ego
902 2363 1072 2398 supradictus
1086 2367 1133 2393 At-

378 2394 498 2430 phonsus
525 2399 727 2435 Portugaltensis
758 2413 804 2432 rex
830 2406 897 2434 lianc
925 2408 1045 2436 chartam
1076 2410 1132 2438 fieri

378 2439 445 2485 ipse,
463 2444 488 2467 et
503 2441 592 2468 libenti
612 2447 804 2478 aiiimo„coram
822 2451 923 2479 idoneis
940 2454 1052 2481 testibus
1068 2464 1132 2491 pro-

379 2489 436 2516 pria
463 2491 541 2511 manu
564 2487 703 2517 confirmo.
734 2493 787 2527 Ego
813 2495 924 2523 loannes
945 2497 1132 2527 Bran-barensis

379 2527 521 2562 episcopus
536 2531 672 2560 contii-mo.
691 2536 745 2571 Ego
756 2538 784 2563 B.
803 2539 1010 2568 conimbriensis
1025 2543 1132 2577 episco-

379 2572 584 2643 pusficonfirmo.
596 2577 649 2611 Ego
667 2580 759 2607 Petrus
776 2582 979 2618 Portugallensis
989 2587 1131 2623 episcopu:

379 2622 429 2643 con
450 2625 518 2645 rmo.

993 236 1092 259 BULLA
1098 237 1129 259 tu
1136 237 1181 260 ΗΜ
1207 237 1370 261 ROMANFM

1445 382 1540 413 PAPA
1564 383 1681 414 CLXVI!

1227 447 1316 480 Anno
1342 459 1432 481 aerae
1459 447 1573 481 Christi
1597 460 1704 482 comm.
1735 448 1896 483 MCXLV.

1187 527 1318 604 Petrus
1341 570 1530 615 Bernartius,
1555 571 1682 606 natione
1703 571 1849 612 Pisanus,
1873 584 1939 607 mo·

1185 619 1303 655 naclins
1325 621 1557 664 cisterciensis,
1583 629 1614 656 et
1635 620 1731 656 abbas
1753 621 1936 656 monasterii

1183 669 1233 705 Ss.
1262 669 1418 704 Vincentii
1446 678 1476 705 ct
1499 670 1656 705 Anastasii
1679 670 1718 705 ad
1740 671 1848 718 Aquas
1863 669 1936 705 Sal-

1185 720 1259 762 vias,
1292 719 1412 754 electus
1445 728 1492 755 est
1519 719 1682 755 Romanus
1715 719 1876 763 Pontifex,
1904 727 1935 755 et

1184 770 1214 803 in
1230 769 1412 816 Apostolica
1435 769 1518 804 Sede
1540 769 1713 804 collocatus
1738 768 1790 804 die
1809 771 1854 803 27
1882 768 1935 804 fe-

1183 818 1298 853 bruarii
1325 821 1430 859 1145,
1449 829 1478 853 et
1496 819 1660 865 Eugenius
1675 819 1786 853 tertius
1808 831 1934 854 nuncu-

1183 877 1283 913 patus,
1311 868 1561 903 Arnaldistarum
1584 876 1762 903 senatorum
1786 880 1932 916 perversa

1182 918 1305 964 fugiens
1326 918 1468 958 consilia,
1503 927 1704 953 consecratus
1735 926 1783 952 est
1805 918 1834 952 in
1861 931 1932 953 mo-

1181 968 1315 1002 nasterio
1337 967 1494 1008 Farfensi,
1527 967 1557 1001 in
1580 967 1709 1002 Sabinis
1737 967 1850 1014 posito,
1879 968 1932 1003 die

1179 1019 1200 1050 4
1226 1017 1342 1061 martii,
1360 1029 1421 1064 qna
1442 1016 1563 1051 Romae
1589 1017 1766 1051 consecrari
1782 1015 1928 1052 debebat.

1179 1065 1269 1101 Sedit
1297 1067 1327 1100 in
1356 1067 1541 1113 pontificatu
1562 1078 1662 1101 annos
1678 1078 1747 1107 vui,
1770 1078 1870 1101 mens.
1885 1078 1930 1108 lv,

1180 1116 1246 1150 dies
1267 1128 1298 1160 x,
1326 1116 1567 1162 imperantibus.
1591 1115 1620 1149 in
1640 1115 1770 1150 Oriente
1783 1115 1931 1151 Manuete

1179 1165 1356 1204 comneno,
1385 1167 1415 1200 in
1437 1165 1612 1200 Occidente
1635 1177 1706 1200 vero
1723 1164 1869 1201 Conrado
1885 1165 1930 1200 ΙΙΙ

1179 1228 1252 1249 mox
1273 1214 1437 1250 Friderico
1463 1215 1488 1255 l,
1516 1227 1608 1262 quem
1632 1214 1853 1249 AEnobarbum
1872 1227 1929 1250 vo-

1179 1273 1261 1299 cant.
1285 1264 1372 1299 Fecit
1393 1265 1607 1300 ordinationes
1628 1276 1684 1311 per
1710 1276 1851 1299 mensem
1872 1264 1929 1300 de-

1178 1314 1350 1357 cembrem,
1366 1314 1396 1348 in
1410 1314 1526 1361 quihus
1544 1314 1694 1349 diaconos
1708 1314 1830 1357 decem,
1845 1326 1930 1361 pres-

1179 1364 1302 1411 byteros
1335 1363 1497 1401 undecim,
1525 1372 1555 1398 et
1577 1364 1744 1410 episcopos
1766 1364 1928 1410 sexaginta

1179 1425 1275 1448 nuum
1304 1414 1430 1448 creavit.
1471 1412 1647 1448 Defunctus
1677 1420 1724 1447 est
1756 1413 1839 1459 apud
1872 1413 1929 1448 Ti-

1178 1463 1236 1497 bur
1258 1465 1301 1506 (1)
1333 1463 1384 1497 (lie
1411 1471 1519 1498 octava
1555 1463 1630 1497 iunii
1656 1464 1762 1506 1155,
1794 1471 1824 1497 et
1854 1462 1930 1498 inde

1179 1524 1233 1559 per
1259 1520 1386 1546 stratam
1411 1512 1580 1558 publicam,
1602 1521 1633 1547 et
1649 1511 1784 1547 mediam
1804 1511 1927 1554 urbem,

1176 1570 1268 1609 atque
1296 1561 1326 1596 in
1356 1561 1552 1602 Vaticanum,
1575 1574 1646 1596 cun]
1671 1562 1767 1596 totius
1796 1561 1869 1596 cleri
1898 1569 1930 1596 et

1178 1611 1284 1658 populi
1309 1612 1427 1646 romani
1454 1611 1705 1658 frequentissima
1729 1611 1831 1651 turba,
1854 1623 1929 1646 ma-

1176 1661 1260 1695 ximo
1291 1660 1393 1700 luctu,
1427 1661 1654 1708 communique
1687 1661 1830 1695 omnium
1863 1661 1928 1696 im-

1177 1722 1283 1744 mensa
1312 1710 1434 1745 tristitia
1459 1711 1641 1757 deportatus
1663 1718 1721 1754 est,
1744 1718 1774 1745 et
1805 1710 1835 1744 in
1859 1710 1927 1758 ipsa

1176 1759 1212 1794 B.
1229 1759 1314 1793 Petri
1343 1759 1475 1795 ecclesia
1503 1772 1607 1794 coram
1631 1760 1741 1795 maiori
1767 1759 1856 1794 altari
1875 1768 1929 1795 tu-

1176 1810 1322 1844 mulatus.
1345 1809 1416 1844 Non
1438 1810 1555 1844 vacavit
1577 1810 1680 1845 sedes.

1539 1986 1563 2021 Ι.

1177 2062 1378 2107 Confirmatio
1400 2063 1637 2108 privilegiorum
1657 2076 1677 2098 α
1699 2065 1844 2099 Conrado
1871 2066 1928 2102 111

1223 2113 1353 2157 aliisque
1379 2113 1500 2156 reqi'bus
1537 2120 1564 2146 et
1598 2114 1831 2158 imperatoribus
1862 2116 1928 2150 Ut-

1223 2162 1400 2196 trat'eccinae
1423 2163 1574 2196 Ecclesiae
1594 2175 1803 2198 concessorum
1823 2167 1878 2208 (2).

1442 2244 1657 2276 SUMMARIUM

1173 2309 1299 2341 conradi
1330 2312 1407 2350 regis
1433 2311 1468 2341 ad
1489 2311 1652 2350 Eugenium
1668 2311 1923 2354 PP.supplicatio.

1212 2372 1252 2377 —
1265 2354 1363 2385 Tenui·
1378 2356 1521 2394 privilegii
1538 2357 1672 2387 eiusdem
1690 2358 1834 2396 regis;—-
1847 2358 1924 2391 lllud

1213 2399 1362 2438 Eugenins
1389 2400 1442 2430 PP.
1468 2410 1534 2431 cuin
1557 2402 1682 2431 caeteris
1704 2403 1844 2433 omnibus
1863 2405 1924 2443 pri-

1213 2444 1329 2482 vilegiis
1341 2445 1503 2483 confirmat;
1514 2446 1713 2486 —Appositis
1729 2447 1823 2478 solitis
1839 2448 1922 2479 clau-

1213 2488 1298 2518 sulis.

1208 2553 1247 2589 (t)
1263 2554 1298 2581 Ut.
1313 2554 1375 2589 legit
1392 2555 1520 2583 Baronius
1535 2557 1560 2584 in
1577 2557 1661 2584 veteri
1676 2557 1768 2585 codice
1779 2558 1922 2588 Bibliothe-

1171 2601 1217 2620 cae
1235 2594 1382 2622 Vaticanae.
1423 2596 1462 2631 (2)
1482 2597 1572 2624 Edidit
1587 2598 1711 2632 Miraeus,
1728 2599 1815 2634 Opera
1826 2600 1921 2636 Diplo·

1171 2636 1248 2666 mat„
1261 2637 1323 2662 tom.
1337 2643 1357 2668 ι,
1374 2643 1431 2671 pag.
1454 2636 1513 2663 552.
1871 2649 1874 2651 ·

1955 238 2005 266 An.
2024 237 2051 263 C.
2072 235 2138 264 ΗΙΔΒ
