2180 3205
30 262 78 290 Λιι.
98 260 126 288 C.
146 260 212 288 108⁴)

47 1210 170 1232 Adher-tatio
181 1211 207 1231 ad

27 1243 68 1261 σος.
78 1237 153 1264 quibus
167 1238 207 1258 hae

27 1264 86 1285 datae
101 1266 148 1284 sunt
162 1264 207 1284 iite-

26 1296 74 1313 τηε,
89 1291 115 1311 ad
133 1296 208 1316 prolu-

26 1317 109 1338 randam
116 1317 196 1337 'rarae-1
201 1328 206 1332 -

134 1343 207 1364 Eccle-

25 1370 68 1391 uiae
89 1370 208 1391 restitutio-

25 1401 78 1419 nem.

32 1343 100 1364 nensis

883 256 1028 281 ttttnttxt‘s
1056 255 1077 277 li
1107 255 1153 277 Μ’.

245 313 408 350 devotione
436 319 466 348 ct
487 312 592 347 labore
612 312 747 346 maximo
769 311 806 346 ad
829 311 990 359 apostolo-

242 376 311 398 rum
340 363 447 397 limina
475 362 619 402 veniens,
647 362 700 396 diu
730 362 895 396 nobiscum
925 373 992 395 mo-

241 421 327 448 ratus
348 420 412 452 est,
440 411 531 446 cuius
559 423 615 446 uos
639 411 820 457 prudentia,
847 419 878 445 et
900 410 991 445 honis

241 461 396 501 moribus,
420 468 452 496 ut
475 460 605 507 dignum
629 469 686 499 est,
714 460 871 504 delectati,
894 459 991 507 priri-

241 511 332 557 legia,
351 510 468 557 quibus
489 522 556 553 sua,
579 509 724 544 videlicet
745 509 990 544 'l'arracouensis

239 560 379 596 Ecclesia
408 572 462 606 per
489 559 662 594 Romanam
682 558 854 593 Ecclesiam
877 558 989 593 donata

239 617 298 653 est,
321 609 490 655 diligenter
525 609 740 653 inspeximus,
776 617 806 642 et
832 608 917 654 quod
951 607 987 641 ad

241 671 298 694 nos
320 667 378 703 est,
397 658 540 693 eamdem
563 657 737 692 Ecclesiam
754 665 818 691 tum
845 670 899 704 pro
914 669 989 691 sau-

240 716 363 743 ctorum
406 707 601 750 reverentia,
636 716 700 740 tum
743 719 798 753 pro
840 706 987 753 praedicti

238 757 342 792 fratris
377 757 473 792 nostri
513 755 701 799 dilectione,
739 764 831 802 prout
872 755 988 790 iustitia

237 806 393 853 exegerit,
421 806 576 841 honorare
603 812 633 839 et
668 805 803 839 exaltare
831 812 986 851 optamus.

237 856 318 898 Quia
341 855 435 902 igitur
457 854 630 901 corporalia
658 854 886 901 spiritualibus,
915 862 989 889 tem-

238 905 355 952 poralia
382 903 605 947 aeternalibus,
632 903 830 944 caelestibus,
858 904 987 949 dignum

238 962 296 998 est,
320 954 475 989 terrestria
499 953 659 993 famulari,
688 953 850 988 hortamur
871 961 900 988 et
924 953 988 987 ob-

237 1016 398 1039 secramus
422 1003 452 1038 in
466 1003 603 1038 Domino
621 1001 820 1049 prudentiam
841 1011 986 1047 vestram,

237 1061 271 1088 ut
299 1065 422 1088 summa
457 1064 517 1100 ope
558 1052 700 1086 nitamini
741 1052 987 1086 Tarraconensis

237 1101 325 1138 urbis
351 1109 466 1136 statum
489 1109 619 1136 eatenus
641 1114 796 1148 reparare,
831 1111 988 1148 quatenus

238 1151 279 1186 ibi
323 1151 470 1186 cathedra
503 1150 611 1186 haberi
656 1151 753 1197 possit
788 1151 986 1198 episcopalis.

237 1200 337 1236 Vobis
358 1213 433 1247 ergo
460 1200 490 1234 in
520 1200 743 1247 poenitentiam
771 1208 987 1246 peccatorum-

237 1262 298 1298 que
325 1250 542 1284 remissionem
566 1249 766 1289 mandamus,
791 1257 824 1283 ut
849 1249 986 1296 potentia

237 1308 268 1334 et
294 1299 411 1334 divitiis
445 1300 555 1333 vestris
588 1299 616 1332 in
647 1299 874 1333 restitutionem
903 1299 987 1333 eius-

237 1349 308 1384 dem
323 1348 486 1383 Ecclesiae
501 1347 704 1382 devotissime
725 1356 755 1382 et
778 1348 987 1382 intentissime

237 1397 407 1433 desudetis.
430 1397 483 1432 Eis
505 1405 626 1437 autem,
654 1397 707 1444 qui
735 1397 781 1431 vel
812 1397 841 1430 in
865 1397 987 1431 Hieru-

238 1447 335 1483 salem
375 1446 423 1481 vel
463 1447 495 1480 in
529 1454 633 1494 partes
667 1447 742 1481 alias
777 1446 987 1493 poenitentiae

238 1497 353 1544 spiritu
375 1495 423 1530 vel
445 1495 622 1531 devotionis
646 1495 717 1530 ituri
745 1504 837 1537 sunt,
869 1495 986 1530 suade-

239 1558 320 1587 mus,
343 1553 438 1580 totam
454 1545 537 1580 illam
560 1545 627 1580 viae
649 1554 677 1579 et
699 1553 844 1592 sumptus
859 1557 985 1592 operam

239 1594 429 1631 restitutioni
463 1595 624 1629 Ecclesiae
655 1594 900 1629 Tarraconensis
927 1594 987 1628 im-

240 1644 392 1692 pendere:
416 1651 572 1691 quatenus
593 1644 764 1678 auxiliante
788 1643 935 1687 Domino,
957 1653 987 1678 et

238 1693 385 1729 cathedra
413 1693 488 1728 inibi
515 1701 582 1728 tuto
609 1693 761 1728 habeatur
786 1693 986 1739 episcopalis,

1672 241 1739 273 ’125

1035 309 1121 355 gai-io
1142 308 1225 355 pallii
1249 307 1430 354 dignitatem
1450 306 1592 342 conferre
1616 318 1676 341 non
1696 318 1787 352 prac-

1035 359 1255 396 termittemus,
1280 366 1371 404 prout
1407 369 1516 391 mereri
1552 357 1655 391 studia
1684 364 1785 391 vestra

1035 407 1224 442 videbimus.
1248 407 1363 441 lterum
1394 406 1570 453 iterumque
1595 418 1658 441 vos.
1683 406 1785 439 caris-

1033 457 1101 491 simi
1119 457 1184 496 titii,
1207 457 1426 495 admonemus,
1451 465 1481 490 ut
1498 457 1621 490 fratrem
1640 464 1782 489 nostrum

1034 506 1258 553 Berengarinm
1298 505 1327 539 iu
1365 505 1593 539 restitutionem
1629 504 1785 539 Tarraco-

1033 556 1139 589 nensis
1172 555 1332 589 Ecclesiae
1360 555 1531 595 adiuvetis3
1564 562 1721 600 quatenus
1753 562 1784 588 et

1034 605 1063 639 in
1087 604 1241 651 praesenti
1265 604 1409 650 gloriam,
1435 612 1462 636 et
1492 603 1521 636 in
1552 604 1655 637 futuro
1687 605 1780 637 vitam

1033 654 1212 701 percipiatis
1234 662 1403 687 aeternam.
1437 652 1536 687 l'orro
1564 653 1588 686 si
1615 660 1722 687 noster
1743 653 1780 686 ad

1032 716 1085 738 vos
1104 703 1222 750 legatus
1245 703 1382 737 Domino
1404 709 1562 736 aunuente
1590 703 1782 747 pervenerit,

1031 753 1058 787 ei
1089 765 1144 799 pro
1173 752 1266 787 Sedis
1299 750 1500 797 Apostolicae
1528 752 1699 785 reverentia
1727 751 1782 785 de-

1033 801 1127 836 bitam
1151 802 1362 835 obedientiam
1392 800 1541 834 exhibere
1563 809 1679 834 curate.
1716 800 1782 834 Da-

1031 859 1095 885 tum
1120 851 1238 885 Romae
1261 850 1321 885 kal.
1345 850 1409 883 iulii
1431 861 1485 896 per
1501 861 1611 883 manus
1635 849 1782 883 Iohannis

1030 901 1165 935 Sanctae
1195 901 1354 935 Romanae
1376 898 1537 933 Ecclesiae
1566 899 1687 932 diaconi
1712 911 1782 932 car-

1030 949 1157 990 dinalis,
1186 957 1216 984 et
1235 948 1423 985 cancellarii,
1445 960 1528 983 anno
1555 948 1695 982 secundo
1717 947 1781 981 do—

1031 1000 1105 1033 miui
1128 999 1247 1033 Urbani
1280 998 1385 1045 Papae
1418 997 1456 1039 lt,
1493 997 1664 1032 indictione
1699 997 1782 1032 duo-

1030 1049 1163 1084 decima.

1116 1105 1178 1135 Dat.
1196 1105 1243 1135 die
1263 1105 1276 1134 rl
1298 1104 1361 1134 iulii
1382 1113 1458 1133 auno
1476 1103 1590 1133 Domini
1612 1104 1697 1140 1089,

1215 1144 1318 1184 pontis.
1340 1143 1448 1174 Urbani
1467 1153 1543 1173 anno
1566 1152 1594 1173 11.

1382 1266 1434 1301 tv.

1030 1340 1230 1385 Confirmatio
1256 1339 1399 1373 Bai-ensis
1420 1339 1708 1383 archiepiscopatus,
1731 1340 1780 1370 lm-

1078 1402 1244 1434 nmwnque
1275 1391 1318 1423 ad
1354 1401 1420 1422 eam
1453 1389 1620 1422 Ecclesiam
1646 1395 1781 1432 spectan-

1078 1440 1153 1472 tium
1177 1442 1238 1481 (sl).

1296 1506 1511 1538 SUMMARIUM

1028 1565 1105 1596 Eccl.
1122 1565 1260 1596 Rarensis
1277 1574 1398 1604 corpore
1412 1564 1441 1594 Β,
1454 1564 1564 1594 Nicolai
1581 1564 1726 1594 decorata.
1742 1581 1781 1588 —

1069 1606 1202 1636 Urbanus
1222 1605 1275 1635 ΡΙ).
1295 1606 1324 1634 in
1342 1605 1479 1644 Apuliam
1505 1604 1624 1634 veniens
1646 1621 1685 1626 —
1706 1604 1780 1634 Cor-

1068 1656 1122 1685 pus
1141 1646 1217 1675 idem
1246 1645 1363 1675 Barium
1383 1644 1557 1674 translatum
1577 1645 1723 1679 recondit,
1753 1649 1781 1674 et

1066 1687 1238 1725 episcopum
1261 1694 1313 1714 sua
1333 1694 1420 1714 mauu
1440 1688 1603 1714 consecrat.
1634 1700 1675 1705 —
1702 1683 1779 1713 Bona

1067 1727 1102 1755 ad
1128 1725 1274 1755 Barenses
1297 1725 1451 1763 episcopos
1477 1723 1639 1762 spectantia
1668 1724 1779 1753 contir-

26 1759 119 1807 mffiffis
131 1766 208 1807 {2:³12}ss
237 1752 268 1778 et
294 1751 408 1798 enims.
425 1743 548 1783 eadem'
582 1744 813 1778 baracenfflum
844 1751 986 1797 OPPOSQ
1068 1770 1194 1795 mantur.
1210 1782 1250 1787 —
1264 1764 1344 1800 Quae
1363 1765 1422 1793 sint
1436 1764 1511 1808 b-ona
1529 1763 1710 1807 huiusmodi,
1728 1773 1780 1792 seu

26 1812 207 1843 ῑιιᾱιιιιμιιιῑηωη-Δ
239 1792 376 1839 popum,
402 1805 432 1826 ¹1¹
458 1804 583 1826 murum
612 1801 642 1826 θῑ
669 1793 864 1826 ἎΠῙΘΠΠΗἮῘΕ
892 1791 986 1826 Cim·
1067 1806 1153 1834 etiam
1170 1805 1318 1834 Ecclesiae
1338 1803 1457 1833 Barensi
1477 1803 1638 1832 subiectae.
1665 1819 1705 1824 —
1726 1802 1781 1832 De-

26 1839 208 1887 }{d'ffihaffl'mfss
237 1841 338 1876 sticoli
363 1841 469 1888 populi
492 1841 688 1876 celebretur:
708 1841 823 1888 quibus
841 1841 985 1875 eamdem
1068 1850 1181 1874 cretum
1199 1844 1455 1874 immunitatis.—
1472 1842 1599 1887 Pallium
1617 1841 1715 1871 Heliae
1734 1851 1781 1871 ar-

26 1897 111 1918 rergoeo
128 1896 140 1913 ·.
237 1902 275 1925 ex
301 1889 358 1925 Dei
387 1891 599 1925 misericordia
635 1891 861 1936 indulgentiam
893 1890 987 1936 pom-
1067 1885 1163 1954 pllgip'p.
1182 1884 1363 1914 conceditur.
1382 1900 1422 1905 —
1439 1883 1609 1912 Adhortatio
1632 1882 1668 1911 ad
1691 1891 1778 1911 eum-

224 1951 357 1984 aeeinur,
378 1952 473 1986 quam
497 1948 762 1986 promererentur,
785 1941 809 1973 si
834 1942 864 1973 in
887 1939 987 1974 dictae

238 1991 304 2023 viae
331 1989 542 2036 prolixitatem
575 1991 745 2035 explerent.
788 1988 851 2023 Nos
885 1989 987 2034 siqui-

238 2037 324 2082 dem,
346 2038 371 2072 si
387 2045 507 2072 vestrae
521 2037 621 2072 bonae
639 2038 806 2072 voluntatis
828 2038 986 2078 effectum,

238 2094 268 2121 et
296 2087 445 2122 ferventis
472 2087 567 2121 studii
603 2087 838 2121 solicitudinem
862 2099 986 2131 coguo-

238 2136 389 2179 verimus,
413 2136 572 2182 praedicto
596 2136 680 2170 fratri
709 2144 828 2179 nostro,
855 2144 885 2169 et
910 2135 988 2169 Tar-

238 2185 402 2220 raconensi
429 2185 603 2228 Ecclesiae,
639 2198 719 2231 quae
753 2185 790 2219 ad
825 2184 985 2229 antiquam

239 2234 309 2269 eius
345 2234 528 2280 dignitatem
577 2243 738 2280 spectant,
781 2233 987 2267 libentissime

238 2283 471 2329 impendemus,
505 2291 535 2317 et
561 2283 733 2329 corporalia
769 2290 868 2316 vestra
894 2282 988 2327 spiri-

1027 1986 1148 2014 urbanus
1167 1984 1307 2021 episcopus
1326 1991 1421 2012 servus
1440 1990 1578 2012 servorum
1593 1983 1648 2016 Dei,
1669 1983 1779 2011 carissi·

1072 2037 1114 2058 mo
1133 2029 1218 2058 fratri
1228 2029 1317 2057 Heliae
1328 2029 1530 2064 archiepiscopo
1546 2028 1663 2056 satutem
1679 2029 1706 2056 et
1717 2034 1779 2063 apo·

1073 2075 1199 2103 stolicam
1223 2073 1445 2102 benedictionem.

1076 2138 1159 2179 Quia
1199 2137 1314 2172 nostris
1354 2135 1547 2183 temporibus
1582 2134 1778 2175 Ecclesiam,

1028 2199 1122 2233 quam
1150 2187 1217 2220 Deo
1247 2193 1374 2220 auctore
1396 2186 1495 2230 regis,
1532 2184 1626 2219 frater
1659 2184 1779 2218 charis-

1028 2238 1118 2274 sime,
1144 2235 1314 2270 Barensem
1343 2237 1436 2281 (quae
1464 2233 1625 2268 Canusina
1647 2232 1776 2275 dicitur)

1029 2285 1229 2331 omnipotens
1265 2284 1351 2318 Deus
1396 2283 1476 2317 beati
1509 2282 1697 2316 confessoris
1731 2281 1778 2316 sui

1805 259 1854 286 An.
1874 258 1903 287 C.
1921 258 1989 287 ¹089

239 2332 377 2367 tualibus
393 2331 504 2366 infusis
520 2344 761 2378 prosequemur:
782 2331 863 2365 salva
884 2339 986 2365 tamen
1029 2333 1146 2368 Nicolai
1166 2345 1297 2379 corpore
1321 2333 1443 2366 visitare
1465 2331 1613 2377 diguatus
1629 2339 1692 2365 est:
1722 2342 1780 2364 nos
1824 2355 1987 2376 Efflssffifflffls

239 2381 455 2416 Narbonensis
488 2380 648 2415 Ecclesiae
676 2381 802 2414 iustitia.
840 2380 873 2414 Si
903 2380 986 2413 enim
1007 2353 1010 2427 l
1029 2391 1155 2417 auctore
1183 2382 1260 2421 Deo,
1287 2381 1500 2428 apostolorum
1517 2380 1601 2415 Petri
1625 2380 1779 2426 Paulique
1802 2382 1987 2429 {gsgf'fgcssss‘fffl'

240 2433 363 2465 romani
390 2431 575 2465 auctoritate
595 2429 749 2476 privilegii
771 2429 989 2463 Tarraconen·
1007 2438 1010 2453 ¹
1030 2432 1152 2471 ricarii,
1177 2439 1304 2478 propter
1322 2429 1533 2464 ecclesiastica
1562 2430 1684 2475 negotia
1708 2440 1780 2463 exe·
1910 2427 1913 2428 ⁷
1982 2425 1985 2427 ⁸

240 2492 306 2514 sem
333 2481 529 2526 provinciam
552 2479 703 2513 canonice
731 2478 894 2512 vendicare
917 2477 989 2511 Nar·
1008 2501 1011 2523 ς
1029 2480 1154 2528 quenda
1188 2481 1217 2514 in
1246 2479 1378 2525 Apuliae
1417 2478 1609 2525 provinciam
1643 2478 1780 2512 ‹lescen-

242 2528 391 2563 bonensis
418 2531 551 2562 antistes
585 2527 779 2574 nequiverit;
813 2539 869 2561 uos
902 2527 986 2561 omni
1008 2526 1011 2570 l
1030 2533 1152 2573 «tentes,
1174 2529 1431 2563 charissimorum
1457 2527 1590 2562 filiorum
1618 2527 1780 2561 Romanae

241 2577 368 2623 querela
389 2577 491 2622 liberi7
513 2576 741 2611 Tarraconensi
762 2576 923 2610 Ecclesiae
943 2579 990 2609 ius
1010 2591 1012 2596 t
1030 2579 1190 2613 Ερςιρςεῃυ
1218 2578 1345 2623 Rogerii
1380 2577 1481 2619 ducis,
1516 2584 1547 2611 et
1573 2577 1678 2611 fratris
1711 2576 1780 2610 eius

242 2637 335 2660 suum
361 2628 536 2668 restituere,
563 2635 593 2661 et
615 2625 700 2660 fratri
729 2635 837 2660 nostro
864 2624 990 2659 Beren—
1067 2637 1106 2672 (t)
1124 2635 1161 2661 Ex
1179 2635 1289 2661 Baronio
1305 2633 1337 2660 ad
1357 2641 1418 2660 ann.
1443 2633 1520 2660 1089.

1830 2500 1928 2521 Pharius
1947 2501 1986 2520 1³5³.

1804 2528 1821 2556 in
1839 2528 1932 2548 Audiam
1954 2534 1987 2547 tc-

1801 2559 1875 2578 ntens;
