<?xml version="1.0" encoding="UTF-8"?>
<!DOCTYPE html PUBLIC "-//W3C//DTD XHTML 1.0 Transitional//EN"
    "http://www.w3.org/TR/xhtml1/DTD/xhtml1-transitional.dtd">
<html xmlns="http://www.w3.org/1999/xhtml" xml:lang="en" lang="en">
 <head>
  <title>
</title>
<meta http-equiv="Content-Type" content="text/html;charset=utf-8" />
  <meta name='ocr-system' content='tesseract 3.04.00' />
  <meta name='ocr-capabilities' content='ocr_page ocr_carea ocr_par ocr_line ocrx_word'/>
</head>
<body>
  <div class='ocr_page' id='page_1' title='image "./bullarumdiplomat02cath/bullarumdiplomat02cath_0678.png"; bbox 0 0 2180 3205; ppageno 0'>
   <div class='ocr_carea' id='block_1_1' title="bbox 161 280 341 305">
    <p class='ocr_par' dir='ltr' id='par_1_1' title="bbox 161 280 341 305">
     <span class='ocr_line' id='line_1_1' title="bbox 161 280 341 305; baseline -0.006 0"><span class='ocrx_word' id='word_1_1' title='bbox 161 280 341 305; x_wconf 73' lang='grc' dir='ltr'>Λι).1’,.11ὺ9</span> 
     </span>
    </p>
   </div>
   <div class='ocr_carea' id='block_1_2' title="bbox 160 345 340 402">
    <p class='ocr_par' dir='ltr' id='par_1_2' title="bbox 160 345 340 402">
     <span class='ocr_line' id='line_1_2' title="bbox 174 345 340 364; baseline 0.006 -1"><span class='ocrx_word' id='word_1_2' title='bbox 174 345 285 364; x_wconf 61' lang='lat' dir='ltr'>Aletinrlri</span> <span class='ocrx_word' id='word_1_3' title='bbox 321 345 340 364; x_wconf 89' lang='lat' dir='ltr'>iu</span> 
     </span>
     <span class='ocr_line' id='line_1_3' title="bbox 160 376 294 402; baseline 0 -6"><span class='ocrx_word' id='word_1_4' title='bbox 160 376 222 397; x_wconf 71' lang='lat' dir='ltr'>Deum</span> <span class='ocrx_word' id='word_1_5' title='bbox 238 382 294 402; x_wconf 70' lang='lat' dir='ltr'>spes.</span> 
     </span>
    </p>
   </div>
   <div class='ocr_carea' id='block_1_3' title="bbox 154 991 337 1105">
    <p class='ocr_par' dir='ltr' id='par_1_3' title="bbox 154 991 337 1105">
     <span class='ocr_line' id='line_1_4' title="bbox 168 991 335 1011; baseline 0.006 -1"><span class='ocrx_word' id='word_1_6' title='bbox 168 991 290 1011; x_wconf 68' lang='lat' dir='ltr'>Adhortatio</span> <span class='ocrx_word' id='word_1_7' title='bbox 311 992 335 1011; x_wconf 77' lang='lat' dir='ltr'>ml</span> 
     </span>
     <span class='ocr_line' id='line_1_5' title="bbox 154 1023 337 1049; baseline 0.011 -9"><span class='ocrx_word' id='word_1_8' title='bbox 154 1023 232 1042; x_wconf 63' lang='lat' dir='ltr'>clerum</span> <span class='ocrx_word' id='word_1_9' title='bbox 255 1026 275 1042; x_wconf 85' lang='lat' dir='ltr'>et</span> <span class='ocrx_word' id='word_1_10' title='bbox 297 1028 337 1049; x_wconf 83' lang='lat' dir='ltr'>po-</span> 
     </span>
     <span class='ocr_line' id='line_1_6' title="bbox 154 1053 336 1080; baseline 0.005 -7"><span class='ocrx_word' id='word_1_11' title='bbox 154 1054 222 1080; x_wconf 84' lang='lat' dir='ltr'>pulum</span> <span class='ocrx_word' id='word_1_12' title='bbox 266 1053 336 1074; x_wconf 78' lang='lat' dir='ltr'>Bono-</span> 
     </span>
     <span class='ocr_line' id='line_1_7' title="bbox 154 1086 256 1105; baseline 0 0"><span class='ocrx_word' id='word_1_13' title='bbox 154 1086 256 1105; x_wconf 76' lang='lat' dir='ltr'>mensem.</span> 
     </span>
    </p>
   </div>
   <div class='ocr_carea' id='block_1_4' title="bbox 159 1966 343 2111">
    <p class='ocr_par' dir='ltr' id='par_1_4' title="bbox 172 1966 341 1987">
     <span class='ocr_line' id='line_1_8' title="bbox 172 1966 341 1987; baseline -0.006 -1"><span class='ocrx_word' id='word_1_14' title='bbox 172 1966 205 1987; x_wconf 68' lang='lat' dir='ltr'>lix·</span> <span class='ocrx_word' id='word_1_15' title='bbox 215 1968 341 1987; x_wconf 71' lang='lat' dir='ltr'>nniniunicn-</span> 
     </span>
    </p>

    <p class='ocr_par' dir='ltr' id='par_1_5' title="bbox 159 1998 343 2111">
     <span class='ocr_line' id='line_1_9' title="bbox 159 1998 342 2018; baseline 0.005 -2"><span class='ocrx_word' id='word_1_16' title='bbox 159 2003 200 2017; x_wconf 80' lang='lat' dir='ltr'>min</span> <span class='ocrx_word' id='word_1_17' title='bbox 217 2005 226 2016; x_wconf 83' lang='lat'>.=</span> <span class='ocrx_word' id='word_1_18' title='bbox 243 2004 264 2017; x_wconf 68' lang='lat' dir='ltr'>si·</span> <span class='ocrx_word' id='word_1_19' title='bbox 280 1998 342 2018; x_wconf 79' lang='lat' dir='ltr'>Octa-</span> 
     </span>
     <span class='ocr_line' id='line_1_10' title="bbox 160 2030 342 2055; baseline 0.005 -8"><span class='ocrx_word' id='word_1_20' title='bbox 160 2030 342 2055; x_wconf 69' lang='lat' dir='ltr'>xi..nnni.einsque</span> 
     </span>
     <span class='ocr_line' id='line_1_11' title="bbox 161 2060 343 2080; baseline 0 -1"><span class='ocrx_word' id='word_1_21' title='bbox 161 2063 278 2080; x_wconf 65' lang='lat' dir='ltr'>set-mores</span> <span class='ocrx_word' id='word_1_22' title='bbox 303 2060 343 2079; x_wconf 83' lang='lat' dir='ltr'>de-</span> 
     </span>
     <span class='ocr_line' id='line_1_12' title="bbox 159 2090 232 2111; baseline -0.014 0"><span class='ocrx_word' id='word_1_23' title='bbox 159 2090 232 2111; x_wconf 72' lang='lat' dir='ltr'>clarat.</span> 
     </span>
    </p>
   </div>
   <div class='ocr_carea' id='block_1_5' title="bbox 405 270 1315 300">
    <p class='ocr_par' dir='ltr' id='par_1_6' title="bbox 405 270 1315 300">
     <span class='ocr_line' id='line_1_13' title="bbox 405 270 1315 300; baseline -0.007 0"><span class='ocrx_word' id='word_1_24' title='bbox 405 270 474 300; x_wconf 73' lang='lat' dir='ltr'>(iot)</span> <span class='ocrx_word' id='word_1_25' title='bbox 940 272 1127 296; x_wconf 64' lang='lat' dir='ltr'>mmmmm</span> <span class='ocrx_word' id='word_1_26' title='bbox 1155 273 1315 295; x_wconf 57' lang='lat' dir='ltr'>nmium</span> 
     </span>
    </p>
   </div>
   <div class='ocr_carea' id='block_1_6' title="bbox 349 328 1105 2713">
    <p class='ocr_par' dir='ltr' id='par_1_7' title="bbox 349 328 1105 2713">
     <span class='ocr_line' id='line_1_14' title="bbox 355 328 1100 377; baseline -0.009 -9"><span class='ocrx_word' id='word_1_27' title='bbox 355 342 468 377; x_wconf 79' lang='lat' dir='ltr'>sti-nni,</span> <span class='ocrx_word' id='word_1_28' title='bbox 502 342 531 367; x_wconf 76' lang='lat' dir='ltr'>et</span> <span class='ocrx_word' id='word_1_29' title='bbox 559 332 706 366; x_wconf 69' lang='lat' dir='ltr'>virtutum</span> <span class='ocrx_word' id='word_1_30' title='bbox 742 328 946 374; x_wconf 73' lang='lat' dir='ltr'>indigentiam</span> <span class='ocrx_word' id='word_1_31' title='bbox 980 340 1100 374; x_wconf 80' lang='lat' dir='ltr'>cogno-</span> 
     </span>
     <span class='ocr_line' id='line_1_15' title="bbox 354 382 1099 426; baseline -0.008 -4"><span class='ocrx_word' id='word_1_32' title='bbox 354 396 493 426; x_wconf 78' lang='lat' dir='ltr'>scentes,</span> <span class='ocrx_word' id='word_1_33' title='bbox 534 386 628 419; x_wconf 80' lang='lat' dir='ltr'>nostri</span> <span class='ocrx_word' id='word_1_34' title='bbox 670 385 699 417; x_wconf 90' lang='lat' dir='ltr'>in</span> <span class='ocrx_word' id='word_1_35' title='bbox 740 382 912 417; x_wconf 90' lang='lat' dir='ltr'>Dominum</span> <span class='ocrx_word' id='word_1_36' title='bbox 948 382 1099 417; x_wconf 88' lang='lat' dir='ltr'>iactamus</span> 
     </span>
     <span class='ocr_line' id='line_1_16' title="bbox 353 435 1101 488; baseline -0.007 -12"><span class='ocrx_word' id='word_1_37' title='bbox 353 442 536 488; x_wconf 75' lang='lat' dir='ltr'>cogitatum,</span> <span class='ocrx_word' id='word_1_38' title='bbox 558 446 731 486; x_wconf 74' lang='lat' dir='ltr'>sperantes,</span> <span class='ocrx_word' id='word_1_39' title='bbox 753 444 784 471; x_wconf 91' lang='lat' dir='ltr'>et</span> <span class='ocrx_word' id='word_1_40' title='bbox 809 435 848 470; x_wconf 83' lang='lat' dir='ltr'>de</span> <span class='ocrx_word' id='word_1_41' title='bbox 867 435 982 470; x_wconf 86' lang='lat' dir='ltr'>Christi</span> <span class='ocrx_word' id='word_1_42' title='bbox 1010 437 1101 471; x_wconf 82' lang='lat' dir='ltr'>mise·</span> 
     </span>
     <span class='ocr_line' id='line_1_17' title="bbox 354 489 1100 541; baseline -0.009 -11"><span class='ocrx_word' id='word_1_43' title='bbox 354 496 484 530; x_wconf 81' lang='lat' dir='ltr'>ricordia</span> <span class='ocrx_word' id='word_1_44' title='bbox 521 494 645 541; x_wconf 86' lang='lat' dir='ltr'>plenius</span> <span class='ocrx_word' id='word_1_45' title='bbox 678 490 885 533; x_wconf 77' lang='lat' dir='ltr'>considentes,</span> <span class='ocrx_word' id='word_1_46' title='bbox 911 489 996 536; x_wconf 87' lang='lat' dir='ltr'>quod</span> <span class='ocrx_word' id='word_1_47' title='bbox 1033 490 1100 524; x_wconf 83' lang='lat' dir='ltr'>Ec·-</span> 
     </span>
     <span class='ocr_line' id='line_1_18' title="bbox 353 544 1099 592; baseline -0.009 -8"><span class='ocrx_word' id='word_1_48' title='bbox 353 550 477 585; x_wconf 69' lang='lat' dir='ltr'>clesitm</span> <span class='ocrx_word' id='word_1_49' title='bbox 512 556 649 582; x_wconf 85' lang='lat' dir='ltr'>sanctam</span> <span class='ocrx_word' id='word_1_50' title='bbox 692 557 799 589; x_wconf 89' lang='lat' dir='ltr'>suam,</span> <span class='ocrx_word' id='word_1_51' title='bbox 838 557 894 592; x_wconf 91' lang='lat' dir='ltr'>pro</span> <span class='ocrx_word' id='word_1_52' title='bbox 932 556 992 591; x_wconf 89' lang='lat' dir='ltr'>qua</span> <span class='ocrx_word' id='word_1_53' title='bbox 1033 544 1099 591; x_wconf 89' lang='lat' dir='ltr'>ipse</span> 
     </span>
     <span class='ocr_line' id='line_1_19' title="bbox 352 598 1099 638; baseline -0.007 0"><span class='ocrx_word' id='word_1_54' title='bbox 352 604 433 638; x_wconf 87' lang='lat' dir='ltr'>idem</span> <span class='ocrx_word' id='word_1_55' title='bbox 462 604 491 636; x_wconf 92' lang='lat' dir='ltr'>in</span> <span class='ocrx_word' id='word_1_56' title='bbox 527 601 701 636; x_wconf 87' lang='lat' dir='ltr'>substantia</span> <span class='ocrx_word' id='word_1_57' title='bbox 741 608 865 634; x_wconf 83' lang='lat' dir='ltr'>nostrae</span> <span class='ocrx_word' id='word_1_58' title='bbox 904 598 1099 633; x_wconf 73' lang='lat' dir='ltr'>mortalitatis</span> 
     </span>
     <span class='ocr_line' id='line_1_20' title="bbox 351 652 1097 705; baseline -0.007 -13"><span class='ocrx_word' id='word_1_59' title='bbox 351 657 513 705; x_wconf 86' lang='lat' dir='ltr'>apparuit,</span> <span class='ocrx_word' id='word_1_60' title='bbox 562 664 597 689; x_wconf 92' lang='lat' dir='ltr'>ut</span> <span class='ocrx_word' id='word_1_61' title='bbox 629 666 696 689; x_wconf 85' lang='lat' dir='ltr'>eam</span> <span class='ocrx_word' id='word_1_62' title='bbox 733 653 789 688; x_wconf 87' lang='lat' dir='ltr'>sibi</span> <span class='ocrx_word' id='word_1_63' title='bbox 828 665 888 687; x_wconf 91' lang='lat' dir='ltr'>nou</span> <span class='ocrx_word' id='word_1_64' title='bbox 931 652 1097 687; x_wconf 81' lang='lat' dir='ltr'>habentem</span> 
     </span>
     <span class='ocr_line' id='line_1_21' title="bbox 353 707 1099 757; baseline -0.005 -11"><span class='ocrx_word' id='word_1_65' title='bbox 353 724 459 757; x_wconf 80' lang='lat' dir='ltr'>rugam</span> <span class='ocrx_word' id='word_1_66' title='bbox 482 719 534 745; x_wconf 89' lang='lat' dir='ltr'>ant</span> <span class='ocrx_word' id='word_1_67' title='bbox 563 708 716 744; x_wconf 80' lang='lat' dir='ltr'>maculam</span> <span class='ocrx_word' id='word_1_68' title='bbox 739 707 912 746; x_wconf 79' lang='lat' dir='ltr'>exhiberet,</span> <span class='ocrx_word' id='word_1_69' title='bbox 939 715 1041 754; x_wconf 84' lang='lat' dir='ltr'>optata</span> <span class='ocrx_word' id='word_1_70' title='bbox 1060 708 1099 742; x_wconf 80' lang='lat' dir='ltr'>ta-</span> 
     </span>
     <span class='ocr_line' id='line_1_22' title="bbox 350 761 1099 811; baseline -0.009 -11"><span class='ocrx_word' id='word_1_71' title='bbox 350 767 410 801; x_wconf 80' lang='lat' dir='ltr'>ciet</span> <span class='ocrx_word' id='word_1_72' title='bbox 434 766 464 799; x_wconf 94' lang='lat' dir='ltr'>in</span> <span class='ocrx_word' id='word_1_73' title='bbox 492 763 715 811; x_wconf 78' lang='lat' dir='ltr'>tranquillitate</span> <span class='ocrx_word' id='word_1_74' title='bbox 742 761 866 796; x_wconf 79' lang='lat' dir='ltr'>laetari:</span> <span class='ocrx_word' id='word_1_75' title='bbox 896 769 925 794; x_wconf 87' lang='lat' dir='ltr'>ct</span> <span class='ocrx_word' id='word_1_76' title='bbox 948 762 1099 807; x_wconf 81' lang='lat' dir='ltr'>procella-</span> 
     </span>
     <span class='ocr_line' id='line_1_23' title="bbox 351 815 1098 856; baseline -0.009 -1"><span class='ocrx_word' id='word_1_77' title='bbox 351 834 418 856; x_wconf 90' lang='lat' dir='ltr'>rum</span> <span class='ocrx_word' id='word_1_78' title='bbox 452 820 594 855; x_wconf 90' lang='lat' dir='ltr'>omnium</span> <span class='ocrx_word' id='word_1_79' title='bbox 632 816 837 852; x_wconf 84' lang='lat' dir='ltr'>inundatione</span> <span class='ocrx_word' id='word_1_80' title='bbox 870 815 994 856; x_wconf 88' lang='lat' dir='ltr'>sedata,</span> <span class='ocrx_word' id='word_1_81' title='bbox 1023 816 1098 849; x_wconf 91' lang='lat' dir='ltr'>nihil</span> 
     </span>
     <span class='ocr_line' id='line_1_24' title="bbox 349 869 1098 921; baseline -0.008 -11"><span class='ocrx_word' id='word_1_82' title='bbox 349 876 417 915; x_wconf 87' lang='lat' dir='ltr'>erit,</span> <span class='ocrx_word' id='word_1_83' title='bbox 448 874 532 921; x_wconf 87' lang='lat' dir='ltr'>quod</span> <span class='ocrx_word' id='word_1_84' title='bbox 562 874 620 907; x_wconf 88' lang='lat' dir='ltr'>iam</span> <span class='ocrx_word' id='word_1_85' title='bbox 655 872 682 907; x_wconf 91' lang='lat' dir='ltr'>ei</span> <span class='ocrx_word' id='word_1_86' title='bbox 711 871 810 918; x_wconf 81' lang='lat' dir='ltr'>possit</span> <span class='ocrx_word' id='word_1_87' title='bbox 844 870 1009 909; x_wconf 84' lang='lat' dir='ltr'>obsistere,</span> <span class='ocrx_word' id='word_1_88' title='bbox 1046 869 1098 904; x_wconf 92' lang='lat' dir='ltr'>ubi</span> 
     </span>
     <span class='ocr_line' id='line_1_25' title="bbox 349 924 1097 973; baseline -0.008 -9"><span class='ocrx_word' id='word_1_89' title='bbox 349 929 463 964; x_wconf 87' lang='lat' dir='ltr'>unicus</span> <span class='ocrx_word' id='word_1_90' title='bbox 501 928 570 962; x_wconf 90' lang='lat' dir='ltr'>eius</span> <span class='ocrx_word' id='word_1_91' title='bbox 607 926 752 973; x_wconf 89' lang='lat' dir='ltr'>Sponsus</span> <span class='ocrx_word' id='word_1_92' title='bbox 791 925 919 959; x_wconf 71' lang='lat' dir='ltr'>voluerit</span> <span class='ocrx_word' id='word_1_93' title='bbox 955 924 1097 958; x_wconf 82' lang='lat' dir='ltr'>nubilosa</span> 
     </span>
     <span class='ocr_line' id='line_1_26' title="bbox 349 979 1097 1031; baseline -0.005 -13"><span class='ocrx_word' id='word_1_94' title='bbox 349 994 493 1031; x_wconf 88' lang='lat' dir='ltr'>quaeque</span> <span class='ocrx_word' id='word_1_95' title='bbox 515 991 544 1016; x_wconf 88' lang='lat' dir='ltr'>et</span> <span class='ocrx_word' id='word_1_96' title='bbox 559 982 647 1016; x_wconf 78' lang='lat' dir='ltr'>noxia</span> <span class='ocrx_word' id='word_1_97' title='bbox 663 980 856 1028; x_wconf 78' lang='lat' dir='ltr'>propulsare.</span> <span class='ocrx_word' id='word_1_98' title='bbox 885 979 978 1013; x_wconf 79' lang='lat' dir='ltr'>Nunc</span> <span class='ocrx_word' id='word_1_99' title='bbox 994 980 1097 1025; x_wconf 72' lang='lat' dir='ltr'>igitur,</span> 
     </span>
     <span class='ocr_line' id='line_1_27' title="bbox 350 1035 1099 1085; baseline -0.008 -12"><span class='ocrx_word' id='word_1_100' title='bbox 350 1039 421 1085; x_wconf 87' lang='lat' dir='ltr'>quia</span> <span class='ocrx_word' id='word_1_101' title='bbox 450 1049 506 1071; x_wconf 90' lang='lat' dir='ltr'>nos</span> <span class='ocrx_word' id='word_1_102' title='bbox 528 1036 566 1070; x_wconf 90' lang='lat' dir='ltr'>de</span> <span class='ocrx_word' id='word_1_103' title='bbox 595 1044 774 1070; x_wconf 89' lang='lat' dir='ltr'>nostrorum</span> <span class='ocrx_word' id='word_1_104' title='bbox 801 1035 982 1068; x_wconf 79' lang='lat' dir='ltr'>meritorum</span> <span class='ocrx_word' id='word_1_105' title='bbox 1018 1047 1099 1081; x_wconf 79' lang='lat' dir='ltr'>qna-</span> 
     </span>
     <span class='ocr_line' id='line_1_28' title="bbox 349 1089 1099 1134; baseline -0.007 -7"><span class='ocrx_word' id='word_1_106' title='bbox 349 1093 434 1127; x_wconf 85' lang='lat' dir='ltr'>litate</span> <span class='ocrx_word' id='word_1_107' title='bbox 460 1091 644 1134; x_wconf 82' lang='lat' dir='ltr'>diffidimus,</span> <span class='ocrx_word' id='word_1_108' title='bbox 671 1097 702 1124; x_wconf 87' lang='lat' dir='ltr'>et</span> <span class='ocrx_word' id='word_1_109' title='bbox 723 1090 761 1124; x_wconf 92' lang='lat' dir='ltr'>de</span> <span class='ocrx_word' id='word_1_110' title='bbox 783 1089 946 1124; x_wconf 86' lang='lat' dir='ltr'>honestate</span> <span class='ocrx_word' id='word_1_111' title='bbox 968 1097 997 1123; x_wconf 89' lang='lat' dir='ltr'>et</span> <span class='ocrx_word' id='word_1_112' title='bbox 1027 1089 1099 1123; x_wconf 86' lang='lat' dir='ltr'>reli-</span> 
     </span>
     <span class='ocr_line' id='line_1_29' title="bbox 349 1142 1096 1193; baseline -0.005 -13"><span class='ocrx_word' id='word_1_113' title='bbox 349 1147 442 1193; x_wconf 82' lang='lat' dir='ltr'>gione</span> <span class='ocrx_word' id='word_1_114' title='bbox 464 1154 564 1180; x_wconf 80' lang='lat' dir='ltr'>vestra</span> <span class='ocrx_word' id='word_1_115' title='bbox 589 1144 712 1191; x_wconf 79' lang='lat' dir='ltr'>plenam</span> <span class='ocrx_word' id='word_1_116' title='bbox 747 1143 901 1178; x_wconf 84' lang='lat' dir='ltr'>habemus</span> <span class='ocrx_word' id='word_1_117' title='bbox 930 1142 1096 1183; x_wconf 73' lang='lat' dir='ltr'>fiduciam,</span> 
     </span>
     <span class='ocr_line' id='line_1_30' title="bbox 349 1197 1098 1244; baseline -0.005 -8"><span class='ocrx_word' id='word_1_118' title='bbox 349 1201 458 1236; x_wconf 85' lang='lat' dir='ltr'>vestris</span> <span class='ocrx_word' id='word_1_119' title='bbox 478 1208 509 1235; x_wconf 89' lang='lat' dir='ltr'>et</span> <span class='ocrx_word' id='word_1_120' title='bbox 543 1198 730 1234; x_wconf 85' lang='lat' dir='ltr'>universalis</span> <span class='ocrx_word' id='word_1_121' title='bbox 764 1197 926 1232; x_wconf 81' lang='lat' dir='ltr'>Ecclesiae</span> <span class='ocrx_word' id='word_1_122' title='bbox 951 1197 1098 1244; x_wconf 86' lang='lat' dir='ltr'>precibus</span> 
     </span>
     <span class='ocr_line' id='line_1_31' title="bbox 350 1251 1095 1298; baseline -0.005 -8"><span class='ocrx_word' id='word_1_123' title='bbox 350 1255 562 1290; x_wconf 81' lang='lat' dir='ltr'>infirmitatem</span> <span class='ocrx_word' id='word_1_124' title='bbox 599 1261 736 1287; x_wconf 90' lang='lat' dir='ltr'>nostram</span> <span class='ocrx_word' id='word_1_125' title='bbox 776 1251 910 1298; x_wconf 89' lang='lat' dir='ltr'>petimus</span> <span class='ocrx_word' id='word_1_126' title='bbox 942 1251 1095 1286; x_wconf 80' lang='lat' dir='ltr'>adiuvari:</span> 
     </span>
     <span class='ocr_line' id='line_1_32' title="bbox 350 1305 1096 1353; baseline -0.007 -9"><span class='ocrx_word' id='word_1_127' title='bbox 350 1309 532 1344; x_wconf 85' lang='lat' dir='ltr'>charitatem</span> <span class='ocrx_word' id='word_1_128' title='bbox 561 1314 694 1341; x_wconf 78' lang='lat' dir='ltr'>vestram</span> <span class='ocrx_word' id='word_1_129' title='bbox 719 1317 774 1352; x_wconf 90' lang='lat' dir='ltr'>pcr</span> <span class='ocrx_word' id='word_1_130' title='bbox 791 1305 962 1353; x_wconf 84' lang='lat' dir='ltr'>apostolica</span> <span class='ocrx_word' id='word_1_131' title='bbox 982 1306 1096 1352; x_wconf 84' lang='lat' dir='ltr'>scripta</span> 
     </span>
     <span class='ocr_line' id='line_1_33' title="bbox 351 1361 1099 1411; baseline -0.008 -12"><span class='ocrx_word' id='word_1_132' title='bbox 351 1372 506 1411; x_wconf 77' lang='lat' dir='ltr'>rogantes,</span> <span class='ocrx_word' id='word_1_133' title='bbox 533 1371 563 1396; x_wconf 86' lang='lat' dir='ltr'>et</span> <span class='ocrx_word' id='word_1_134' title='bbox 590 1368 829 1396; x_wconf 87' lang='lat' dir='ltr'>commonentes</span> <span class='ocrx_word' id='word_1_135' title='bbox 863 1361 1029 1400; x_wconf 77' lang='lat' dir='ltr'>attentius,</span> <span class='ocrx_word' id='word_1_136' title='bbox 1064 1368 1099 1394; x_wconf 92' lang='lat' dir='ltr'>ut</span> 
     </span>
     <span class='ocr_line' id='line_1_34' title="bbox 350 1413 1096 1461; baseline -0.005 -9"><span class='ocrx_word' id='word_1_137' title='bbox 350 1419 430 1453; x_wconf 88' lang='lat' dir='ltr'>sicut</span> <span class='ocrx_word' id='word_1_138' title='bbox 453 1417 507 1450; x_wconf 78' lang='lat' dir='ltr'>viri</span> <span class='ocrx_word' id='word_1_139' title='bbox 531 1415 674 1450; x_wconf 80' lang='lat' dir='ltr'>catholici</span> <span class='ocrx_word' id='word_1_140' title='bbox 700 1427 753 1449; x_wconf 88' lang='lat' dir='ltr'>vos</span> <span class='ocrx_word' id='word_1_141' title='bbox 776 1426 831 1461; x_wconf 90' lang='lat' dir='ltr'>pro</span> <span class='ocrx_word' id='word_1_142' title='bbox 854 1413 949 1448; x_wconf 91' lang='lat' dir='ltr'>domo</span> <span class='ocrx_word' id='word_1_143' title='bbox 971 1414 1096 1448; x_wconf 82' lang='lat' dir='ltr'>Domini</span> 
     </span>
     <span class='ocr_line' id='line_1_35' title="bbox 352 1469 1097 1518; baseline -0.007 -11"><span class='ocrx_word' id='word_1_144' title='bbox 352 1484 460 1507; x_wconf 90' lang='lat' dir='ltr'>muros</span> <span class='ocrx_word' id='word_1_145' title='bbox 486 1469 747 1518; x_wconf 78' lang='lat' dir='ltr'>inexpugnabiles</span> <span class='ocrx_word' id='word_1_146' title='bbox 777 1469 966 1516; x_wconf 88' lang='lat' dir='ltr'>opponatis,</span> <span class='ocrx_word' id='word_1_147' title='bbox 1004 1477 1033 1502; x_wconf 91' lang='lat' dir='ltr'>et</span> <span class='ocrx_word' id='word_1_148' title='bbox 1069 1469 1097 1502; x_wconf 93' lang='lat' dir='ltr'>in</span> 
     </span>
     <span class='ocr_line' id='line_1_36' title="bbox 351 1523 1099 1562; baseline -0.007 -1"><span class='ocrx_word' id='word_1_149' title='bbox 351 1527 516 1562; x_wconf 74' lang='lat' dir='ltr'>devotione</span> <span class='ocrx_word' id='word_1_150' title='bbox 543 1538 578 1560; x_wconf 87' lang='lat' dir='ltr'>ac</span> <span class='ocrx_word' id='word_1_151' title='bbox 601 1524 750 1559; x_wconf 78' lang='lat' dir='ltr'>fidelitate</span> <span class='ocrx_word' id='word_1_152' title='bbox 778 1523 884 1557; x_wconf 88' lang='lat' dir='ltr'>matris</span> <span class='ocrx_word' id='word_1_153' title='bbox 907 1531 1026 1557; x_wconf 71' lang='lat' dir='ltr'>vesti-ae</span> <span class='ocrx_word' id='word_1_154' title='bbox 1046 1536 1099 1557; x_wconf 87' lang='lat' dir='ltr'>sa-</span> 
     </span>
     <span class='ocr_line' id='line_1_37' title="bbox 351 1577 1100 1616; baseline -0.007 0"><span class='ocrx_word' id='word_1_155' title='bbox 351 1589 531 1616; x_wconf 89' lang='lat' dir='ltr'>crosanctae</span> <span class='ocrx_word' id='word_1_156' title='bbox 570 1579 731 1614; x_wconf 85' lang='lat' dir='ltr'>Romanae</span> <span class='ocrx_word' id='word_1_157' title='bbox 766 1577 925 1612; x_wconf 83' lang='lat' dir='ltr'>Ecclesiae</span> <span class='ocrx_word' id='word_1_158' title='bbox 958 1578 1100 1612; x_wconf 85' lang='lat' dir='ltr'>immobi-</span> 
     </span>
     <span class='ocr_line' id='line_1_38' title="bbox 352 1632 1099 1681; baseline -0.007 -11"><span class='ocrx_word' id='word_1_159' title='bbox 352 1636 421 1671; x_wconf 91' lang='lat' dir='ltr'>liter</span> <span class='ocrx_word' id='word_1_160' title='bbox 448 1634 661 1681; x_wconf 82' lang='lat' dir='ltr'>persistentes,</span> <span class='ocrx_word' id='word_1_161' title='bbox 692 1633 731 1667; x_wconf 87' lang='lat' dir='ltr'>ab</span> <span class='ocrx_word' id='word_1_162' title='bbox 764 1633 832 1667; x_wconf 88' lang='lat' dir='ltr'>eius</span> <span class='ocrx_word' id='word_1_163' title='bbox 853 1632 975 1667; x_wconf 87' lang='lat' dir='ltr'>unitate</span> <span class='ocrx_word' id='word_1_164' title='bbox 997 1632 1099 1666; x_wconf 87' lang='lat' dir='ltr'>nulla-</span> 
     </span>
     <span class='ocr_line' id='line_1_39' title="bbox 353 1686 1100 1733; baseline -0.005 -9"><span class='ocrx_word' id='word_1_165' title='bbox 353 1699 445 1725; x_wconf 86' lang='lat' dir='ltr'>tenus</span> <span class='ocrx_word' id='word_1_166' title='bbox 475 1687 636 1723; x_wconf 86' lang='lat' dir='ltr'>recedatis.</span> <span class='ocrx_word' id='word_1_167' title='bbox 674 1686 766 1728; x_wconf 80' lang='lat' dir='ltr'>Quod</span> <span class='ocrx_word' id='word_1_168' title='bbox 802 1687 826 1719; x_wconf 91' lang='lat' dir='ltr'>si</span> <span class='ocrx_word' id='word_1_169' title='bbox 865 1686 1021 1733; x_wconf 80' lang='lat' dir='ltr'>praefatus</span> <span class='ocrx_word' id='word_1_170' title='bbox 1055 1687 1100 1720; x_wconf 81' lang='lat' dir='ltr'>vir</span> 
     </span>
     <span class='ocr_line' id='line_1_40' title="bbox 353 1741 1100 1792; baseline -0.004 -13"><span class='ocrx_word' id='word_1_171' title='bbox 353 1744 523 1792; x_wconf 89' lang='lat' dir='ltr'>impietatis</span> <span class='ocrx_word' id='word_1_172' title='bbox 544 1742 581 1777; x_wconf 90' lang='lat' dir='ltr'>ad</span> <span class='ocrx_word' id='word_1_173' title='bbox 606 1749 709 1789; x_wconf 86' lang='lat' dir='ltr'>partes</span> <span class='ocrx_word' id='word_1_174' title='bbox 737 1749 853 1776; x_wconf 73' lang='lat' dir='ltr'>vestras</span> <span class='ocrx_word' id='word_1_175' title='bbox 879 1741 982 1788; x_wconf 88' lang='lat' dir='ltr'>aliqua</span> <span class='ocrx_word' id='word_1_176' title='bbox 1011 1742 1100 1776; x_wconf 89' lang='lat' dir='ltr'>dam-</span> 
     </span>
     <span class='ocr_line' id='line_1_41' title="bbox 353 1796 1100 1844; baseline -0.005 -11"><span class='ocrx_word' id='word_1_177' title='bbox 353 1799 486 1834; x_wconf 89' lang='lat' dir='ltr'>nationis</span> <span class='ocrx_word' id='word_1_178' title='bbox 508 1810 583 1833; x_wconf 88' lang='lat' dir='ltr'>suae</span> <span class='ocrx_word' id='word_1_179' title='bbox 605 1796 718 1844; x_wconf 90' lang='lat' dir='ltr'>scripta</span> <span class='ocrx_word' id='word_1_180' title='bbox 733 1796 949 1839; x_wconf 82' lang='lat' dir='ltr'>transmiserit,</span> <span class='ocrx_word' id='word_1_181' title='bbox 971 1808 1006 1830; x_wconf 89' lang='lat' dir='ltr'>ea</span> <span class='ocrx_word' id='word_1_182' title='bbox 1020 1796 1100 1830; x_wconf 81' lang='lat' dir='ltr'>sient</span> 
     </span>
     <span class='ocr_line' id='line_1_42' title="bbox 354 1851 1099 1900; baseline -0.003 -13"><span class='ocrx_word' id='word_1_183' title='bbox 354 1853 529 1900; x_wconf 87' lang='lat' dir='ltr'>respuenda</span> <span class='ocrx_word' id='word_1_184' title='bbox 567 1860 656 1893; x_wconf 86' lang='lat' dir='ltr'>sunt,</span> <span class='ocrx_word' id='word_1_185' title='bbox 692 1851 861 1898; x_wconf 86' lang='lat' dir='ltr'>respuatis:</span> <span class='ocrx_word' id='word_1_186' title='bbox 890 1859 919 1885; x_wconf 90' lang='lat' dir='ltr'>et</span> <span class='ocrx_word' id='word_1_187' title='bbox 954 1858 1099 1897; x_wconf 84' lang='lat' dir='ltr'>tanqnam</span> 
     </span>
     <span class='ocr_line' id='line_1_43' title="bbox 354 1905 1101 1952; baseline 0.001 -13"><span class='ocrx_word' id='word_1_188' title='bbox 354 1919 430 1941; x_wconf 71' lang='lat' dir='ltr'>vana</span> <span class='ocrx_word' id='word_1_189' title='bbox 453 1919 488 1941; x_wconf 91' lang='lat' dir='ltr'>ac</span> <span class='ocrx_word' id='word_1_190' title='bbox 514 1905 664 1952; x_wconf 83' lang='lat' dir='ltr'>sacrilega</span> <span class='ocrx_word' id='word_1_191' title='bbox 691 1912 894 1940; x_wconf 86' lang='lat' dir='ltr'>contemnere</span> <span class='ocrx_word' id='word_1_192' title='bbox 915 1913 945 1939; x_wconf 85' lang='lat' dir='ltr'>et</span> <span class='ocrx_word' id='word_1_193' title='bbox 967 1905 1101 1940; x_wconf 85' lang='lat' dir='ltr'>abiicere</span> 
     </span>
     <span class='ocr_line' id='line_1_44' title="bbox 354 1959 1101 2006; baseline -0.003 -11"><span class='ocrx_word' id='word_1_194' title='bbox 354 1961 515 1995; x_wconf 83' lang='lat' dir='ltr'>studeatis.</span> <span class='ocrx_word' id='word_1_195' title='bbox 538 1960 808 2006; x_wconf 80' lang='lat' dir='ltr'>Noveritinsuper</span> <span class='ocrx_word' id='word_1_196' title='bbox 824 1959 970 1994; x_wconf 88' lang='lat' dir='ltr'>discretio</span> <span class='ocrx_word' id='word_1_197' title='bbox 989 1969 1101 2004; x_wconf 74' lang='lat' dir='ltr'>vestra,</span> 
     </span>
     <span class='ocr_line' id='line_1_45' title="bbox 356 2013 1100 2062; baseline 0 -14"><span class='ocrx_word' id='word_1_198' title='bbox 356 2015 438 2062; x_wconf 90' lang='lat' dir='ltr'>quod</span> <span class='ocrx_word' id='word_1_199' title='bbox 470 2027 526 2048; x_wconf 89' lang='lat' dir='ltr'>nos</span> <span class='ocrx_word' id='word_1_200' title='bbox 560 2013 854 2061; x_wconf 87' lang='lat' dir='ltr'>supranominatum</span> <span class='ocrx_word' id='word_1_201' title='bbox 893 2013 1100 2048; x_wconf 79' lang='lat' dir='ltr'>Octavianum</span> 
     </span>
     <span class='ocr_line' id='line_1_46' title="bbox 355 2067 1102 2115; baseline -0.001 -11"><span class='ocrx_word' id='word_1_202' title='bbox 355 2069 559 2115; x_wconf 81' lang='lat' dir='ltr'>apostaticum</span> <span class='ocrx_word' id='word_1_203' title='bbox 592 2076 622 2102; x_wconf 89' lang='lat' dir='ltr'>et</span> <span class='ocrx_word' id='word_1_204' title='bbox 651 2067 888 2102; x_wconf 86' lang='lat' dir='ltr'>schismaticum</span> <span class='ocrx_word' id='word_1_205' title='bbox 928 2069 958 2102; x_wconf 91' lang='lat' dir='ltr'>iu</span> <span class='ocrx_word' id='word_1_206' title='bbox 993 2077 1102 2103; x_wconf 79' lang='lat' dir='ltr'>octavo</span> 
     </span>
     <span class='ocr_line' id='line_1_47' title="bbox 356 2122 1102 2166; baseline -0.003 -8"><span class='ocrx_word' id='word_1_207' title='bbox 356 2124 407 2158; x_wconf 85' lang='lat' dir='ltr'>die</span> <span class='ocrx_word' id='word_1_208' title='bbox 428 2136 443 2157; x_wconf 92' lang='lat' dir='ltr'>a</span> <span class='ocrx_word' id='word_1_209' title='bbox 475 2123 710 2158; x_wconf 87' lang='lat' dir='ltr'>consecratione</span> <span class='ocrx_word' id='word_1_210' title='bbox 739 2129 844 2157; x_wconf 88' lang='lat' dir='ltr'>nostra</span> <span class='ocrx_word' id='word_1_211' title='bbox 880 2122 987 2166; x_wconf 86' lang='lat' dir='ltr'>(hunc</span> <span class='ocrx_word' id='word_1_212' title='bbox 1020 2123 1102 2157; x_wconf 90' lang='lat' dir='ltr'>enim</span> 
     </span>
     <span class='ocr_line' id='line_1_48' title="bbox 357 2176 1102 2223; baseline -0.003 -10"><span class='ocrx_word' id='word_1_213' title='bbox 357 2178 524 2213; x_wconf 89' lang='lat' dir='ltr'>terminum</span> <span class='ocrx_word' id='word_1_214' title='bbox 548 2177 574 2211; x_wconf 89' lang='lat' dir='ltr'>ei</span> <span class='ocrx_word' id='word_1_215' title='bbox 601 2176 816 2223; x_wconf 80' lang='lat' dir='ltr'>resipiscendi,</span> <span class='ocrx_word' id='word_1_216' title='bbox 843 2185 873 2211; x_wconf 89' lang='lat' dir='ltr'>et</span> <span class='ocrx_word' id='word_1_217' title='bbox 895 2176 932 2211; x_wconf 89' lang='lat' dir='ltr'>ad</span> <span class='ocrx_word' id='word_1_218' title='bbox 953 2177 1102 2212; x_wconf 86' lang='lat' dir='ltr'>unitatem</span> 
     </span>
     <span class='ocr_line' id='line_1_49' title="bbox 357 2230 1102 2278; baseline -0.001 -12"><span class='ocrx_word' id='word_1_219' title='bbox 357 2233 465 2267; x_wconf 88' lang='lat' dir='ltr'>matris</span> <span class='ocrx_word' id='word_1_220' title='bbox 503 2232 662 2266; x_wconf 82' lang='lat' dir='ltr'>Ecclesiae</span> <span class='ocrx_word' id='word_1_221' title='bbox 700 2230 851 2266; x_wconf 90' lang='lat' dir='ltr'>redeundi</span> <span class='ocrx_word' id='word_1_222' title='bbox 879 2231 1102 2278; x_wconf 79' lang='lat' dir='ltr'>praefiximus)</span> 
     </span>
     <span class='ocr_line' id='line_1_50' title="bbox 358 2285 1103 2332; baseline -0.003 -11"><span class='ocrx_word' id='word_1_223' title='bbox 358 2295 515 2332; x_wconf 83' lang='lat' dir='ltr'>tamquam</span> <span class='ocrx_word' id='word_1_224' title='bbox 543 2285 776 2320; x_wconf 77' lang='lat' dir='ltr'>inobedientem</span> <span class='ocrx_word' id='word_1_225' title='bbox 808 2294 837 2319; x_wconf 92' lang='lat' dir='ltr'>et</span> <span class='ocrx_word' id='word_1_226' title='bbox 868 2294 1103 2324; x_wconf 69' lang='lat' dir='ltr'>contumacem,</span> 
     </span>
     <span class='ocr_line' id='line_1_51' title="bbox 359 2340 1103 2387; baseline -0.001 -13"><span class='ocrx_word' id='word_1_227' title='bbox 359 2349 388 2375; x_wconf 89' lang='lat' dir='ltr'>et</span> <span class='ocrx_word' id='word_1_228' title='bbox 420 2341 511 2384; x_wconf 85' lang='lat' dir='ltr'>illos,</span> <span class='ocrx_word' id='word_1_229' title='bbox 552 2340 604 2387; x_wconf 91' lang='lat' dir='ltr'>qui</span> <span class='ocrx_word' id='word_1_230' title='bbox 642 2340 668 2375; x_wconf 89' lang='lat' dir='ltr'>ei</span> <span class='ocrx_word' id='word_1_231' title='bbox 702 2351 815 2374; x_wconf 92' lang='lat' dir='ltr'>manus</span> <span class='ocrx_word' id='word_1_232' title='bbox 848 2348 1103 2386; x_wconf 78' lang='lat' dir='ltr'>praesumerent,</span> 
     </span>
     <span class='ocr_line' id='line_1_52' title="bbox 359 2393 1105 2434; baseline -0.001 -5"><span class='ocrx_word' id='word_1_233' title='bbox 359 2407 422 2429; x_wconf 91' lang='lat' dir='ltr'>non</span> <span class='ocrx_word' id='word_1_234' title='bbox 453 2395 586 2430; x_wconf 86' lang='lat' dir='ltr'>dicimus</span> <span class='ocrx_word' id='word_1_235' title='bbox 611 2393 872 2434; x_wconf 85' lang='lat' dir='ltr'>consecrationis,</span> <span class='ocrx_word' id='word_1_236' title='bbox 899 2394 952 2428; x_wconf 88' lang='lat' dir='ltr'>sed</span> <span class='ocrx_word' id='word_1_237' title='bbox 975 2406 1105 2428; x_wconf 77' lang='lat' dir='ltr'>execra-</span> 
     </span>
     <span class='ocr_line' id='line_1_53' title="bbox 361 2447 1104 2496; baseline 0 -14"><span class='ocrx_word' id='word_1_238' title='bbox 361 2449 466 2489; x_wconf 79' lang='lat' dir='ltr'>tionis,</span> <span class='ocrx_word' id='word_1_239' title='bbox 502 2448 674 2496; x_wconf 85' lang='lat' dir='ltr'>imponere,</span> <span class='ocrx_word' id='word_1_240' title='bbox 712 2447 751 2482; x_wconf 89' lang='lat' dir='ltr'>de</span> <span class='ocrx_word' id='word_1_241' title='bbox 777 2449 938 2482; x_wconf 91' lang='lat' dir='ltr'>communi</span> <span class='ocrx_word' id='word_1_242' title='bbox 974 2447 1104 2482; x_wconf 86' lang='lat' dir='ltr'>fratrum</span> 
     </span>
     <span class='ocr_line' id='line_1_54' title="bbox 361 2502 1104 2550; baseline 0.001 -14"><span class='ocrx_word' id='word_1_243' title='bbox 361 2510 536 2537; x_wconf 86' lang='lat' dir='ltr'>nostrorum</span> <span class='ocrx_word' id='word_1_244' title='bbox 573 2503 790 2550; x_wconf 85' lang='lat' dir='ltr'>episcoporum</span> <span class='ocrx_word' id='word_1_245' title='bbox 830 2511 860 2536; x_wconf 90' lang='lat' dir='ltr'>et</span> <span class='ocrx_word' id='word_1_246' title='bbox 898 2502 1104 2537; x_wconf 88' lang='lat' dir='ltr'>cardinalium</span> 
     </span>
     <span class='ocr_line' id='line_1_55' title="bbox 362 2555 1105 2603; baseline 0 -13"><span class='ocrx_word' id='word_1_247' title='bbox 362 2556 517 2591; x_wconf 76' lang='lat' dir='ltr'>voluntate</span> <span class='ocrx_word' id='word_1_248' title='bbox 531 2564 624 2603; x_wconf 90' lang='lat' dir='ltr'>atque</span> <span class='ocrx_word' id='word_1_249' title='bbox 646 2556 777 2591; x_wconf 88' lang='lat' dir='ltr'>consilio</span> <span class='ocrx_word' id='word_1_250' title='bbox 799 2556 940 2590; x_wconf 86' lang='lat' dir='ltr'>accensis</span> <span class='ocrx_word' id='word_1_251' title='bbox 954 2555 1105 2600; x_wconf 77' lang='lat' dir='ltr'>candelis,</span> 
     </span>
     <span class='ocr_line' id='line_1_56' title="bbox 360 2610 1105 2657; baseline 0.001 -13"><span class='ocrx_word' id='word_1_252' title='bbox 360 2617 392 2644; x_wconf 87' lang='lat' dir='ltr'>et</span> <span class='ocrx_word' id='word_1_253' title='bbox 417 2617 507 2644; x_wconf 87' lang='lat' dir='ltr'>coetu</span> <span class='ocrx_word' id='word_1_254' title='bbox 535 2610 722 2644; x_wconf 89' lang='lat' dir='ltr'>clericorum</span> <span class='ocrx_word' id='word_1_255' title='bbox 746 2610 775 2644; x_wconf 94' lang='lat' dir='ltr'>in</span> <span class='ocrx_word' id='word_1_256' title='bbox 808 2610 947 2645; x_wconf 85' lang='lat' dir='ltr'>Ecclesia</span> <span class='ocrx_word' id='word_1_257' title='bbox 970 2623 1105 2657; x_wconf 82' lang='lat' dir='ltr'>congre-</span> 
     </span>
     <span class='ocr_line' id='line_1_57' title="bbox 360 2663 1086 2713; baseline 0.001 -14"><span class='ocrx_word' id='word_1_258' title='bbox 360 2671 449 2713; x_wconf 80' lang='lat' dir='ltr'>gato,</span> <span class='ocrx_word' id='word_1_259' title='bbox 481 2663 604 2700; x_wconf 88' lang='lat' dir='ltr'>vinculo</span> <span class='ocrx_word' id='word_1_260' title='bbox 637 2664 844 2700; x_wconf 81' lang='lat' dir='ltr'>anatheniatis</span> <span class='ocrx_word' id='word_1_261' title='bbox 865 2673 895 2700; x_wconf 89' lang='lat' dir='ltr'>et</span> <span class='ocrx_word' id='word_1_262' title='bbox 922 2677 1086 2700; x_wconf 84' lang='lat' dir='ltr'>excommu</span> 
     </span>
    </p>
   </div>
   <div class='ocr_carea' id='block_1_7' title="bbox 1139 326 1886 425">
    <p class='ocr_par' dir='ltr' id='par_1_8' title="bbox 1139 326 1886 425">
     <span class='ocr_line' id='line_1_58' title="bbox 1141 326 1886 369; baseline -0.001 -9"><span class='ocrx_word' id='word_1_263' title='bbox 1141 327 1304 362; x_wconf 85' lang='lat' dir='ltr'>nicationis</span> <span class='ocrx_word' id='word_1_264' title='bbox 1338 326 1556 369; x_wconf 81' lang='lat' dir='ltr'>astrinximus,</span> <span class='ocrx_word' id='word_1_265' title='bbox 1592 334 1621 359; x_wconf 92' lang='lat' dir='ltr'>et</span> <span class='ocrx_word' id='word_1_266' title='bbox 1647 338 1702 360; x_wconf 90' lang='lat' dir='ltr'>eos</span> <span class='ocrx_word' id='word_1_267' title='bbox 1728 338 1800 360; x_wconf 86' lang='lat' dir='ltr'>cum</span> <span class='ocrx_word' id='word_1_268' title='bbox 1828 336 1886 360; x_wconf 86' lang='lat' dir='ltr'>suo</span> 
     </span>
     <span class='ocr_line' id='line_1_59' title="bbox 1139 380 1811 425; baseline -0.001 -9"><span class='ocrx_word' id='word_1_269' title='bbox 1139 390 1265 417; x_wconf 89' lang='lat' dir='ltr'>auctore</span> <span class='ocrx_word' id='word_1_270' title='bbox 1299 381 1423 416; x_wconf 87' lang='lat' dir='ltr'>diabolo</span> <span class='ocrx_word' id='word_1_271' title='bbox 1450 380 1729 416; x_wconf 82' lang='lat' dir='ltr'>condemnavimus</span> <span class='ocrx_word' id='word_1_272' title='bbox 1754 383 1811 425; x_wconf 81' lang='lat' dir='ltr'>(t).</span> 
     </span>
    </p>
   </div>
   <div class='ocr_carea' id='block_1_8' title="bbox 1510 462 1671 469">
    <p class='ocr_par' dir='ltr' id='par_1_9' title="bbox 1510 462 1671 469">
     <span class='ocr_line' id='line_1_60' title="bbox 1510 462 1671 469; baseline 0 0"><span class='ocrx_word' id='word_1_273' title='bbox 1510 462 1671 469; x_wconf 95' lang='lat' dir='ltr'> </span> 
     </span>
    </p>
   </div>
   <div class='ocr_carea' id='block_1_9' title="bbox 1495 549 1534 584">
    <p class='ocr_par' dir='ltr' id='par_1_10' title="bbox 1495 549 1534 584">
     <span class='ocr_line' id='line_1_61' title="bbox 1495 549 1534 584; baseline 0 0"><span class='ocrx_word' id='word_1_274' title='bbox 1495 549 1534 584; x_wconf 86' lang='lat' dir='ltr'>lt.</span> 
     </span>
    </p>
   </div>
   <div class='ocr_carea' id='block_1_10' title="bbox 1142 627 1886 822">
    <p class='ocr_par' dir='ltr' id='par_1_11' title="bbox 1142 627 1886 822">
     <span class='ocr_line' id='line_1_62' title="bbox 1142 627 1886 671; baseline -0.003 -10"><span class='ocrx_word' id='word_1_275' title='bbox 1142 629 1327 662; x_wconf 52' lang='lat' dir='ltr'>ttlouasierio</span> <span class='ocrx_word' id='word_1_276' title='bbox 1359 628 1515 661; x_wconf 77' lang='lat' dir='ltr'>cassinen.</span> <span class='ocrx_word' id='word_1_277' title='bbox 1537 628 1619 671; x_wconf 77' lang='lat' dir='ltr'>quod</span> <span class='ocrx_word' id='word_1_278' title='bbox 1639 627 1773 671; x_wconf 74' lang='lat' dir='ltr'>primum</span> <span class='ocrx_word' id='word_1_279' title='bbox 1795 627 1886 660; x_wconf 76' lang='lat' dir='ltr'>toet&#39;us</span> 
     </span>
     <span class='ocr_line' id='line_1_63' title="bbox 1190 677 1886 715; baseline -0.003 -4"><span class='ocrx_word' id='word_1_280' title='bbox 1190 679 1298 711; x_wconf 77' lang='lat' dir='ltr'>ltaliae</span> <span class='ocrx_word' id='word_1_281' title='bbox 1324 679 1471 715; x_wconf 79' lang='lat' dir='ltr'>declarat,</span> <span class='ocrx_word' id='word_1_282' title='bbox 1501 679 1581 710; x_wconf 81' lang='lat' dir='ltr'>bona</span> <span class='ocrx_word' id='word_1_283' title='bbox 1602 689 1638 710; x_wconf 83' lang='lat' dir='ltr'>ac</span> <span class='ocrx_word' id='word_1_284' title='bbox 1660 677 1808 710; x_wconf 73' lang='lat' dir='ltr'>libertates</span> <span class='ocrx_word' id='word_1_285' title='bbox 1825 689 1886 709; x_wconf 82' lang='lat' dir='ltr'>om-</span> 
     </span>
     <span class='ocr_line' id='line_1_64' title="bbox 1187 726 1886 772; baseline -0.001 -12"><span class='ocrx_word' id='word_1_286' title='bbox 1187 740 1236 761; x_wconf 74' lang='lat' dir='ltr'>nes</span> <span class='ocrx_word' id='word_1_287' title='bbox 1261 729 1433 772; x_wconf 72' lang='lat' dir='ltr'>confir-titul,</span> <span class='ocrx_word' id='word_1_288' title='bbox 1461 738 1596 771; x_wconf 76' lang='lat' dir='ltr'>novaque</span> <span class='ocrx_word' id='word_1_289' title='bbox 1627 727 1758 760; x_wconf 81' lang='lat' dir='ltr'>concedit</span> <span class='ocrx_word' id='word_1_290' title='bbox 1789 726 1886 771; x_wconf 73' lang='lat' dir='ltr'>priui-</span> 
     </span>
     <span class='ocr_line' id='line_1_65' title="bbox 1189 778 1345 822; baseline 0 -12"><span class='ocrx_word' id='word_1_291' title='bbox 1189 778 1269 822; x_wconf 68' lang='lat' dir='ltr'>[eyia</span> <span class='ocrx_word' id='word_1_292' title='bbox 1288 778 1345 820; x_wconf 70' lang='lat'>(⁶2).</span> 
     </span>
    </p>
   </div>
   <div class='ocr_carea' id='block_1_11' title="bbox 1402 845 1617 876">
    <p class='ocr_par' dir='ltr' id='par_1_12' title="bbox 1402 845 1617 876">
     <span class='ocr_line' id='line_1_66' title="bbox 1402 845 1617 876; baseline -0.005 0"><span class='ocrx_word' id='word_1_293' title='bbox 1402 845 1617 876; x_wconf 59' lang='lat' dir='ltr'>smutattlmt</span> 
     </span>
    </p>
   </div>
   <div class='ocr_carea' id='block_1_12' title="bbox 1138 913 1889 2205">
    <p class='ocr_par' dir='ltr' id='par_1_13' title="bbox 1138 913 1889 2205">
     <span class='ocr_line' id='line_1_67' title="bbox 1138 913 1885 943; baseline 0 0"><span class='ocrx_word' id='word_1_294' title='bbox 1138 914 1303 943; x_wconf 72' lang='lat' dir='ltr'>Exordium.</span> <span class='ocrx_word' id='word_1_295' title='bbox 1321 931 1360 935; x_wconf 97' lang='lat'><strong>—</strong></span> <span class='ocrx_word' id='word_1_296' title='bbox 1377 913 1642 943; x_wconf 84' lang='lat' dir='ltr'>Praedecessorum</span> <span class='ocrx_word' id='word_1_297' title='bbox 1661 921 1742 942; x_wconf 88' lang='lat' dir='ltr'>more</span> <span class='ocrx_word' id='word_1_298' title='bbox 1762 919 1885 943; x_wconf 85' lang='lat' dir='ltr'>monast.</span> 
     </span>
     <span class='ocr_line' id='line_1_68' title="bbox 1179 956 1888 998; baseline 0 -10"><span class='ocrx_word' id='word_1_299' title='bbox 1179 960 1231 988; x_wconf 81' lang='lat' dir='ltr'>hoc</span> <span class='ocrx_word' id='word_1_300' title='bbox 1249 959 1303 988; x_wconf 86' lang='lat' dir='ltr'>snb</span> <span class='ocrx_word' id='word_1_301' title='bbox 1324 958 1501 998; x_wconf 79' lang='lat' dir='ltr'>protectione</span> <span class='ocrx_word' id='word_1_302' title='bbox 1514 956 1598 986; x_wconf 84' lang='lat' dir='ltr'>Sedis</span> <span class='ocrx_word' id='word_1_303' title='bbox 1611 957 1740 996; x_wconf 79' lang='lat' dir='ltr'>Apostol.</span> <span class='ocrx_word' id='word_1_304' title='bbox 1761 958 1888 997; x_wconf 84' lang='lat' dir='ltr'>suscipit</span> 
     </span>
     <span class='ocr_line' id='line_1_69' title="bbox 1178 1002 1883 1033; baseline 0 -1"><span class='ocrx_word' id='word_1_305' title='bbox 1178 1003 1317 1033; x_wconf 74' lang='lat' dir='ltr'>Pontifex.</span> <span class='ocrx_word' id='word_1_306' title='bbox 1344 1021 1382 1025; x_wconf 97' lang='lat'>—</span> <span class='ocrx_word' id='word_1_307' title='bbox 1414 1002 1491 1031; x_wconf 81' lang='lat' dir='ltr'>Bona</span> <span class='ocrx_word' id='word_1_308' title='bbox 1515 1002 1611 1031; x_wconf 78' lang='lat' dir='ltr'>omnia</span> <span class='ocrx_word' id='word_1_309' title='bbox 1643 1011 1676 1031; x_wconf 91' lang='lat' dir='ltr'>ac</span> <span class='ocrx_word' id='word_1_310' title='bbox 1708 1005 1883 1032; x_wconf 86' lang='lat' dir='ltr'>monasteria</span> 
     </span>
     <span class='ocr_line' id='line_1_70' title="bbox 1177 1046 1885 1086; baseline 0 -8"><span class='ocrx_word' id='word_1_311' title='bbox 1177 1049 1308 1078; x_wconf 85' lang='lat' dir='ltr'>eiusdem</span> <span class='ocrx_word' id='word_1_312' title='bbox 1345 1048 1512 1083; x_wconf 78' lang='lat' dir='ltr'>centirmat3</span> <span class='ocrx_word' id='word_1_313' title='bbox 1536 1064 1576 1068; x_wconf 97' lang='lat'><strong>—</strong></span> <span class='ocrx_word' id='word_1_314' title='bbox 1600 1046 1630 1076; x_wconf 92' lang='lat' dir='ltr'>Iu</span> <span class='ocrx_word' id='word_1_315' title='bbox 1663 1047 1771 1086; x_wconf 90' lang='lat' dir='ltr'>quibus</span> <span class='ocrx_word' id='word_1_316' title='bbox 1794 1048 1885 1078; x_wconf 84' lang='lat' dir='ltr'>mulla</span> 
     </span>
     <span class='ocr_line' id='line_1_71' title="bbox 1178 1091 1885 1132; baseline 0 -10"><span class='ocrx_word' id='word_1_317' title='bbox 1178 1094 1304 1132; x_wconf 78' lang='lat' dir='ltr'>propriis</span> <span class='ocrx_word' id='word_1_318' title='bbox 1328 1092 1478 1122; x_wconf 76' lang='lat' dir='ltr'>vocabulis</span> <span class='ocrx_word' id='word_1_319' title='bbox 1497 1095 1663 1120; x_wconf 82' lang='lat' dir='ltr'>enumerat:</span> <span class='ocrx_word' id='word_1_320' title='bbox 1680 1107 1720 1113; x_wconf 92' lang='lat'><strong>—</strong></span> <span class='ocrx_word' id='word_1_321' title='bbox 1736 1091 1885 1122; x_wconf 84' lang='lat' dir='ltr'>Ecclesias</span> 
     </span>
     <span class='ocr_line' id='line_1_72' title="bbox 1177 1136 1885 1175; baseline 0 -8"><span class='ocrx_word' id='word_1_322' title='bbox 1177 1148 1242 1167; x_wconf 88' lang='lat' dir='ltr'>cum</span> <span class='ocrx_word' id='word_1_323' title='bbox 1272 1138 1334 1167; x_wconf 90' lang='lat' dir='ltr'>suis</span> <span class='ocrx_word' id='word_1_324' title='bbox 1361 1137 1545 1175; x_wconf 85' lang='lat' dir='ltr'>pertinentiis</span> <span class='ocrx_word' id='word_1_325' title='bbox 1573 1141 1629 1166; x_wconf 88' lang='lat' dir='ltr'>tam</span> <span class='ocrx_word' id='word_1_326' title='bbox 1658 1136 1688 1166; x_wconf 91' lang='lat' dir='ltr'>in</span> <span class='ocrx_word' id='word_1_327' title='bbox 1720 1140 1776 1166; x_wconf 86' lang='lat' dir='ltr'>tota</span> <span class='ocrx_word' id='word_1_328' title='bbox 1803 1136 1885 1167; x_wconf 86' lang='lat' dir='ltr'>ltalia</span> 
     </span>
     <span class='ocr_line' id='line_1_73' title="bbox 1177 1179 1886 1217; baseline -0.001 -5"><span class='ocrx_word' id='word_1_329' title='bbox 1177 1182 1376 1217; x_wconf 88' lang='lat' dir='ltr'>continentali,</span> <span class='ocrx_word' id='word_1_330' title='bbox 1393 1181 1541 1216; x_wconf 82' lang='lat' dir='ltr'>—Quam</span> <span class='ocrx_word' id='word_1_331' title='bbox 1565 1181 1651 1209; x_wconf 89' lang='lat' dir='ltr'>etiam</span> <span class='ocrx_word' id='word_1_332' title='bbox 1681 1181 1709 1209; x_wconf 87' lang='lat' dir='ltr'>in</span> <span class='ocrx_word' id='word_1_333' title='bbox 1732 1179 1886 1211; x_wconf 85' lang='lat' dir='ltr'>Sardiniae</span> 
     </span>
     <span class='ocr_line' id='line_1_74' title="bbox 1178 1225 1884 1264; baseline -0.001 -7"><span class='ocrx_word' id='word_1_334' title='bbox 1178 1227 1284 1264; x_wconf 88' lang='lat' dir='ltr'>insula,</span> <span class='ocrx_word' id='word_1_335' title='bbox 1305 1244 1344 1248; x_wconf 97' lang='lat'><strong>—</strong></span> <span class='ocrx_word' id='word_1_336' title='bbox 1364 1225 1421 1255; x_wconf 68' lang='lat' dir='ltr'>Nec</span> <span class='ocrx_word' id='word_1_337' title='bbox 1445 1235 1501 1254; x_wconf 88' lang='lat' dir='ltr'>non</span> <span class='ocrx_word' id='word_1_338' title='bbox 1525 1230 1552 1255; x_wconf 88' lang='lat' dir='ltr'>et</span> <span class='ocrx_word' id='word_1_339' title='bbox 1575 1225 1602 1254; x_wconf 85' lang='lat' dir='ltr'>in</span> <span class='ocrx_word' id='word_1_340' title='bbox 1632 1225 1705 1255; x_wconf 91' lang='lat' dir='ltr'>locis</span> <span class='ocrx_word' id='word_1_341' title='bbox 1727 1230 1806 1255; x_wconf 84' lang='lat' dir='ltr'>extra</span> <span class='ocrx_word' id='word_1_342' title='bbox 1823 1225 1884 1256; x_wconf 89' lang='lat' dir='ltr'>Ita-</span> 
     </span>
     <span class='ocr_line' id='line_1_75' title="bbox 1178 1269 1883 1311; baseline 0 -11"><span class='ocrx_word' id='word_1_343' title='bbox 1178 1272 1244 1301; x_wconf 91' lang='lat' dir='ltr'>liam</span> <span class='ocrx_word' id='word_1_344' title='bbox 1265 1271 1385 1311; x_wconf 85' lang='lat' dir='ltr'>positas.</span> <span class='ocrx_word' id='word_1_345' title='bbox 1402 1287 1441 1292; x_wconf 87' lang='lat'>—-</span> <span class='ocrx_word' id='word_1_346' title='bbox 1457 1269 1609 1299; x_wconf 76' lang='lat' dir='ltr'>Cassinen.</span> <span class='ocrx_word' id='word_1_347' title='bbox 1629 1274 1752 1300; x_wconf 89' lang='lat' dir='ltr'>monast.</span> <span class='ocrx_word' id='word_1_348' title='bbox 1771 1271 1883 1309; x_wconf 87' lang='lat' dir='ltr'>prima-</span> 
     </span>
     <span class='ocr_line' id='line_1_76' title="bbox 1178 1314 1886 1354; baseline -0.003 -9"><span class='ocrx_word' id='word_1_349' title='bbox 1178 1317 1246 1345; x_wconf 87' lang='lat' dir='ltr'>tiam</span> <span class='ocrx_word' id='word_1_350' title='bbox 1281 1324 1372 1354; x_wconf 87' lang='lat' dir='ltr'>super</span> <span class='ocrx_word' id='word_1_351' title='bbox 1407 1320 1519 1344; x_wconf 81' lang='lat' dir='ltr'>caetera</span> <span class='ocrx_word' id='word_1_352' title='bbox 1543 1314 1684 1344; x_wconf 86' lang='lat' dir='ltr'>coenobia</span> <span class='ocrx_word' id='word_1_353' title='bbox 1709 1315 1825 1344; x_wconf 90' lang='lat' dir='ltr'>asserit.</span> <span class='ocrx_word' id='word_1_354' title='bbox 1845 1332 1886 1338; x_wconf 83' lang='lat'>—</span> 
     </span>
     <span class='ocr_line' id='line_1_77' title="bbox 1179 1358 1884 1395; baseline 0 -6"><span class='ocrx_word' id='word_1_355' title='bbox 1179 1361 1267 1390; x_wconf 88' lang='lat' dir='ltr'>Usum</span> <span class='ocrx_word' id='word_1_356' title='bbox 1291 1360 1488 1395; x_wconf 80' lang='lat' dir='ltr'>chirothecae,</span> <span class='ocrx_word' id='word_1_357' title='bbox 1520 1358 1694 1388; x_wconf 83' lang='lat' dir='ltr'>dalmaticae</span> <span class='ocrx_word' id='word_1_358' title='bbox 1725 1368 1758 1388; x_wconf 89' lang='lat' dir='ltr'>ac</span> <span class='ocrx_word' id='word_1_359' title='bbox 1782 1360 1884 1389; x_wconf 87' lang='lat' dir='ltr'>mitrae</span> 
     </span>
     <span class='ocr_line' id='line_1_78' title="bbox 1177 1402 1886 1435; baseline -0.001 -1"><span class='ocrx_word' id='word_1_360' title='bbox 1177 1406 1294 1435; x_wconf 85' lang='lat' dir='ltr'>statutis</span> <span class='ocrx_word' id='word_1_361' title='bbox 1313 1404 1418 1434; x_wconf 90' lang='lat' dir='ltr'>diebus</span> <span class='ocrx_word' id='word_1_362' title='bbox 1438 1404 1501 1433; x_wconf 90' lang='lat' dir='ltr'>eius</span> <span class='ocrx_word' id='word_1_363' title='bbox 1514 1402 1670 1433; x_wconf 83' lang='lat' dir='ltr'>abbatibus</span> <span class='ocrx_word' id='word_1_364' title='bbox 1689 1403 1832 1433; x_wconf 86' lang='lat' dir='ltr'>concedit.</span> <span class='ocrx_word' id='word_1_365' title='bbox 1846 1421 1886 1426; x_wconf 90' lang='lat'>—</span> 
     </span>
     <span class='ocr_line' id='line_1_79' title="bbox 1178 1446 1884 1489; baseline -0.001 -10"><span class='ocrx_word' id='word_1_366' title='bbox 1178 1450 1275 1489; x_wconf 87' lang='lat' dir='ltr'>ipsum</span> <span class='ocrx_word' id='word_1_367' title='bbox 1290 1458 1355 1479; x_wconf 86' lang='lat' dir='ltr'>vero</span> <span class='ocrx_word' id='word_1_368' title='bbox 1369 1450 1424 1478; x_wconf 85' lang='lat' dir='ltr'>soli</span> <span class='ocrx_word' id='word_1_369' title='bbox 1437 1447 1622 1488; x_wconf 78' lang='lat' dir='ltr'>Apostolicae</span> <span class='ocrx_word' id='word_1_370' title='bbox 1635 1446 1703 1477; x_wconf 86' lang='lat' dir='ltr'>Sedi</span> <span class='ocrx_word' id='word_1_371' title='bbox 1717 1447 1884 1478; x_wconf 90' lang='lat' dir='ltr'>subiectum</span> 
     </span>
     <span class='ocr_line' id='line_1_80' title="bbox 1178 1492 1885 1531; baseline -0.003 -7"><span class='ocrx_word' id='word_1_372' title='bbox 1178 1495 1313 1524; x_wconf 81' lang='lat' dir='ltr'>declarat.</span> <span class='ocrx_word' id='word_1_373' title='bbox 1331 1511 1370 1516; x_wconf 97' lang='lat'><strong>—</strong></span> <span class='ocrx_word' id='word_1_374' title='bbox 1388 1493 1499 1529; x_wconf 87' lang='lat' dir='ltr'>Laicos‚</span> <span class='ocrx_word' id='word_1_375' title='bbox 1517 1492 1702 1531; x_wconf 86' lang='lat' dir='ltr'>clericosque</span> <span class='ocrx_word' id='word_1_376' title='bbox 1721 1492 1750 1521; x_wconf 95' lang='lat' dir='ltr'>in</span> <span class='ocrx_word' id='word_1_377' title='bbox 1781 1493 1885 1522; x_wconf 89' lang='lat' dir='ltr'>eodem</span> 
     </span>
     <span class='ocr_line' id='line_1_81' title="bbox 1178 1535 1886 1578; baseline -0.003 -9"><span class='ocrx_word' id='word_1_378' title='bbox 1178 1539 1269 1578; x_wconf 83' lang='lat' dir='ltr'>recipi</span> <span class='ocrx_word' id='word_1_379' title='bbox 1304 1547 1389 1577; x_wconf 86' lang='lat' dir='ltr'>posse</span> <span class='ocrx_word' id='word_1_380' title='bbox 1413 1537 1555 1575; x_wconf 73' lang='lat' dir='ltr'>indulget.</span> <span class='ocrx_word' id='word_1_381' title='bbox 1572 1553 1612 1558; x_wconf 88' lang='lat'>—-</span> <span class='ocrx_word' id='word_1_382' title='bbox 1628 1535 1732 1565; x_wconf 77' lang='lat' dir='ltr'>Abbati</span> <span class='ocrx_word' id='word_1_383' title='bbox 1768 1546 1886 1577; x_wconf 86' lang='lat' dir='ltr'>quoque</span> 
     </span>
     <span class='ocr_line' id='line_1_82' title="bbox 1178 1582 1886 1621; baseline -0.001 -8"><span class='ocrx_word' id='word_1_384' title='bbox 1178 1584 1222 1613; x_wconf 88' lang='lat' dir='ltr'>ius</span> <span class='ocrx_word' id='word_1_385' title='bbox 1245 1582 1441 1621; x_wconf 77' lang='lat' dir='ltr'>cognoscendi</span> <span class='ocrx_word' id='word_1_386' title='bbox 1463 1590 1568 1611; x_wconf 82' lang='lat' dir='ltr'>causas</span> <span class='ocrx_word' id='word_1_387' title='bbox 1586 1586 1645 1610; x_wconf 91' lang='lat' dir='ltr'>tum</span> <span class='ocrx_word' id='word_1_388' title='bbox 1665 1582 1886 1620; x_wconf 83' lang='lat' dir='ltr'>monachorum,</span> 
     </span>
     <span class='ocr_line' id='line_1_83' title="bbox 1178 1626 1885 1658; baseline -0.001 -1"><span class='ocrx_word' id='word_1_389' title='bbox 1178 1638 1244 1658; x_wconf 89' lang='lat' dir='ltr'>cum</span> <span class='ocrx_word' id='word_1_390' title='bbox 1262 1628 1433 1657; x_wconf 82' lang='lat' dir='ltr'>monialium</span> <span class='ocrx_word' id='word_1_391' title='bbox 1450 1626 1505 1656; x_wconf 85' lang='lat' dir='ltr'>sibi</span> <span class='ocrx_word' id='word_1_392' title='bbox 1524 1626 1736 1656; x_wconf 90' lang='lat' dir='ltr'>subiectarum.</span> <span class='ocrx_word' id='word_1_393' title='bbox 1750 1626 1885 1656; x_wconf 90' lang='lat' dir='ltr'>—lllum</span> 
     </span>
     <span class='ocr_line' id='line_1_84' title="bbox 1179 1672 1886 1712; baseline 0 -10"><span class='ocrx_word' id='word_1_394' title='bbox 1179 1683 1244 1703; x_wconf 72' lang='lat' dir='ltr'>xero</span> <span class='ocrx_word' id='word_1_395' title='bbox 1268 1681 1318 1712; x_wconf 85' lang='lat' dir='ltr'>per</span> <span class='ocrx_word' id='word_1_396' title='bbox 1339 1673 1499 1702; x_wconf 87' lang='lat' dir='ltr'>monachos</span> <span class='ocrx_word' id='word_1_397' title='bbox 1523 1676 1632 1701; x_wconf 86' lang='lat' dir='ltr'>tantum</span> <span class='ocrx_word' id='word_1_398' title='bbox 1660 1672 1837 1710; x_wconf 82' lang='lat' dir='ltr'>eligendum,</span> <span class='ocrx_word' id='word_1_399' title='bbox 1859 1677 1886 1702; x_wconf 89' lang='lat' dir='ltr'>et</span> 
     </span>
     <span class='ocr_line' id='line_1_85' title="bbox 1178 1715 1887 1747; baseline -0.001 0"><span class='ocrx_word' id='word_1_400' title='bbox 1178 1730 1191 1747; x_wconf 83' lang='lat' dir='ltr'>a</span> <span class='ocrx_word' id='word_1_401' title='bbox 1212 1718 1294 1747; x_wconf 77' lang='lat' dir='ltr'>Itoni.</span> <span class='ocrx_word' id='word_1_402' title='bbox 1318 1717 1457 1746; x_wconf 83' lang='lat' dir='ltr'>Pontifice</span> <span class='ocrx_word' id='word_1_403' title='bbox 1480 1715 1887 1746; x_wconf 74' lang='lat' dir='ltr'>consecranduin.—sacra-</span> 
     </span>
     <span class='ocr_line' id='line_1_86' title="bbox 1179 1761 1887 1801; baseline -0.001 -8"><span class='ocrx_word' id='word_1_404' title='bbox 1179 1768 1284 1799; x_wconf 88' lang='lat' dir='ltr'>menta,</span> <span class='ocrx_word' id='word_1_405' title='bbox 1317 1762 1553 1792; x_wconf 76' lang='lat' dir='ltr'>consecrationes</span> <span class='ocrx_word' id='word_1_406' title='bbox 1588 1761 1739 1798; x_wconf 78' lang='lat' dir='ltr'>altarium,</span> <span class='ocrx_word' id='word_1_407' title='bbox 1770 1762 1887 1801; x_wconf 84' lang='lat' dir='ltr'>aliaque</span> 
     </span>
     <span class='ocr_line' id='line_1_87' title="bbox 1181 1806 1887 1846; baseline 0 -9"><span class='ocrx_word' id='word_1_408' title='bbox 1181 1809 1268 1837; x_wconf 88' lang='lat' dir='ltr'>liuius</span> <span class='ocrx_word' id='word_1_409' title='bbox 1291 1807 1407 1845; x_wconf 71' lang='lat' dir='ltr'>generis</span> <span class='ocrx_word' id='word_1_410' title='bbox 1426 1817 1439 1835; x_wconf 89' lang='lat' dir='ltr'>a</span> <span class='ocrx_word' id='word_1_411' title='bbox 1460 1815 1646 1845; x_wconf 80' lang='lat' dir='ltr'>quocumque</span> <span class='ocrx_word' id='word_1_412' title='bbox 1664 1806 1810 1836; x_wconf 81' lang='lat' dir='ltr'>voluerint</span> <span class='ocrx_word' id='word_1_413' title='bbox 1824 1808 1887 1846; x_wconf 84' lang='lat' dir='ltr'>epi-</span> 
     </span>
     <span class='ocr_line' id='line_1_88' title="bbox 1180 1851 1888 1892; baseline -0.001 -10"><span class='ocrx_word' id='word_1_414' title='bbox 1180 1862 1268 1892; x_wconf 87' lang='lat' dir='ltr'>scopo</span> <span class='ocrx_word' id='word_1_415' title='bbox 1306 1856 1422 1890; x_wconf 86' lang='lat' dir='ltr'>petere,</span> <span class='ocrx_word' id='word_1_416' title='bbox 1458 1856 1488 1880; x_wconf 93' lang='lat' dir='ltr'>ut</span> <span class='ocrx_word' id='word_1_417' title='bbox 1524 1851 1646 1890; x_wconf 84' lang='lat' dir='ltr'>possint,</span> <span class='ocrx_word' id='word_1_418' title='bbox 1679 1851 1827 1889; x_wconf 81' lang='lat' dir='ltr'>elargitur.</span> <span class='ocrx_word' id='word_1_419' title='bbox 1848 1869 1888 1875; x_wconf 91' lang='lat'><strong>—</strong></span> 
     </span>
     <span class='ocr_line' id='line_1_89' title="bbox 1179 1895 1887 1926; baseline 0 0"><span class='ocrx_word' id='word_1_420' title='bbox 1179 1897 1303 1926; x_wconf 87' lang='lat' dir='ltr'>Palladii</span> <span class='ocrx_word' id='word_1_421' title='bbox 1326 1896 1430 1926; x_wconf 87' lang='lat' dir='ltr'>cellam</span> <span class='ocrx_word' id='word_1_422' title='bbox 1462 1895 1491 1925; x_wconf 91' lang='lat' dir='ltr'>in</span> <span class='ocrx_word' id='word_1_423' title='bbox 1525 1895 1596 1924; x_wconf 89' lang='lat' dir='ltr'>urbe</span> <span class='ocrx_word' id='word_1_424' title='bbox 1627 1896 1669 1924; x_wconf 89' lang='lat' dir='ltr'>eis</span> <span class='ocrx_word' id='word_1_425' title='bbox 1704 1896 1840 1926; x_wconf 87' lang='lat' dir='ltr'>concedit</span> <span class='ocrx_word' id='word_1_426' title='bbox 1856 1896 1887 1926; x_wconf 89' lang='lat' dir='ltr'>in</span> 
     </span>
     <span class='ocr_line' id='line_1_90' title="bbox 1181 1941 1886 1982; baseline -0.001 -11"><span class='ocrx_word' id='word_1_427' title='bbox 1181 1942 1352 1982; x_wconf 86' lang='lat' dir='ltr'>hospitium.</span> <span class='ocrx_word' id='word_1_428' title='bbox 1375 1958 1414 1963; x_wconf 78' lang='lat'><em>-</em></span> <span class='ocrx_word' id='word_1_429' title='bbox 1437 1941 1622 1980; x_wconf 72' lang='lat' dir='ltr'>sepulturam</span> <span class='ocrx_word' id='word_1_430' title='bbox 1646 1949 1712 1969; x_wconf 73' lang='lat' dir='ltr'>vero</span> <span class='ocrx_word' id='word_1_431' title='bbox 1735 1944 1886 1970; x_wconf 84' lang='lat' dir='ltr'>monaste-</span> 
     </span>
     <span class='ocr_line' id='line_1_91' title="bbox 1181 1985 1888 2026; baseline -0.003 -10"><span class='ocrx_word' id='word_1_432' title='bbox 1181 1989 1289 2016; x_wconf 79' lang='lat' dir='ltr'>riorum</span> <span class='ocrx_word' id='word_1_433' title='bbox 1307 1997 1321 2015; x_wconf 89' lang='lat' dir='ltr'>a</span> <span class='ocrx_word' id='word_1_434' title='bbox 1337 1986 1505 2016; x_wconf 83' lang='lat' dir='ltr'>Cassinensi</span> <span class='ocrx_word' id='word_1_435' title='bbox 1523 1986 1748 2026; x_wconf 86' lang='lat' dir='ltr'>dependentium</span> <span class='ocrx_word' id='word_1_436' title='bbox 1764 1985 1888 2015; x_wconf 85' lang='lat' dir='ltr'>liberam</span> 
     </span>
     <span class='ocr_line' id='line_1_92' title="bbox 1181 2030 1888 2061; baseline -0.001 -1"><span class='ocrx_word' id='word_1_437' title='bbox 1181 2031 1298 2061; x_wconf 88' lang='lat' dir='ltr'>omnino</span> <span class='ocrx_word' id='word_1_438' title='bbox 1317 2031 1454 2061; x_wconf 80' lang='lat' dir='ltr'>declarat.</span> <span class='ocrx_word' id='word_1_439' title='bbox 1469 2049 1507 2053; x_wconf 97' lang='lat'><strong>—</strong></span> <span class='ocrx_word' id='word_1_440' title='bbox 1521 2031 1672 2061; x_wconf 83' lang='lat' dir='ltr'>Decretum</span> <span class='ocrx_word' id='word_1_441' title='bbox 1696 2030 1888 2061; x_wconf 87' lang='lat' dir='ltr'>immunitatis</span> 
     </span>
     <span class='ocr_line' id='line_1_93' title="bbox 1181 2075 1889 2115; baseline -0.001 -10"><span class='ocrx_word' id='word_1_442' title='bbox 1181 2086 1195 2105; x_wconf 88' lang='lat' dir='ltr'>a</span> <span class='ocrx_word' id='word_1_443' title='bbox 1215 2085 1400 2115; x_wconf 83' lang='lat' dir='ltr'>quacumque</span> <span class='ocrx_word' id='word_1_444' title='bbox 1435 2076 1578 2112; x_wconf 85' lang='lat' dir='ltr'>molestia,</span> <span class='ocrx_word' id='word_1_445' title='bbox 1596 2076 1623 2105; x_wconf 78' lang='lat' dir='ltr'>vi</span> <span class='ocrx_word' id='word_1_446' title='bbox 1644 2079 1698 2105; x_wconf 88' lang='lat' dir='ltr'>etc.</span> <span class='ocrx_word' id='word_1_447' title='bbox 1719 2093 1759 2098; x_wconf 96' lang='lat'><strong>—</strong></span> <span class='ocrx_word' id='word_1_448' title='bbox 1779 2075 1889 2104; x_wconf 88' lang='lat' dir='ltr'>Solitae</span> 
     </span>
     <span class='ocr_line' id='line_1_94' title="bbox 1181 2118 1888 2151; baseline -0.003 -1"><span class='ocrx_word' id='word_1_449' title='bbox 1181 2121 1341 2150; x_wconf 86' lang='lat' dir='ltr'>clausulae.</span> <span class='ocrx_word' id='word_1_450' title='bbox 1361 2137 1401 2142; x_wconf 91' lang='lat'>—</span> <span class='ocrx_word' id='word_1_451' title='bbox 1423 2120 1577 2151; x_wconf 74' lang='lat' dir='ltr'>Alexandri</span> <span class='ocrx_word' id='word_1_452' title='bbox 1603 2120 1658 2150; x_wconf 85' lang='lat' dir='ltr'>PP.</span> <span class='ocrx_word' id='word_1_453' title='bbox 1688 2126 1716 2150; x_wconf 89' lang='lat' dir='ltr'>et</span> <span class='ocrx_word' id='word_1_454' title='bbox 1746 2120 1776 2151; x_wconf 92' lang='lat' dir='ltr'>S.</span> <span class='ocrx_word' id='word_1_455' title='bbox 1803 2119 1836 2150; x_wconf 81' lang='lat' dir='ltr'>R.</span> <span class='ocrx_word' id='word_1_456' title='bbox 1857 2118 1888 2149; x_wconf 84' lang='lat' dir='ltr'>E.</span> 
     </span>
     <span class='ocr_line' id='line_1_95' title="bbox 1181 2165 1424 2205; baseline -0.004 -10"><span class='ocrx_word' id='word_1_457' title='bbox 1181 2165 1424 2205; x_wconf 83' lang='lat' dir='ltr'>subscriptiones.</span> 
     </span>
    </p>
   </div>
   <div class='ocr_carea' id='block_1_13' title="bbox 1142 2227 1891 2713">
    <p class='ocr_par' dir='ltr' id='par_1_14' title="bbox 1142 2227 1891 2713">
     <span class='ocr_line' id='line_1_96' title="bbox 1177 2227 1890 2263; baseline 0 -9"><span class='ocrx_word' id='word_1_458' title='bbox 1177 2228 1216 2263; x_wconf 88' lang='lat' dir='ltr'>(l)</span> <span class='ocrx_word' id='word_1_459' title='bbox 1228 2228 1256 2254; x_wconf 93' lang='lat' dir='ltr'>In</span> <span class='ocrx_word' id='word_1_460' title='bbox 1269 2228 1376 2262; x_wconf 85' lang='lat' dir='ltr'>epistola</span> <span class='ocrx_word' id='word_1_461' title='bbox 1393 2227 1511 2254; x_wconf 88' lang='lat' dir='ltr'>eiusdem</span> <span class='ocrx_word' id='word_1_462' title='bbox 1527 2227 1685 2262; x_wconf 80' lang='lat' dir='ltr'>argumenti,</span> <span class='ocrx_word' id='word_1_463' title='bbox 1697 2227 1830 2254; x_wconf 86' lang='lat' dir='ltr'>nonnullis</span> <span class='ocrx_word' id='word_1_464' title='bbox 1840 2227 1890 2254; x_wconf 89' lang='lat' dir='ltr'>im-</span> 
     </span>
     <span class='ocr_line' id='line_1_97' title="bbox 1142 2272 1890 2308; baseline 0 -9"><span class='ocrx_word' id='word_1_465' title='bbox 1142 2273 1261 2305; x_wconf 82' lang='lat' dir='ltr'>mutatis,</span> <span class='ocrx_word' id='word_1_466' title='bbox 1281 2273 1478 2308; x_wconf 79' lang='lat' dir='ltr'>archiepiscopo</span> <span class='ocrx_word' id='word_1_467' title='bbox 1502 2272 1612 2307; x_wconf 84' lang='lat' dir='ltr'>eiusque</span> <span class='ocrx_word' id='word_1_468' title='bbox 1630 2272 1800 2306; x_wconf 79' lang='lat' dir='ltr'>suffraganeis</span> <span class='ocrx_word' id='word_1_469' title='bbox 1823 2272 1890 2299; x_wconf 89' lang='lat' dir='ltr'>scri—</span> 
     </span>
     <span class='ocr_line' id='line_1_98' title="bbox 1143 2317 1888 2352; baseline 0.001 -9"><span class='ocrx_word' id='word_1_470' title='bbox 1143 2321 1197 2352; x_wconf 88' lang='lat' dir='ltr'>pta,</span> <span class='ocrx_word' id='word_1_471' title='bbox 1215 2325 1293 2352; x_wconf 87' lang='lat' dir='ltr'>quam</span> <span class='ocrx_word' id='word_1_472' title='bbox 1310 2318 1389 2344; x_wconf 77' lang='lat' dir='ltr'>refert</span> <span class='ocrx_word' id='word_1_473' title='bbox 1405 2317 1536 2349; x_wconf 82' lang='lat' dir='ltr'>Gaffarus,</span> <span class='ocrx_word' id='word_1_474' title='bbox 1551 2317 1644 2343; x_wconf 78' lang='lat' dir='ltr'>Annal.</span> <span class='ocrx_word' id='word_1_475' title='bbox 1661 2318 1794 2350; x_wconf 66' lang='lat' dir='ltr'>Genuen„</span> <span class='ocrx_word' id='word_1_476' title='bbox 1807 2317 1851 2344; x_wconf 90' lang='lat' dir='ltr'>lib.</span> <span class='ocrx_word' id='word_1_477' title='bbox 1869 2326 1888 2350; x_wconf 87' lang='lat'>1,</span> 
     </span>
     <span class='ocr_line' id='line_1_99' title="bbox 1144 2362 1888 2398; baseline 0 -9"><span class='ocrx_word' id='word_1_478' title='bbox 1144 2363 1246 2397; x_wconf 76' lang='lat' dir='ltr'>legitur:</span> <span class='ocrx_word' id='word_1_479' title='bbox 1261 2363 1328 2388; x_wconf 81' lang='lat' dir='ltr'>Data</span> <span class='ocrx_word' id='word_1_480' title='bbox 1340 2362 1499 2388; x_wconf 70' lang='lat' dir='ltr'>Terracinae</span> <span class='ocrx_word' id='word_1_481' title='bbox 1510 2371 1537 2389; x_wconf 77' lang='lat' dir='ltr'>vr</span> <span class='ocrx_word' id='word_1_482' title='bbox 1549 2364 1601 2388; x_wconf 78' lang='lat' dir='ltr'>kat.</span> <span class='ocrx_word' id='word_1_483' title='bbox 1616 2364 1730 2389; x_wconf 78' lang='lat' dir='ltr'>octobris</span> <span class='ocrx_word' id='word_1_484' title='bbox 1740 2370 1832 2394; x_wconf 72' lang='lat' dir='ltr'>tticux,</span> <span class='ocrx_word' id='word_1_485' title='bbox 1844 2363 1888 2398; x_wconf 90' lang='lat' dir='ltr'>qui</span> 
     </span>
     <span class='ocr_line' id='line_1_100' title="bbox 1144 2407 1890 2442; baseline 0.001 -9"><span class='ocrx_word' id='word_1_486' title='bbox 1144 2407 1191 2433; x_wconf 82' lang='lat' dir='ltr'>fuit</span> <span class='ocrx_word' id='word_1_487' title='bbox 1216 2407 1358 2434; x_wconf 76' lang='lat' dir='ltr'>Alexandri</span> <span class='ocrx_word' id='word_1_488' title='bbox 1385 2408 1496 2442; x_wconf 83' lang='lat' dir='ltr'>primus.</span> <span class='ocrx_word' id='word_1_489' title='bbox 1523 2407 1596 2441; x_wconf 88' lang='lat' dir='ltr'>Quod</span> <span class='ocrx_word' id='word_1_490' title='bbox 1621 2411 1710 2434; x_wconf 88' lang='lat' dir='ltr'>autem</span> <span class='ocrx_word' id='word_1_491' title='bbox 1735 2415 1768 2434; x_wconf 81' lang='lat' dir='ltr'>ex</span> <span class='ocrx_word' id='word_1_492' title='bbox 1787 2407 1890 2434; x_wconf 88' lang='lat' dir='ltr'>duabus</span> 
     </span>
     <span class='ocr_line' id='line_1_101' title="bbox 1144 2452 1890 2488; baseline 0.001 -10"><span class='ocrx_word' id='word_1_493' title='bbox 1144 2452 1214 2479; x_wconf 74' lang='lat' dir='ltr'>hisce</span> <span class='ocrx_word' id='word_1_494' title='bbox 1232 2452 1349 2487; x_wconf 85' lang='lat' dir='ltr'>epistolis</span> <span class='ocrx_word' id='word_1_495' title='bbox 1367 2452 1426 2479; x_wconf 81' lang='lat' dir='ltr'>ticet</span> <span class='ocrx_word' id='word_1_496' title='bbox 1443 2453 1582 2484; x_wconf 78' lang='lat' dir='ltr'>coniicere,</span> <span class='ocrx_word' id='word_1_497' title='bbox 1599 2452 1710 2479; x_wconf 85' lang='lat' dir='ltr'>caeteris</span> <span class='ocrx_word' id='word_1_498' title='bbox 1721 2460 1828 2488; x_wconf 83' lang='lat' dir='ltr'>quoque</span> <span class='ocrx_word' id='word_1_499' title='bbox 1842 2460 1890 2488; x_wconf 84' lang='lat' dir='ltr'>per</span> 
     </span>
     <span class='ocr_line' id='line_1_102' title="bbox 1146 2496 1890 2524; baseline 0 0"><span class='ocrx_word' id='word_1_500' title='bbox 1146 2499 1244 2524; x_wconf 87' lang='lat' dir='ltr'>ltaliam</span> <span class='ocrx_word' id='word_1_501' title='bbox 1268 2496 1420 2523; x_wconf 74' lang='lat' dir='ltr'>civitatibus</span> <span class='ocrx_word' id='word_1_502' title='bbox 1444 2496 1522 2523; x_wconf 88' lang='lat' dir='ltr'>huius</span> <span class='ocrx_word' id='word_1_503' title='bbox 1541 2496 1641 2524; x_wconf 81' lang='lat' dir='ltr'>formae</span> <span class='ocrx_word' id='word_1_504' title='bbox 1653 2496 1752 2524; x_wconf 77' lang='lat' dir='ltr'>&#39;literas</span> <span class='ocrx_word' id='word_1_505' title='bbox 1771 2496 1805 2523; x_wconf 87' lang='lat' dir='ltr'>ab</span> <span class='ocrx_word' id='word_1_506' title='bbox 1823 2497 1890 2524; x_wconf 84' lang='lat' dir='ltr'>Ate-</span> 
     </span>
     <span class='ocr_line' id='line_1_103' title="bbox 1145 2542 1891 2577; baseline -0.003 -7"><span class='ocrx_word' id='word_1_507' title='bbox 1145 2543 1245 2570; x_wconf 78' lang='lat' dir='ltr'>xandro</span> <span class='ocrx_word' id='word_1_508' title='bbox 1265 2543 1339 2569; x_wconf 84' lang='lat' dir='ltr'>datas</span> <span class='ocrx_word' id='word_1_509' title='bbox 1357 2542 1558 2575; x_wconf 89' lang='lat' dir='ltr'>crediderimus,</span> <span class='ocrx_word' id='word_1_510' title='bbox 1576 2550 1609 2569; x_wconf 85' lang='lat' dir='ltr'>ne</span> <span class='ocrx_word' id='word_1_511' title='bbox 1628 2542 1708 2569; x_wconf 75' lang='lat' dir='ltr'>vassis</span> <span class='ocrx_word' id='word_1_512' title='bbox 1727 2542 1891 2577; x_wconf 86' lang='lat' dir='ltr'>usurpatoris</span> 
     </span>
     <span class='ocr_line' id='line_1_104' title="bbox 1143 2586 1889 2623; baseline 0 -9"><span class='ocrx_word' id='word_1_513' title='bbox 1143 2588 1245 2615; x_wconf 81' lang='lat' dir='ltr'>artibus</span> <span class='ocrx_word' id='word_1_514' title='bbox 1260 2587 1362 2622; x_wconf 85' lang='lat' dir='ltr'>decepti</span> <span class='ocrx_word' id='word_1_515' title='bbox 1378 2596 1391 2614; x_wconf 92' lang='lat' dir='ltr'>a</span> <span class='ocrx_word' id='word_1_516' title='bbox 1409 2587 1458 2614; x_wconf 84' lang='lat' dir='ltr'>side</span> <span class='ocrx_word' id='word_1_517' title='bbox 1474 2588 1587 2623; x_wconf 81' lang='lat' dir='ltr'>legitime</span> <span class='ocrx_word' id='word_1_518' title='bbox 1605 2588 1687 2615; x_wconf 87' lang='lat' dir='ltr'>electo</span> <span class='ocrx_word' id='word_1_519' title='bbox 1705 2587 1823 2615; x_wconf 85' lang='lat' dir='ltr'>Pontifici</span> <span class='ocrx_word' id='word_1_520' title='bbox 1839 2586 1889 2615; x_wconf 85' lang='lat' dir='ltr'>de-</span> 
     </span>
     <span class='ocr_line' id='line_1_105' title="bbox 1145 2632 1888 2668; baseline 0.001 -9"><span class='ocrx_word' id='word_1_521' title='bbox 1145 2633 1197 2660; x_wconf 91' lang='lat' dir='ltr'>bita</span> <span class='ocrx_word' id='word_1_522' title='bbox 1213 2633 1365 2660; x_wconf 84' lang='lat' dir='ltr'>delicerent.</span> <span class='ocrx_word' id='word_1_523' title='bbox 1404 2632 1443 2667; x_wconf 75' lang='lat'>(2)</span> <span class='ocrx_word' id='word_1_524' title='bbox 1466 2633 1504 2659; x_wconf 79' lang='lat' dir='ltr'>Ex</span> <span class='ocrx_word' id='word_1_525' title='bbox 1529 2632 1648 2668; x_wconf 80' lang='lat' dir='ltr'>originali</span> <span class='ocrx_word' id='word_1_526' title='bbox 1674 2632 1756 2660; x_wconf 91' lang='lat' dir='ltr'>edidit</span> <span class='ocrx_word' id='word_1_527' title='bbox 1771 2632 1888 2666; x_wconf 79' lang='lat' dir='ltr'>Gattula,</span> 
     </span>
     <span class='ocr_line' id='line_1_106' title="bbox 1143 2677 1662 2713; baseline -0.004 -8"><span class='ocrx_word' id='word_1_528' title='bbox 1143 2678 1211 2706; x_wconf 83' lang='lat' dir='ltr'>llist.</span> <span class='ocrx_word' id='word_1_529' title='bbox 1229 2678 1378 2710; x_wconf 67' lang='lat' dir='ltr'>Cassiaco„</span> <span class='ocrx_word' id='word_1_530' title='bbox 1394 2685 1462 2704; x_wconf 87' lang='lat' dir='ltr'>saec.</span> <span class='ocrx_word' id='word_1_531' title='bbox 1481 2685 1518 2710; x_wconf 84' lang='lat' dir='ltr'>vr,</span> <span class='ocrx_word' id='word_1_532' title='bbox 1536 2685 1593 2713; x_wconf 84' lang='lat' dir='ltr'>pag.</span> <span class='ocrx_word' id='word_1_533' title='bbox 1612 2677 1662 2704; x_wconf 83' lang='lat'>558</span> 
     </span>
    </p>
   </div>
   <div class='ocr_carea' id='block_1_14' title="bbox 1901 262 2083 289">
    <p class='ocr_par' dir='ltr' id='par_1_15' title="bbox 1901 262 2083 289">
     <span class='ocr_line' id='line_1_107' title="bbox 1901 262 2083 289; baseline 0 0"><span class='ocrx_word' id='word_1_534' title='bbox 1901 264 1949 289; x_wconf 73' lang='lat' dir='ltr'>An.</span> <span class='ocrx_word' id='word_1_535' title='bbox 1968 263 1995 288; x_wconf 79' lang='lat' dir='ltr'>C.</span> <span class='ocrx_word' id='word_1_536' title='bbox 2018 262 2083 289; x_wconf 65' lang='lat'>1139</span> 
     </span>
    </p>
   </div>
   <div class='ocr_carea' id='block_1_15' title="bbox 2125 0 2180 1881">
    <p class='ocr_par' dir='ltr' id='par_1_16' title="bbox 2125 0 2180 1881">
     <span class='ocr_line' id='line_1_108' title="bbox 2125 0 2180 1881; baseline 0 0"><span class='ocrx_word' id='word_1_537' title='bbox 2125 0 2180 1881; x_wconf 95' lang='lat' dir='ltr'>  </span> 
     </span>
    </p>
   </div>
   <div class='ocr_carea' id='block_1_16' title="bbox 2144 1510 2167 1948">
    <p class='ocr_par' dir='ltr' id='par_1_17' title="bbox 2144 1510 2167 1948">
     <span class='ocr_line' id='line_1_109' title="bbox 2144 1510 2167 1948; textangle 90"><span class='ocrx_word' id='word_1_538' title='bbox 2144 1940 2146 1948; x_wconf 57' lang='lat'><strong><em>⁴</em></strong></span> <span class='ocrx_word' id='word_1_539' title='bbox 2144 1916 2158 1927; x_wconf 63' lang='lat'>.‘</span> <span class='ocrx_word' id='word_1_540' title='bbox 2151 1831 2162 1875; x_wconf 48' lang='grc' dir='ltr'>Α...</span> <span class='ocrx_word' id='word_1_541' title='bbox 2152 1689 2167 1818; x_wconf 52' lang='lat'>»-.·‹;—--&gt;—</span> <span class='ocrx_word' id='word_1_542' title='bbox 2151 1581 2160 1678; x_wconf 41' lang='grc' dir='ltr'>ιη’-ν.»</span> <span class='ocrx_word' id='word_1_543' title='bbox 2149 1510 2160 1571; x_wconf 54' lang='grc' dir='ltr'>-ή-ι.</span> 
     </span>
    </p>
   </div>
  </div>
 </body>
</html>
