2180 3205
150 277 198 302 An.
216 275 243 301 (ἶ.
267 273 335 301 109ss

163 381 273 402 Ecclesiae
285 385 295 398 ιι
304 384 333 398 ιιι-

149 409 218 427 ιιιιιιιιυ
230 407 278 426 hun*
291 412 308 424 in
320 415 323 419 -

149 439 186 455 tas
199 432 316 454 ..uitulum
328 441 334 446 ·

151 462 334 508 .,,..,.ι,““ιη.ιι’.ιιιῖ.’ἶ
353 461 436 499 licei,
458 466 489 492 et
515 457 621 491 Sancti
645 456 778 501 Nicolai,
805 465 913 491 contra
936 465 965 491 te
987 463 1017 491 et
1039 457 1102 491 Ec-

150 514 172 535 S.
189 513 297 534 floreum.

174 925 253 948 solitae
273 928 332 949 clau

146 953 212 973 nul-ze.

185 1567 265 1588 Urbani
291 1566 331 1588 PP.

145 1595 280 1620 subscriptio.

162 1656 282 1683 Symbolum
293 1656 330 1677 Ur-

145 1684 195 1705 bani
210 1683 251 1704 PP.

406 245 472 280 16ss

353 312 471 347 [irritata
495 318 579 348 sunt,
602 308 835 343 confirmamus.
859 307 1025 349 Querulum
1045 321 1103 343 an-

353 370 413 396 tem
440 360 664 394 monachorum
692 358 728 392 S.
751 357 912 397 Florentii,
946 370 1039 403 quam
1063 358 1101 391 de

353 410 506 445 Ecclesiis
530 407 704 446 Lausduni,
730 406 865 442 Sanctae
886 406 999 441 Crucis
1023 408 1101 441 vide-

351 509 477 543 clesiam
503 515 586 540 tuam
614 506 746 550 faciunt,
768 518 926 553 quamque
950 506 979 540 in
1009 519 1102 553 prae-

351 558 449 591 sentia
473 565 577 590 nostra
603 555 741 590 Turonis
770 555 906 590 habitam
934 555 1103 602 diligenter

350 606 622 654 pertractavimus,
655 604 760 639 debito
796 605 858 640 fine
883 605 952 640 Deo
974 613 1101 640 auctore

351 657 575 691 terminamus:
595 655 764 702 apostolica
786 654 899 689 iterum
921 656 1102 690 anctoritate

352 705 593 752 praecipientes,
628 712 785 751 quatenus
811 704 961 750 deinceps
983 704 1101 738 nullam

350 754 406 789 tibi
431 755 476 788 vel
496 753 655 788 Ecclesiae
678 754 851 788 molestiam
867 766 905 788 ex
924 753 972 788 his
989 754 1102 788 inferre

353 811 577 850 praesumant:
604 803 657 837 sed
685 803 804 850 absque
832 815 941 838 eorum
977 803 1102 850 inquie-

351 853 460 888 tudine
479 852 632 900 ptaefatas
653 852 813 887 Ecclesias
835 860 866 887 tu
886 864 1102 887 successores-

351 915 413 950 que
436 903 479 936 tui
503 902 568 936 inte
585 910 737 949 perpetuo
760 901 958 949 possideatis.
986 902 1102 948 Siquae

351 965 427 987 sane
464 950 700 995 ecclesiastica,
729 951 937 986 saecularisve
966 963 1101 998 persona

351 1009 458 1036 contra
472 1001 553 1035 hanc
569 1008 693 1034 nostrae
708 1001 944 1035 constitutionis
958 1001 1061 1046 pagith
1054 1013 1101 1034 am

353 1052 457 1085 venire
492 1049 672 1089 tentaverit,
707 1057 872 1096 potestate,
908 1049 1102 1096 honorisque

351 1100 399 1134 sui
421 1099 572 1145 dignitate
585 1105 699 1143 careat,
722 1107 751 1132 et
774 1111 789 1133 a
806 1098 1018 1133 sacratissimo
1033 1111 1104 1133 cor-

352 1161 427 1196 pore
464 1160 500 1182 ac
533 1148 689 1194 sanguine
731 1146 859 1182 Domini
896 1148 994 1182 nostri
1031 1147 1102 1182 Iesu

351 1197 469 1232 Christi
491 1197 593 1232 aliena
616 1197 679 1240 fiat,
707 1209 874 1244 quousque
896 1197 989 1243 digna
1011 1197 1104 1232 satis-

352 1247 488 1281 factione
510 1246 684 1293 resipiscat.
712 1246 844 1281 Cunctis
872 1255 977 1281 autem
1000 1247 1102 1281 eidem

350 1296 420 1331 loco
455 1297 533 1330 iusta
573 1295 770 1337 servantibus
806 1296 847 1330 sit
883 1308 940 1343 pax
975 1295 1102 1330 Domini

350 1346 448 1380 nostri
477 1345 545 1379 lesu
569 1344 706 1386 Christi;
733 1353 888 1392 quatenus
910 1353 940 1379 ct
965 1345 1015 1381 hic
1038 1345 1104 1379 fru-

353 1404 438 1429 ctum
466 1394 567 1428 honae
589 1394 720 1429 actionis
748 1394 932 1449 percipimint
964 1403 994 1428 ‹t
1021 1395 1102 1441 apud

352 1444 530 1478 districtum
545 1443 686 1478 Iudicem
703 1444 868 1491 praemia
860 1451 1005 1478 aeternae
1020 1444 1103 1491 pacis

350 1493 522 1527 ἰιιιθιιιιιιιι.
553 1494 667 1533 Amen,
689 1505 792 1536 amen,
814 1505 916 1527 amen.

401 1542 472 1578 Eoo
519 1541 674 1577 [luemus

350 1592 520 1639 episcopus
542 1592 728 1638 subscripsi.

375 1642 582 1676 Bas-eniens
607 1641 696 1676 Deus
728 1653 768 1675 ET
798 1640 911 1675 PATER
951 1639 1078 1675 Donum

529 1702 647 1725 xosrnt
671 1691 742 1725 lesu
769 1689 920 1725 Cnnls‘ri.

397 1739 513 1774 Datum
540 1740 679 1775 Turonis
706 1752 762 1786 per
789 1752 916 1774 manum
954 1738 1103 1774 Iohannis

349 1798 475 1824 sanctae
498 1789 659 1824 Romanae
684 1789 848 1824 Ecclesiae
879 1788 1003 1823 diaconi
1033 1801 1105 1824 car-

349 1839 461 1873 dinalis
476 1850 534 1872 xtn
551 1838 701 1873 kalendas
716 1839 835 1884 aprilis,
849 1838 1024 1873 indictione
1039 1851 1103 1879 ιιιι,

349 1888 579 1923 incarnationis
629 1887 807 1922 dominicae
851 1899 935 1922 anno
981 1899 1104 1931 mxcvi,

348 1937 552 1985 pontificatus
571 1945 675 1972 autem
701 1937 820 1972 domini
836 1936 956 1971 Urbani
972 1937 1103 1972 secundi

350 1987 455 2033 Papae
482 1998 530 2020 lx.

409 2043 471 2073 Dat.
492 2043 539 2073 die
557 2043 596 2073 20
619 2042 714 2072 martii
735 2052 811 2072 anno
829 2042 944 2072 Domini
964 2043 1050 2079 1096,

600 2082 703 2121 pontif.
726 2092 804 2112 anno
826 2091 862 2112 tx.

657 2200 791 2235 XXXII.

357 2273 561 2319 Confirmatio
582 2275 730 2307 bonorum
752 2273 901 2312 omnium,
928 2272 1106 2318 pri'ev‘lcqio-

400 2334 471 2355 rum
490 2335 527 2355 ac
553 2324 728 2356 libertatum
746 2324 899 2357 Ecclesiae
919 2324 953 2356 S.
969 2322 1108 2355 Martini

404 2372 558 2405 Turonen.
584 2374 645 2415 (fl).

618 2441 834 2472 smntARtUM

353 2496 488 2528 Urbanus
504 2497 559 2527 Pr.
582 2499 726 2528 tumulum
750 2498 779 2528 S.
798 2498 912 2529 Martini
931 2498 1042 2529 invisit.
1065 2514 1106 2520 -

389 2537 576 2567 Praebendas
596 2539 624 2567 in
647 2539 711 2568 eius
731 2538 860 2568 Ecclesia
882 2540 974 2577 pretio
991 2537 1106 2577 acquiri

391 2577 504 2611 videns,
533 2594 574 2599 —
597 2578 725 2607 Clericos
744 2579 779 2608 ad
802 2579 1040 2608 emendationem
1060 2588 1107 2608 sa-

384 2638 424 2674 (1)
445 2638 484 2665 Ex
503 2638 601 2665 Concil.
625 2641 688 2665 tom.
712 2647 760 2671 xit,
779 2638 830 2666 col.
852 2638 914 2667 728.

718 1542 900 1577 Catholicae
942 1542 1108 1577 Ecclesiae

944 253 1128 275 txUt.t„ttttt'u
1154 254 1180 273 ll·
1179 253 1220 273 ΗΞ
1233 253 1287 274 iNl
1293 253 1314 273 u

1184 312 1332 336 eramento
1352 305 1500 343 obligavit.
1519 323 1557 328 —
1579 306 1634 336 Eos
1649 316 1716 337 vero
1734 308 1789 338 soli
1810 318 1895 347 prae-

1185 348 1316 385 posito
1304 346 1453 375 subiectos
1483 347 1650 376 ‹tectam-uit.
1677 364 1718 370 —
1747 319 1825 378 Bona
1857 350 1893 380 ad

1183 387 1314 415 eamdem
1339 386 1498 425 spectantia
1527 386 1688 416 Ecclesiam
1721 389 1893 425 confirmat;

1181 443 1220 449 —
1238 427 1277 455 Ac
1301 428 1422 464 insuper
1445 426 1595 455 libertates
1618 436 1720 457 omnes
1743 429 1838 458 eidem
1863 413 1894 459 iri

1182 467 1292 535 syrliodo
1317 466 1510 496 Tussiacensi
1538 475 1708 497 concessaS.
1739 484 1779 491 —
1807 467 1894 499 Clau-

1184 515 1217 535 su
1233 516 1276 536 ae.

1142 581 1263 610 Urbanus
1279 581 1419 617 episcopus
1438 588 1533 610 servus
1550 588 1687 610 servorum
1703 581 1758 616 Dei,
1787 582 1895 613 dilectis

1186 630 1252 659 filiis
1270 631 1403 659 Ecclesiae
1419 631 1446 658 B.
1466 631 1578 659 Martini
1595 631 1731 659 canonicis
1744 633 1803 660 tam
1814 639 1894 668 prae-

1187 680 1308 709 sentibus
1328 686 1408 716 quam
1423 679 1536 712 futuris,
1553 679 1582 708 in
1601 681 1772 716 perpetuum.

1192 752 1354 787 Bonorum
1369 752 1513 786 omnium
1536 751 1675 798 largitori
1690 750 1758 786 Deo
1775 752 1892 798 gratias

1143 802 1277 848 agimus,
1312 801 1364 848 qui
1387 801 1586 836 devotionem
1622 810 1761 836 nostram
1788 801 1827 836 ad
1855 801 1891 836 B.

1143 851 1267 885 Martini
1290 850 1449 885 tumulum
1477 850 1665 885 visitandum
1687 863 1744 885 sua
1767 851 1895 886 misera-

1145 901 1228 935 tione
1261 900 1416 947 perduxit.
1455 900 1538 941 Quia
1578 912 1651 934 vero
1686 900 1717 934 in
1752 900 1894 936 eiusdem

1144 950 1224 984 beati
1243 949 1432 984 confessoris
1452 949 1596 984 Ecclesia
1616 950 1814 984 consuetudo
1829 962 1895 997 pra·

1145 999 1245 1033 ιίιιιιιε
1271 999 1427 1033 eiusmodi
1461 998 1650 1053 inolexerat,
1691 1007 1724 1033 ut
1756 999 1894 1034 honores

1144 1061 1199 1083 seu
1222 1048 1417 1095 praebendae
1439 1060 1550 1082 omnes
1566 1048 1671 1095 precio
1690 1049 1896 1104 acquireren-

1144 1106 1215 1141 tur,
1243 1109 1300 1131 nos
1321 1097 1424 1131 locum
1440 1106 1582 1132 sanctum
1597 1093 1770 1132 emundare
1785 1097 1824 1132 ab
1838 1098 1896 1134 hac

1145 1155 1233 1194 peste
1247 1146 1414 1180 execrabili
1437 1147 1616 1193 cupientes,
1631 1146 1798 1192 religiosos
1814 1148 1896 1182 viros

1145 1196 1181 1230 ad
1212 1196 1494 1242 praemonitionem
1528 1204 1666 1231 nostram
1697 1196 1897 1231 decrevimus

1146 1245 1404 1300 praemittendos,
1426 1246 1543 1292 quibus
1565 1246 1640 1280 estis
1662 1245 1806 1290 fideliter,
1822 1245 1897 1280 Do-

1146 1307 1231 1329 ntino
1254 1294 1440 1340 inspirante,
1469 1295 1619 1341 polliciti,
1655 1303 1685 1329 et
1720 1295 1897 1342 praeceptis

1145 1344 1337 1379 omnimodis
1359 1344 1503 1385 obedire,
1527 1353 1556 1379 et
1578 1344 1768 1379 simoniacae
1790 1344 1895 1391 pravi-

1144 1394 1216 1428 tatis
1255 1393 1492 1439 inquinamenta
1529 1393 1686 1428 deserete.
1734 1393 1829 1435 Quod
1863 1402 1895 1429 et

1147 1442 1363 1489 praesentibus
1385 1442 1475 1477 nobis
1498 1455 1553 1490 per
1582 1442 1640 1477 Dei
1668 1444 1801 1489 gratiam
1824 1455 1897 1490 per-

1146 1492 1278 1531 fecistis,
1306 1493 1335 1526 in
1365 1500 1469 1527 nostra
1504 1501 1663 1539 tamquam
1696 1492 1779 1527 beati
1809 1492 1895 1527 Petri

1145 1554 1240 1576 manu
1267 1541 1451 1581 firmantes,
1477 1542 1556 1576 nihil
1591 1554 1644 1576 vos
1672 1541 1805 1576 ulterius
1836 1542 1894 1576 ho-

1146 1603 1277 1635 norum,
1303 1591 1381 1626 nihil
1416 1590 1667 1639 praebendarum
1711 1591 1893 1626 vendituros

1145 1650 1198 1676 aut
1231 1649 1410 1688 empturos,
1449 1653 1526 1685 nec,
1559 1649 1593 1676 ut
1632 1640 1808 1675 vendantur
1841 1648 1896 1676 aut

1145 1699 1308 1731 emantur,
1346 1690 1516 1738 aliquando
1549 1702 1775 1725 consensuros:
1810 1690 1896 1725 adii-

1146 1740 1266 1774 cientes
1288 1740 1393 1781 etiam,
1421 1739 1543 1774 nullum
1567 1740 1718 1787 deinceps
1742 1740 1772 1774 in
1800 1751 1898 1775 cano-

1147 1790 1287 1824 nicorum
1302 1802 1468 1824 numerum
1484 1789 1727 1829 admittendum,
1743 1789 1801 1823 nisi
1815 1801 1900 1824 eam·

1146 1839 1216 1873 dem
1249 1840 1452 1886 sponsionem
1483 1838 1686 1873 iureiurando
1712 1838 1894 1873 firmaverit.

1145 1888 1233 1930 Quae
1269 1888 1414 1922 videlicet
1440 1888 1586 1922 universa
1621 1900 1677 1922 nos
1713 1896 1896 1923 sauctorum

1145 1938 1359 1983 apostolorum
1398 1937 1583 1972 auctoritate
1617 1936 1830 1980 firmavimus,
1865 1944 1897 1972 et

1147 1987 1311 2021 violatores
1345 1999 1454 2021 omnes
1494 1987 1702 2021 anathematis
1742 1997 1894 2022 mucrone

1146 2036 1358 2070 confodimus.
1386 2035 1427 2070 Et
1455 2036 1691 2082 praeteritorum
1714 2035 1810 2081 igitur
1830 2048 1898 2082 gra-

1146 2086 1207 2120 tiae
1242 2085 1491 2132 respondentes,
1525 2093 1556 2120 et
1592 2084 1770 2119 futurorum
1807 2097 1896 2132 spem

1147 2135 1239 2181 longe
1253 2135 1414 2169 meliorem
1431 2143 1587 2180 gerentes,
1610 2133 1787 2169 secundum
1806 2146 1898 2180 prae-

1146 2184 1348 2218 decessorum
1364 2191 1542 2218 nostrorum
1557 2183 1719 2218 Romanae
1732 2183 1895 2219 Ecclesiae

1146 2234 1337 2269 Pontificum
1375 2233 1554 2280 privilegia,
1582 2245 1635 2268 vos
1664 2233 1694 2267 in
1717 2232 1896 2279 spirituales

1148 2284 1226 2316 tilios
1248 2283 1449 2329 Apostolicae
1476 2282 1568 2317 Sedis
1593 2283 1839 2329 assumpsimus:
1866 2289 1898 2317 et

1922 268 1972 294 An.
1991 267 2105 296 (3.1096

1950 799 2047 820 Urbanus
2068 799 2109 821 Pe.
2137 807 2139 810 ·

1922 831 1973 852 mea
1964 826 2056 847 visendas
2087 827 2109 848 in

1930 859 1976 873 cius
2003 853 2100 874 Ecclesia

1923 885 1960 905 pre
1949 880 1991 899 etio
2026 879 2108 906 acquiri

1924 906 2005 930 viteus,

1963 993 2057 1015 Clericos
2081 994 2110 1015 ad

1930 1020 2101 1042 emendationem

1923 1053 1982 1067 sacra
1987 1049 2056 1068 mento
2087 1054 2110 1068 o·

1924 1073 2019 1100 utigavit.

1950 1424 1989 1445 130³
2003 1429 2055 1445 vero
2069 1424 2109 1445 soti

1923 1456 2045 1477 praeposito
2060 1451 2109 1472 sub-

1925 1480 1990 1524 iveiptos
2011 1478 2108 1499 declara-

1147 2332 1256 2366 eadem
1278 2332 1462 2366 auctoritate
1484 2332 1664 2369 statuimus,
1681 2331 1802 2365 nullum
1817 2331 1900 2365 Pon·
1950 2325 1954 2329 ⁸

1148 2382 1278 2425 tilicum,
1307 2381 1427 2415 nullum
1450 2393 1572 2427 regum,
1596 2380 1716 2414 nullum
1742 2380 1896 2427 cuiusque

1147 2429 1308 2476 dignitatis
1330 2438 1383 2465 aut
1405 2430 1536 2474 ordinis,
1560 2437 1682 2476 praeter
1700 2431 1896 2476 praepositos

1147 2487 1284 2519 vestros,
1312 2479 1344 2514 in
1371 2487 1471 2514 vestra
1493 2478 1634 2514 Ecclesia
1655 2478 1704 2513 vel
1725 2478 1793 2513 eius
1819 2490 1899 2526 per-

1149 2529 1288 2563 tinentiis
1310 2536 1495 2576 potestatem
1523 2536 1576 2563 aut
1608 2527 1783 2562 dominium
1806 2540 1900 2563 exer-

1148 2590 1236 2618 cere3
1269 2586 1303 2612 ut
1339 2577 1500 2612 Romanae
1537 2576 1699 2611 Ecclesiae
1734 2585 1899 2623 praecepta

1148 2635 1321 2672 servantes,
1360 2626 1523 2662 Romanae
1558 2625 1721 2662 Ecclesiae
1757 2626 1900 2662 libertate

1962 2549 2071 2570 Tnmutum
2086 2548 2109 2570 S.

1926 2576 2011 2596 Martini
2031 2575 2108 2596 invisit.
