2180 3205
138 260 186 286 An.
207 258 234 285 t).
255 258 321 285 ¹133

174 823 230 844 Suus
248 827 325 849 cuique

141 850 250 869 Et'ClrSiae
279 857 325 872 ’,ιιι-

141 876 179 896 du!
200 875 323 896 servandus.

159 1406 237 1427 Daciae
248 1407 330 1432 cpisco-

145 1438 219 1458 porum
252 1435 330 1453 contu-

144 1460 214 1479 maria
230 1465 249 1479 tn
265 1459 330 1479 refra-

145 1486 213 1510 mutto
225 1485 330 1506 mandatis

154 1512 317 1537 t'mhurgt-nsis

153 1539 317 1564 metropolitani.

173 1643 265 1667 Saepms
288 1648 330 1662 mo-

145 1669 183 1688 niti
207 1674 218 1688 a
240 1668 331 1689 Summi.

147 1696 284 1714 Pontificibus
305 1696 330 1715 de

147 1722 278 1744 namneum

178 2272 220 2292 Sed
236 2272 322 2297 frustm

179 2404 252 2428 ltaque
262 2405 337 2423 metro-

152 2430 246 2455 politano
268 2430 336 2449 eidem

160 2457 234 2475 iterum
260 2456 331 2476 subii-

152 2485 242 2502 etttnlur.

407 243 477 276 580

391 323 430 329 —
453 305 577 343 Saepius
597 301 697 332 moniti
722 311 736 331 a
761 300 892 331 Summis
913 298 1104 329 Pontificibus

392 351 427 379 de
450 347 625 384 obediend03
653 363 691 369 —
718 345 774 375 Sed
795 344 915 381 srustra;
944 360 984 365 —
1005 343 1104 382 ltaque

392 391 615 430 metropolitano
639 390 734 419 eidem
762 389 868 418 iterum
896 387 1104 420 subiiciuntur.

391 434 551 464 —Solitae
572 434 779 463 conclusiones
796 441 934 472 praesens
954 432 1103 461 decretum

392 480 577 509 roborantes.

352 555 499 585 Innocentius
521 555 640 593 episcopus
663 562 741 583 sertus
762 560 878 583 servorum
903 551 954 589 Dei,
978 549 1103 581 venerabili

391 598 454 628 tratri
492 598 639 634 adalberoni,
684 596 890 635 flammabat-gensi
921 595 1102 634 archiepiscopo,

392 644 486 681 eiusque
503 640 672 671 successoribus
687 641 798 670 canonice
813 639 983 679 promovendis,
1004 639 1102 668 salutem

393 691 413 716 et
436 687 586 725 apostolicam
605 685 804 715 benedictionem.

402 753 450 787 Ad
474 753 534 787 hoc
556 752 587 786 in
610 751 691 786 beati
716 750 798 785 Petri
820 748 979 788 cathedra,
1002 748 1105 794 dispo-

355 811 452 837 nente
492 801 651 843 Domino,
673 799 834 835 constituti
868 810 937 832 esse
975 798 1104 844 conspi-

352 853 472 892 cimur,
498 851 645 898 quatinus
672 848 803 894 singulis
826 847 975 881 Ecclesiis
999 855 1028 880 et
1051 858 1104 880 ec-

353 900 536 935 clesiasticis
578 898 721 945 personis
753 908 842 931 suam
881 907 1104 930 conservemus

354 950 520 989 iustitiam;
559 957 588 982 et
628 948 762 994 qualiter
797 953 857 978 tam
892 944 1105 990 temporaliter

353 1011 446 1045 quain
482 996 684 1044 spiritualiter
710 1007 817 1030 earum
851 1002 949 1028 status
983 993 1104 1038 integer

356 1055 543 1092 perseveret,
568 1045 733 1080 salubriter
757 1043 920 1090 providere
942 1053 1102 1076 curemus.

353 1097 494 1142 Dignum
511 1095 627 1129 etenim
647 1102 675 1127 et
692 1092 875 1128 rationabile
891 1099 950 1133 est,
974 1099 1006 1125 ut
1023 1090 1104 1124 sicut

354 1152 551 1180 sacrosancta
566 1143 622 1177 Dei
646 1142 787 1176 Ecclesia
815 1141 942 1175 unitatis
969 1152 1003 1174 ac
1031 1139 1102 1173 fidei

355 1201 506 1241 perpetua
533 1200 631 1226 mater
658 1192 771 1234 existit,
795 1191 835 1224 ita
864 1189 1013 1223 nimirum
1036 1188 1105 1222 eius

356 1243 515 1289 privilegia
543 1240 760 1276 custodiantur
788 1239 909 1277 illaesa,
943 1245 977 1271 ut
1011 1237 1105 1272 nullis

356 1291 520 1331 molestiis,
548 1289 643 1324 nullis
664 1287 921 1335 oppressionibus
938 1298 1103 1333 pravorum

355 1340 519 1375 hominurn
549 1339 727 1385 fatigentur.

405 1389 508 1435 Saepe
546 1389 655 1434 utique
696 1385 881 1420 venerabilis
928 1384 1127 1431 A‹lalbero,t

355 1436 656 1482 Hammaburgensis
677 1436 932 1481 archiepiscopus
961 1434 989 1466 in
1015 1445 1105 1477 prac-

356 1487 475 1529 sentia,
515 1497 750 1532 praecessorum
788 1491 966 1517 nostrorum
1008 1481 1105 1515 felicis

1674 210 1678 212 ’
1728 210 1779 219 7⁴⁴³

938 245 1126 270 mmmmm!
1148 244 1313 268 nmmum

1147 298 1260 344 Sergii,
1282 296 1410 337 Leonis,
1423 295 1597 335 Benedicti,
1609 294 1729 331 Nicolai
1744 302 1774 330 et
1786 292 1897 329 Adria-

1148 348 1196 391 ni,
1218 348 1418 394 episcopatus
1444 345 1570 385 Daciae,
1591 343 1748 386 Swediae‚
1769 343 1896 379 Norwe·

1145 398 1226 443 giae,
1254 395 1391 437 Farriae,
1419 393 1641 433 Gronlandiae,
1673 392 1895 439 Halsingalan-

1146 446 1227 488 diae,
1248 444 1414 488 islandiae,
1432 441 1660 478 Scridivindiae
1674 449 1704 476 et
1716 440 1894 482 Slavorum,

1145 494 1321 529 charissimi
1346 493 1398 527 filii
1423 491 1520 527 nostri
1554 490 1694 525 Lotharii
1717 490 1799 536 regis
1827 502 1896 537 pre-

1144 544 1234 579 cibus
1254 542 1405 586 inclinati,
1432 540 1488 576 tibi
1510 548 1540 575 et
1563 551 1618 586 per
1640 547 1668 574 te
1690 538 1895 574 Hammabur-

1145 593 1232 639 gensi
1255 591 1429 630 Ecclesiae,
1451 601 1526 625 suae
1548 588 1693 624 videlicet
1716 587 1892 634 metropoli,

1147 641 1320 689 praesentis
1341 639 1449 686 scripti
1474 638 1586 686 pagina
1608 637 1844 673 confirmamus.

1193 690 1227 725 Si
1249 702 1310 737 qua
1338 689 1432 736 igitur
1459 688 1490 722 in
1515 688 1656 722 futurum
1683 686 1895 722 ecclesiastica

1145 740 1352 774 saecularisve
1375 749 1527 785 persona,
1556 735 1638 771 hanc
1665 743 1788 770 nostrae
1815 747 1896 770 con·

1145 788 1320 823 stitutionis
1356 788 1498 833 paginam
1532 785 1653 825 sciens,
1689 792 1797 819 contra
1824 796 1895 820 eam

1146 845 1261 872 temere
1278 834 1382 872 venire
1398 835 1573 874 tentaverit,
1600 833 1742 869 secundo
1764 833 1896 869 tertiove

1111 896 1117 900 ‘
1145 886 1356 929 commonita,
1383 885 1408 920 si
1436 896 1497 919 non
1523 883 1734 918 satisfactione
1755 894 1895 929 congrua

1145 935 1376 975 emendaverit,
1416 933 1576 980 potestatis
1614 931 1808 978 honorisque
1844 930 1895 966 sui

1146 983 1297 1029 dignitate
1319 991 1437 1026 careat,
1472 993 1619 1028 reamque
1646 992 1679 1015 se
1710 979 1818 1015 divino
1843 980 1894 1015 in-

1146 1032 1228 1067 dicio
1263 1032 1395 1067 existere
1433 1031 1473 1066 de
1515 1037 1692 1078 perpetrata
1730 1029 1895 1076 iniquitate

1146 1089 1334 1127 cognoscat,
1367 1089 1397 1115 et
1419 1093 1434 1115 a
1462 1080 1674 1114 sacratissimo
1700 1077 1844 1126 Corpore
1864 1086 1896 1113 et

1124 1129 1306 1175 tSanguine
1345 1130 1402 1164 Dei
1435 1137 1466 1164 et
1504 1127 1633 1163 Domini
1671 1126 1896 1174 Redemptoris

1146 1179 1242 1214 nostri
1270 1179 1341 1214 Iesu
1368 1178 1483 1213 Christi
1517 1177 1618 1211 aliena
1641 1176 1709 1214 fiat.
1737 1183 1833 1222 atque
1862 1176 1896 1211 iu

1145 1236 1286 1262 extremo
1313 1228 1458 1263 examine
1489 1225 1648 1261 districtae
1678 1225 1788 1261 ultioni
1816 1224 1897 1261 sub-

1125 1261 1128 1325 l
1147 1278 1254 1312 iaceat.
1565 1301 1574 1308 .

1124 1329 1128 1389 Ι
1194 1325 1327 1360 Cunctis
1352 1334 1454 1360 autem
1478 1324 1555 1358 haec
1575 1330 1690 1358 statuta
1710 1330 1815 1362 nostra
1834 1334 1897 1359 sen

1147 1375 1292 1409 vantibus
1305 1375 1343 1409 sit
1357 1386 1414 1422 pax
1428 1372 1556 1407 Domini
1570 1372 1665 1407 nostri
1681 1371 1751 1407 lesu
1763 1370 1895 1416 Christi,

1146 1431 1302 1470 quatenus
1328 1432 1357 1458 et
1385 1423 1436 1457 hic
1469 1422 1604 1456 fructum
1632 1420 1734 1456 bonae
1762 1420 1896 1456 actionis

1147 1473 1338 1519 percipiant,
1372 1480 1403 1506 et
1436 1470 1517 1518 apud
1550 1469 1726 1504 districtum
1754 1469 1896 1504 Iudicem

357 1534 667 1570 memoriaercafiffl
690 1542 719 1568 et
745 1532 896 1574 Honffl-jj'
923 1542 959 1565 ³0
981 1538 1104 1573 „osu-3,
1125 1520 1126 1563 l
1148 1533 1282 1568 praemia
1309 1528 1454 1555 aeternae
1482 1519 1567 1566 pacis
1588 1518 1757 1553 inveniant.
1780 1517 1894 1555 Amen.

356 1593 487 1631 questus
501 1592 560 1625 est,
575 1583 727 1616 Aseerum
751 1580 965 1622 Lundensem,
985 1587 1015 1613 et
1028 1579 1106 1613 alios
1125 1569 1126 1582 ¹

356 1634 523 1679 episcopos
545 1632 669 1670 Daciae,
697 1630 755 1664 sibi
783 1629 920 1664 debitam
943 1629 1025 1662 sicut
1043 1639 1106 1661 me-

357 1682 544 1726 tropolitano
571 1692 641 1723 suo.
672 1678 939 1725 quemadmodum
965 1678 994 1710 in
1023 1676 1106 1710 anti-

357 1731 429 1776 quis
452 1729 622 1777 privilegiis
648 1727 804 1773 Gregorii,
831 1726 944 1770 Sergii,
972 1725 1104 1765 Leonis,

356 1779 532 1822 Benedicti,
554 1777 684 1815 Nicolai,
710 1776 860 1819 Adriani,
888 1774 1105 1808 Romanorum

358 1828 560 1867 Pontificum,
583 1826 780 1865 continetur,
803 1823 1014 1858 obedientiam
1043 1823 1106 1857 de-

358 1888 489 1923 negare,
512 1876 690 1922 frequenter
711 1882 814 1908 autem
841 1880 871 1907 et
901 1884 916 1906 a
940 1871 1106 1918 praedictis

359 1924 656 1972 praedecessoribus
683 1922 815 1962 nostris,
843 1920 965 1956 Calixto
987 1929 1017 1962 et
1039 1919 1107 1954 Ho-

358 1974 459 2014 norio,
481 1982 549 2008 eta
576 1973 678 2011 nobis,
706 1972 751 2005 eis
777 1970 958 2004 mandatum
988 1978 1046 2008 est,
1073 1976 1107 2002 ut

358 2023 396 2057 ad
420 2032 517 2062 tuam,
552 2030 583 2055 et
609 2018 912 2065 Hammaburgensis
947 2017 1107 2052 Ecclesiae

359 2071 497 2106 redirent
520 2070 746 2105 obedientiam:
766 2077 830 2111 aut,
857 2067 882 2101 si
901 2079 994 2113 quam
1013 2078 1108 2112 super

361 2121 420 2155 hoc
448 2120 560 2154 iustam
583 2131 617 2153 se
643 2118 759 2152 habere
783 2116 979 2151 confiderent
1005 2116 1108 2149 ratio-

360 2181 444 2212 nem,
477 2168 516 2203 ad
555 2167 670 2202 Sedem
706 2165 918 2212 Apostolicam
954 2164 1107 2203 venirent,

360 2217 526 2252 ostendere
545 2216 653 2263 parati.
675 2215 738 2262 Ipsi
755 2226 826 2249 vero
841 2212 1021 2260 apostolicis
1035 2224 1110 2247 con·
1128 2199 1129 2236 i

360 2274 536 2300 temnentes
551 2265 679 2299 obedire
690 2262 856 2305 mandatis,
872 2274 931 2297 nec
946 2269 1107 2301 venerunt,

361 2327 420 2350 nec
442 2313 640 2361 responsales
663 2313 824 2347 miserunt.

409 2364 490 2405 Quia
515 2363 608 2408 igitur
630 2374 723 2396 nemo
746 2362 868 2394 lucrum
892 2359 985 2393 debet
1000 2357 1108 2392 desua

361 2413 557 2446 contumacia
573 2411 725 2454 obtinere,
744 2422 781 2444 ex
796 2408 963 2443 diliberato
978 2407 1108 2441 fratrum

363 2469 539 2494 nostrorum
579 2460 802 2506 episcoporum
836 2466 867 2491 et
903 2455 1107 2491 cardinalium

362 2509 514 2553 consilio,
549 2516 610 2543 tarn
643 2507 870 2549 Lundensem,
905 2517 999 2551 quam
1031 2503 1109 2538 alios

362 2557 529 2604 episcopos
563 2556 678 2591 Daciae
718 2556 772 2590 tibi
812 2554 1017 2589 restituimus.
1057 2552 1107 2586 Ad

364 2606 494 2640 sormam
535 2606 639 2651 itaque
678 2604 909 2651 privilegiorum
943 2601 1108 2649 Gregorii,

1195 1569 1308 1604 Datum
1335 1569 1455 1603 Romae
1487 1567 1569 1614 apud
1604 1574 1743 1601 montem
1765 1566 1898 1602 Aventi-

1147 1631 1222 1652 num
1251 1630 1305 1664 per
1332 1630 1459 1652 manum
1487 1616 1642 1664 Aymerici
1673 1623 1799 1650 sanctae
1823 1615 1895 1651 Ro-

1125 1676 1127 1712 s
1146 1679 1256 1701 manae
1277 1666 1438 1701 Ecclesiae
1460 1665 1583 1700 diaconi
1601 1664 1768 1699 cardinalis
1785 1672 1815 1698 et
1828 1676 1897 1700 cau·

1125 1716 1281 1755 {cellar-ii,
1309 1728 1339 1749 vi
1377 1714 1499 1756 kalend.
1534 1713 1623 1754 iunii,
1652 1713 1822 1749 indictione
1849 1726 1897 1755 xt,

1125 1758 1368 1809 {incarnationis
1397 1763 1575 1798 dominicae
1609 1774 1691 1801 anno
1727 1773 1895 1803 nexunt,

1126 1813 1348 1860 {pontificatus
1375 1825 1447 1847 vero
1483 1811 1590 1846 domni
1624 1811 1799 1846 Innocentii
1830 1810 1893 1852 ΡΙ).

1147 1875 1230 1897 anno
1257 1874 1307 1896 111.

1126 1913 1128 1916 ’
1206 1918 1265 1948 Dat.
1289 1918 1335 1948 die
1353 1917 1390 1947 27
1414 1917 1483 1947 maii
1501 1925 1577 1946 anno
1599 1916 1714 1953 Domini
1739 1916 1835 1957 1133,

1394 1961 1497 2002 pontis.
1520 1970 1596 1992 anno
1615 1969 1651 1990 tv.

1127 2158 1128 2162 ’
1149 2152 1306 2185 Concessio
1325 2151 1557 2195 privileqiorum
1581 2150 1759 2183 ›nortaslerii
1776 2150 1811 2183 S.
1829 2149 1898 2190 Sal-

1197 2202 1311 2233 valoris
1335 2201 1462 2244 Papien.
1485 2198 1626 2232 dioecesis
1645 2199 1764 2232 ordinis
1788 2198 1900 2236 Cister-

1197 2250 1270 2282 ct'en.
1298 2250 1349 2282 cui
1369 2250 1448 2282 bona
1470 2249 1575 2281 omnia
1595 2248 1817 2292 confirmantur
1840 2247 1897 2289 (l).

1422 2316 1637 2348 SUMMARtUM

1149 2380 1316 2410 Exordium.
1342 2395 1382 2401 —
1413 2377 1620 2408 ‚nonasterium
1643 2376 1698 2406 sub
1718 2375 1896 2414 protectione

1190 2424 1275 2454 Sedis
1289 2423 1472 2462 Apostolicae
1485 2421 1636 2459 recipitur.
1653 2437 1694 2442 —
1707 2420 1808 2450 Eidem
1824 2419 1900 2449 bona

1188 2468 1286 2498 omnia
1305 2467 1527 2496 confirmantur.
1551 2481 1591 2487 —
1616 2464 1744 2502 Eiusque
1762 2462 1898 2494 abbatem

1189 2512 1308 2541 nonnisi
1321 2520 1336 2540 a
1350 2509 1502 2540 monachis
1519 2508 1598 2548 eligi,
1610 2514 1638 2536 et
1651 2506 1768 2537 nonnisi
1782 2515 1798 2542 a
1814 2505 1897 2535 Rom.

1185 2573 1224 2606 (t)
1245 2572 1283 2598 Ex
1305 2570 1408 2598 archiv.
1436 2572 1548 2596 monast.
1574 2568 1601 2595 S.
1623 2567 1767 2594 Salvatoris
1792 2566 1900 2601 Papieu.

1149 2612 1229 2639 edidit
1246 2610 1420 2645 Murgan-inus,
1437 2609 1534 2636 Bullar.
1552 2607 1698 2637 cassinen..
1715 2613 1742 2641 p.
1763 2612 1792 2632 11.

1916 241 1965 269 Aa.
1985 241 2012 271 C.
2031 242 2096 272 ΗΕΒ

1946 730 2026 754 solitae
2053 738 2101 754 con·

1919 757 2024 779 ctustones
2042 764 2102 786 prae-

1919 792 1968 807 sens
1995 785 2102 807 decret-un

1921 812 2045 833 roborante·
