2180 3205
26 292 75 321 Λα.
95 291 124 320 C.
142 291 209 320 1105

46 755 160 776 mentum
169 758 209 780 pro

49 781 187 802 immunitate

24 807 136 830 honorum
145 810 167 828 et
177 812 209 828 iu·

29 835 86 856 rium
102 834 209 856 Ecclesiae

28 860 150 888 Ριρᾰειιειες

45 1777 99 1798 Cum
119 1777 215 1798 commi-

34 1804 119 1825 nutione
132 1809 214 1830 poena-

35 1833 162 1851 rum->omn
182 1831 214 1852 iu-

33 1856 163 1878 obedienta

850 285 1026 308 Pascnxus
1047 285 1071 307 H
1094 285 1142 307 1¹1².

230 350 360 386 stolirae
377 348 559 396 privilegio:
583 361 662 396 quos
677 348 828 395 profi-cto,
848 349 893 382 vel
911 360 987 394 quo-

233 413 301 435 rum
351 400 551 447 presbyteros
591 399 627 433 ad
667 407 802 433 vostrum
844 398 984 442 expediat

233 449 339 484 venire
365 449 553 489 concilium,
577 460 652 483 saue
678 447 761 494 quod
788 446 986 481 monasteriis

232 507 285 533 aut
317 499 448 545 capellis
481 498 641 544 aliquibus
675 505 796 543 praeter
824 495 984 530 matricem

233 546 410 582 Ecclesiam
433 546 625 594 baptismum
648 545 825 592 generalem
849 543 913 578 sieri
931 556 986 590 pe-

233 603 328 639 tatur,
347 596 570 643 prohibemus;
594 596 625 629 in
642 594 769 641 quibus,
792 594 816 628 si
833 605 893 640 qua
908 592 986 627 forto

234 653 541 695 praccepta-contra
576 655 682 679 sacros
709 654 847 678 canones
881 641 984 676 elicita

235 694 367 728 inveniri
394 694 577 740 contigerit,
605 693 720 727 nostris
741 691 901 727 canonicis
924 702 984 725 non

235 743 452 791 praeiudiceut
485 743 645 777 institutis.
684 740 840 779 clericos,
870 739 987 774 sancti-

235 793 400 833 mouialcs,
422 791 533 827 viduas
556 791 642 826 urbis
662 799 781 825 vestrae
802 790 871 823 siue
887 797 985 823 vestra

235 842 426 877 couscientia
454 853 547 875 nemo
570 847 746 888 praesumat
776 840 805 872 in
836 838 986 872 iudicium

236 891 374 935 trahere,
401 899 454 925 aut
489 891 550 924 vim
586 901 695 924 eorum
724 888 818 923 rebus
854 886 986 927 inferre,

235 952 295 976 nec
316 939 591 979 coemeteriorum,
618 950 698 985 quae
722 938 802 972 intra
827 936 873 970 vel
902 944 987 971 extra

235 989 392 1024 civitatem
415 997 502 1033 sunt,
529 1000 636 1023 curam
661 987 748 1021 vobis
775 994 827 1021 aut
849 994 989 1032 potesta—

237 1046 298 1073 tem
321 1038 508 1073 subtrahere
534 1037 669 1084 quilibet
697 1043 893 1084 praesumat3
932 1047 987 1069 nec

237 1087 321 1122 nllus
344 1099 481 1135 unquam
505 1088 735 1132 cuiuscumque
762 1084 923 1130 dignitatis
937 1092 988 1118 aut

238 1137 395 1183 potentiae
418 1137 533 1175 homo,
561 1135 648 1182 quasi
680 1134 739 1168 sub
772 1134 902 1168 obtentu
926 1133 988 1167 lio-

233 1185 414 1232 spitalitatis
436 1185 465 1220 in
482 1193 536 1220 tuo
549 1184 718 1219 venerabili
741 1183 916 1230 episcopio,
937 1192 987 1217 aut

237 1234 269 1268 in
296 1234 444 1269 domibus
465 1233 664 1269 sacerdotum
695 1241 833 1272 tuorum,
861 1239 891 1266 et
920 1243 990 1266 om-

237 1283 328 1318 nium
369 1283 554 1318 clericorum
596 1284 663 1317 sine
707 1291 756 1316 tua
801 1289 989 1327 tuorumque

240 1344 462 1367 successorum
507 1332 664 1366 voluntate
704 1330 862 1377 applicare
900 1342 991 1376 prae-

241 1390 362 1422 sumat;
386 1393 443 1416 nec
466 1381 497 1415 in
521 1380 614 1415 rebus
636 1380 817 1419 mobilibus,
839 1379 902 1413 sive
926 1391 992 1425 per-

240 1431 328 1465 sonis
349 1430 578 1477 cuiuscumque
591 1429 781 1464 conditionis
803 1427 841 1462 ad
859 1436 989 1462 vestram

240 1479 406 1514 ecclesiam
431 1478 675 1526 pertinentibus,
708 1486 825 1512 temere
861 1485 991 1523 pertur-

240 1528 334 1569 bare,
367 1537 420 1563 aut
441 1529 509 1563 eius
531 1528 748 1575 possessiones
775 1526 909 1565 auferre,
944 1526 991 1560 vel
1011 1536 1012 1548 ¹

237 1577 358 1612 ablatas
385 1577 531 1617 retinere,
554 1578 714 1620 minuere,
743 1575 791 1610 vel
819 1575 993 1610 temerariis

239 1626 459 1661 vexationibus
479 1626 619 1672 fatigare.
643 1625 707 1660 Sed
723 1624 854 1659 omniuo
873 1625 991 1670 integra

239 1683 466 1710 conserventur
480 1688 600 1715 eorum,
624 1687 680 1722 pro
699 1686 832 1721 quorum
849 1673 994 1708 substen-

239 1725 356 1759 tatione
383 1732 414 1759 et
445 1724 673 1770 gubernatione
709 1735 859 1758 concessa
898 1730 992 1763 sunt,

240 1773 353 1808 usibus
373 1773 567 1808 omnimodis
589 1773 760 1820 profutura.
785 1771 818 1806 Si
843 1784 902 1818 qua
919 1784 993 1806 sane

240 1822 452 1858 ecclesiastica
482 1823 692 1857 saecularisve
728 1833 879 1868 persona,
913 1822 993 1855 hanc

241 1880 366 1907 nostrae
403 1871 638 1906 constitutionis
684 1871 828 1918 paginam
867 1871 992 1910 sciens,

241 1929 348 1967 contra
375 1933 444 1955 eam
467 1928 585 1955 temere
609 1932 714 1955 venire
737 1928 920 1960 tentaverit,
942 1932 994 1953 se-

240 1971 346 2005 cundo
373 1970 504 2005 tertiove
525 1970 737 2010 commonita,
760 1969 784 2003 si
814 1981 876 2003 uon
904 1969 993 2002 satis-

243 2019 377 2054 factione
407 2031 545 2065 cougrua
578 2017 804 2058 emendaverit,
833 2018 994 2064 potestatis

242 2069 437 2114 honorisque
459 2068 506 2102 sui
529 2069 680 2114 dignitate
703 2075 821 2105 careat,
846 2078 994 2113 reamque

241 2130 276 2152 se
303 2117 411 2151 divino
433 2117 549 2152 iudicio
573 2117 610 2151 de
635 2124 810 2163 perpetrata
831 2115 994 2162 iniquitate

242 2173 423 2213 cognoscat,
451 2175 480 2200 et
513 2178 530 2200 a
556 2166 769 2200 sacratissimo
797 2164 939 2210 Corpore
960 2176 994 2198 ac

242 2215 409 2261 Sanguine
429 2215 486 2249 Dei
515 2224 544 2249 et
575 2214 701 2249 Domini
733 2213 829 2248 nostri
857 2213 995 2247 Redem-

244 2265 343 2311 ptoris
364 2263 435 2298 Iesu
459 2263 575 2298 Christi
599 2263 700 2298 aliena
727 2275 814 2301 esse;
848 2271 941 2308 atque
964 2262 993 2295 in

243 2322 384 2347 extremo
406 2312 549 2347 examine
577 2312 738 2346 districtae
765 2311 923 2345 subiaceat
947 2310 996 2344 ul—

244 2362 334 2397 tioni.
355 2361 488 2397 Cunctis
509 2370 612 2396 autem
628 2360 729 2394 eidem
751 2359 909 2394 Ecclesiae
930 2360 995 2392 iura

243 2410 442 2446 servantibus
468 2411 507 2445 sit
530 2423 589 2456 pax
610 2409 649 2443 D.
672 2409 709 2443 N.
734 2409 756 2442 1.
781 2408 817 2442 C.
841 2416 996 2455 qnatenus

244 2469 274 2495 et
299 2461 349 2495 hic
373 2460 510 2494 fructum
535 2459 635 2493 bonae
657 2457 791 2492 actionis
811 2457 996 2504 percipiant,

245 2517 275 2544 et
297 2510 380 2556 apud
409 2509 587 2543 districtum
609 2507 751 2542 Iudicem
780 2507 916 2553 praemia
944 2518 998 2541 ae-

246 2566 353 2593 ternae
379 2558 465 2605 pacis
492 2558 662 2592 inveniant.
686 2559 798 2590 Amen.

294 2608 454 2654 Scriptum
485 2619 540 2654 per
575 2618 701 2640 manum
739 2605 886 2639 Iohannis
919 2605 998 2639 scri-

1653 276 1724 311 239
1800 270 1851 298 Αη.
1871 269 1985 298 01105

1835 329 1868 350 Pe
1890 329 1985 350 subscr.-

1070 339 1147 394 ¹Eoo
1189 338 1368 375 tumemus
1406 339 1578 377 catholicae
1614 339 1777 378 Ecclesiae
1800 356 1852 384 pun.

1027 400 1197 435 episcopus
1223 401 1265 423 ss.

1075 437 1189 472 Datum
1217 437 1361 472 Laterani
1390 450 1444 484 per
1471 451 1599 473 manum
1626 438 1776 476 lobannis

1025 485 1059 521 S.
1084 486 1121 520 R.
1145 486 1183 520 E.
1215 488 1300 521 card.
1329 499 1364 522 ac
1392 487 1621 523 bibliothecarii
1655 501 1691 524 xt
1714 489 1775 524 kat·

1026 547 1105 582 apa,
1133 534 1198 569 ind.
1226 547 1300 575 xiii,
1335 548 1418 570 anno
1446 536 1531 571 dom.
1567 539 1663 572 incar.
1696 550 1776 579 mcv,

1027 584 1339 632 pontificatusautem
1349 585 1387 620 D.
1399 585 1557 620 paschalis
1572 585 1597 620 ΙΙ
1608 586 1722 632 Papae,
1732 600 1776 623 vi.

1085 640 1145 671 Dat.
1165 641 1212 671 die
1230 640 1268 671 22
1285 642 1381 671 martii
1400 652 1476 672 anno
1495 642 1609 673 Domini
1631 643 1717 683 1105,

1276 685 1378 725 pontif.
1401 695 1476 716 anno
1495 694 1531 717 νι.

1345 752 1476 762 -η

1344 827 1460 862 xxm.

1027 892 1212 927 Monasleri'i
1233 896 1447 928 Admonlensi's
1469 896 1667 940 Saliburyen.
1691 897 1778 930 dioe-

1076 945 1158 982 cesis,
1181 945 1388 988 bonorumque
1405 945 1448 978 ad
1469 945 1549 978 illud
1569 947 1779 990 spectantium,

1075 994 1269 1027 conirmaei'o
1297 996 1352 1037 tl).

1299 1061 1512 1092 SUMMARIUM

1029 1115 1196 1147 Exordium.
1210 1118 1465 1148 -Monasierium
1483 1119 1683 1148 Admontense
1696 1128 1710 1148 a
1724 1128 1782 1158 quo

1070 1161 1234 1192 fundatum.
1251 1179 1291 1185 -
1312 1162 1388 1192 Bona
1408 1162 1504 1192 omnia
1525 1171 1557 1191 ac
1574 1163 1781 1201 possessiones

1070 1206 1163 1235 eidem
1181 1207 1402 1236 confirmantur.
1432 1223 1471 1228 —
1491 1205 1646 1235 Decretum
1670 1206 1781 1235 immu-

1070 1250 1168 1279 nitatis
1185 1249 1220 1279 ab
1243 1251 1323 1279 omni
1343 1250 1476 1279 molestia
1509 1254 1537 1279 et
1569 1249 1722 1286 violenti33
1754 1254 1782 1279 et

1071 1293 1229 1331 prohibitio
1252 1294 1425 1324 infeudandi
1445 1293 1488 1322 vel
1511 1293 1659 1323 alienandi
1680 1303 1784 1332 supra-

1070 1337 1144 1366 dicta
1164 1337 1251 1368 bona.
1268 1354 1307 1359 —
1322 1337 1459 1366 Liberum
1479 1337 1586 1376 cuique
1602 1337 1782 1376 sepulturam

1072 1381 1144 1411 inibi
1168 1381 1225 1410 sibi
1256 1386 1395 1410 statuere.
1427 1397 1466 1402 —
1495 1380 1633 1410 Liberum
1666 1391 1783 1421 quoque

1044 1459 1047 1461 v
1072 1426 1225 1455 monachis
1236 1425 1370 1455 abbatem
1385 1425 1504 1462 eligere.
1521 1441 1561 1447 —
1578 1424 1687 1455 Solitae
1704 1426 1784 1455 clau-

1071 1469 1164 1499 sulae.
1181 1486 1220 1491 —
1237 1468 1390 1498 paschalis
1416 1468 1466 1498 ΡΡ.
1491 1468 1682 1508 subscriptio.

1030 1531 1166 1559 paschatis
1186 1531 1326 1567 episcopus
1346 1537 1440 1558 servus
1451 1537 1589 1558 servorum
1605 1530 1660 1564 Dei.
1671 1538 1782 1560 venera·

1076 1581 1125 1608 bili
1136 1580 1191 1608 filio
1202 1580 1322 1609 naim-ico
1334 1580 1426 1608 abbati
1439 1580 1602 1608 venerabilis
1613 1580 1782 1613 monasterii,

1077 1630 1146 1666 quod
1165 1630 1305 1659 admuntis
1325 1630 1435 1662 dicitur,
1448 1630 1476 1658 in
1496 1630 1686 1665 salzburgensi
1705 1637 1784 1665 paro·

1077 1679 1137 1707 chia
1157 1678 1310 1711 constituti,
1332 1679 1440 1714 eiusque
1455 1679 1656 1707 successoribus
1674 1679 1786 1714 regula-

1077 1729 1147 1757 riter
1166 1729 1366 1764 promovendis,
1392 1728 1420 1756 in
1443 1730 1613 1764 perpetuum.

1082 1791 1187 1825 Austri
1216 1800 1329 1826 terram
1353 1791 1601 1826 inhabitantibus
1630 1804 1686 1838 per
1712 1791 1787 1825 Pro·
1842 1790 1967 1811 E¹⁰¹¹¹³¹¹¹¹²·

1035 1841 1159 1887 phetam
1183 1840 1340 1875 Dominus
1364 1841 1525 1887 praecipit,
1547 1852 1620 1875 cum
1653 1840 1786 1886 panibus

1034 1901 1200 1924 occurrere
1214 1889 1347 1936 fugienti
1362 1893 1421 1933 (2):
1449 1889 1566 1924 ideirco
1579 1917 1586 1929 ,
1604 1890 1787 1924 charissime

1035 1938 1195 1982 Heinrice,
1218 1947 1248 1973 te
1269 1947 1299 1973 et
1326 1939 1435 1973 fratres
1458 1946 1528 1973 tuos
1549 1939 1588 1972 de
1604 1939 1731 1972 saeculo
1746 1938 1786 1972 ad

1035 1988 1260 2034 omnipotentis
1287 1988 1343 2022 Dei
1366 1988 1529 2021 servitium
1553 1999 1735 2030 couversos,
1758 1997 1788 2021 et

1035 2037 1071 2071 ad
1095 2037 1162 2071 eius
1191 2037 1301 2071 faciem
1325 2037 1493 2082 fugientes,
1519 2044 1678 2082 gratanter
1700 2037 1788 2070 exci-

1037 2086 1150 2132 pimus.
1178 2086 1271 2128 Quod
1304 2086 1453 2120 nimirum
1481 2085 1670 2119 coenobium
1698 2097 1789 2119 reve-
1810 2116 1958 2136 amoniense
1984 2121 1995 2135 a

1036 2134 1152 2169 rendae
1168 2135 1336 2169 memoriae
1349 2133 1539 2169 Gebhardus
1547 2134 1788 2180 Salzburgensis
1809 2147 1854 2168 <11¹⁰
1869 2142 1996 2163 fundatum-

1036 2184 1205 2230 episcopus
1244 2185 1274 2218 in
1316 2183 1436 2218 honore
1475 2191 1505 2217 et
1540 2183 1668 2217 nomine
1707 2183 1788 2216 beati

1035 2232 1291 2280 Blasii-martyris
1315 2233 1343 2266 in
1369 2232 1526 2266 montanis
1546 2244 1619 2266 suae
1633 2231 1789 2265 dioecesis

1036 2281 1219 2316 aedificasse
1259 2281 1484 2326 cognoscitur,
1525 2293 1581 2327 per
1616 2280 1790 2327 praesentis
1811 2295 1997 2325 nonaum-mane

1038 2329 1190 2375 privilegii
1216 2330 1378 2376 paginam,
1406 2330 1577 2376 apostolica
1605 2329 1790 2364 auctoritate
1823 2326 1997 2372 εἳὲἰῖἳῗὲζῗρ

1037 2379 1215 2418 statuimus,
1250 2387 1282 2413 ut
1315 2390 1534 2425 quaecumque
1562 2379 1655 2421 bona,
1690 2390 1790 2425 quas-
1831 2377 1927 2395 ''mm‘'

1037 2439 1173 2474 cumque
1201 2429 1417 2474 possessiones
1445 2428 1493 2462 vel
1525 2428 1696 2474 supradicti
1719 2428 1790 2474 epi-

1038 2478 1125 2523 scopi
1164 2476 1347 2517 Gebhaidi,
1389 2477 1435 2511 vel
1482 2476 1674 2512 successoris
1721 2479 1791 2511 eius

1838 2089 1995 2110 monasterium

1076 2546 1114 2581 (t)
1134 2547 1173 2572 Ex
1194 2554 1256 2573 mss.
1275 2546 1416 2573 codicibus
1435 2547 1586 2572 monasterii
1608 2546 1687 2572 huius
1709 2546 1792 2573 edidit

1041 2587 1133 2613 Pezius
1150 2587 1174 2612 in
1200 2587 1327 2612 Thesaur.
1351 2586 1477 2612 Ancedat.
1499 2587 1646 2612 novissimo
1667 2590 1731 2613 tom.
1752 2594 1792 2619 ιιι,

1042 2635 1097 2660 par.
1117 2635 1145 2652 iii
1166 2626 1229 2651 (ΞΗ.
1250 2626 1362 2660 Diplom.
1381 2626 1542 2653 Admouten.
1567 2635 1593 2653 n.
1616 2634 1636 2653 1.
1675 2628 1715 2662 (2)
1732 2626 1792 2654 lsai.

243 2655 336 2693 niarii
359 2656 540 2705 regionarii,
567 2664 598 2692 et
632 2655 743 2690 notarii
778 2655 856 2689 sacri
880 2654 996 2703 palatii.
1016 2668 1022 2716 ι
1042 2675 1099 2700 xxi,
1121 2668 1160 2693 1¹⁴.
1200 2667 1243 2703 Ul·
1262 2666 1305 2702 T.)
