2180 3205
428 244 498 285 846
969 255 1157 280 namnum
1183 255 1346 279 Romnum

477 311 604 354 nentur,
631 316 677 348 69
697 325 728 352 a,
758 313 824 347 199
847 324 877 346 α.
906 311 1023 346 Eorum
1047 311 1144 346 libido
1166 309 1380 350 refraenanda,
1406 314 1443 344 71
1471 322 1501 345 α.
1525 309 1692 357 Episcopis
1713 309 1780 344 suis
1798 309 1916 351 infesti,

478 361 666 411 praebendis
688 370 719 396 et
735 361 837 396 officio
861 361 1034 408 priventur,
1061 361 1128 395 106
1155 362 1182 394 b.
1207 359 1284 394 Sine
1303 371 1458 394 consensu
1482 359 1619 406 episcopi
1642 366 1672 394 et
1695 358 1834 405 priorum
1857 359 1912 394 Ec-

478 412 592 447 clesiae
615 410 753 445 matricis
783 422 844 444 non
868 416 944 444 sunt'
964 409 1114 456 eligendi,
1141 412 1209 443 287
1239 422 1268 443 α.
1298 408 1414 443 Eorum
1439 420 1641 456 percussores
1663 407 1918 443 excommunica-

478 460 572 496 tionis
595 471 728 508 poenam
753 459 929 498 incurrunt,
954 461 1022 493 759
1050 461 1077 492 b.

380 510 592 546 Cluniacense
619 508 845 543 monasterium
874 508 930 542 soli
954 507 1153 555 Apostolicae
1181 506 1255 542 Sedi
1277 506 1455 541 subiectum
1471 506 1659 545 declaratur,
1682 508 1728 540 27
1743 518 1774 545 a,
1801 507 1862 540 121
1888 508 1917 549 b,

478 560 549 594 498
571 560 600 597 b,
631 560 700 592 527
724 559 752 592 b.
775 557 861 592 Bona
878 557 947 591 ciet
964 556 1178 592 immunitates
1205 556 1450 595 confirmantur,
1482 557 1543 589 121
1580 557 1608 593 b,
1642 557 1710 590 157
1732 567 1764 598 α,
1795 557 1862 590 176
1885 567 1917 599 α,

479 609 543 642 211
573 609 602 650 b,
625 609 696 641 248
718 619 749 644 ct,
775 608 846 641 256
866 608 896 650 b,
922 608 993 640 276
1021 619 1050 643 a,
1073 608 1144 640 284
1166 607 1194 648 b,
1218 607 1288 639 502
1315 607 1344 641 b,
1368 606 1431 638 351
1457 617 1487 643 a,
1516 606 1584 638 567
1608 606 1636 643 b,
1661 605 1775 645 4981),
1798 605 1868 638 527
1887 606 1915 639 b.

480 657 559 692 Eius
593 656 761 691 abbatibus
788 655 972 690 conceditur
1005 655 1188 697 omnimoda
1217 653 1394 689 iurisdictio
1426 665 1522 700 super
1554 653 1715 688 monachis
1741 661 1774 688 et
1806 652 1918 688 abbate

482 705 662 741 monasterii
690 704 723 739 S.
746 704 911 739 Benedicti
946 704 983 738 ad
1008 703 1126 738 Padurn
1150 703 1250 737 eiusd.
1274 703 1408 741 ordinis,
1434 705 1502 737 119
1533 715 1554 737 α
1579 710 1610 736 et
1628 715 1698 747 seq.
1722 701 1919 737 Conceditur

480 767 608 803 quoque
634 755 679 789 eis
706 754 756 788 ius
787 753 925 788 cudendi
954 762 1117 795 monetas,
1146 755 1216 787 502
1238 755 1266 786 b.
1292 752 1393 786 Datur
1424 752 1471 786 eis
1496 751 1675 786 ohedientia
1702 751 1742 786 de
1769 750 1919 794 Limans,

481 806 552 840 570
574 816 605 838 α.
633 803 720 838 Bona
743 802 810 837 eius
836 803 1017 838 auferentes
1041 802 1369 843 excommunicantur,
1396 804 1440 835 57
1464 813 1483 835 α
1503 810 1533 836 et
1553 813 1614 845 seq.
1641 799 1855 835 Confirmatur
1887 800 1916 835 ei

484 854 561 889 cella
585 852 618 888 S.
647 851 788 899 Dionysii
812 852 851 886 de
872 852 1053 897 Nongento⁷
1075 853 1145 885 250
1174 863 1203 884 α.
1238 850 1378 886 Ecclesia
1400 850 1433 884 S.
1456 849 1612 885 Theodori
1644 849 1683 883 de
1710 849 1831 884 Rochia
1854 848 1921 883 Bo-

482 903 604 943 vicorit,
632 903 701 936 529
730 903 757 935 b.
781 901 922 936 Ecclesia
945 901 984 935 de
1006 899 1280 939 Rocbaborecurt,
1303 901 1375 934 406
1396 901 1423 933 b.
1446 899 1585 934 Ecclesia
1607 898 1723 933 Montis
1743 898 1917 939 Desiderii,

484 954 554 988 407
579 953 607 986 b.
636 951 760 986 Domus
788 950 905 984 Montis
932 949 1120 993 pessulani,
1143 949 1329 983 monasteria
1356 947 1389 983 S.
1416 948 1578 988 Gervasii,
1612 947 1662 983 Ss.
1684 947 1858 983 Domitiani
1889 955 1921 982 et

483 1000 677 1048 Ragueberti
700 1012 772 1034 cun]
798 999 994 1046 pertinentiis
1029 998 1185 1032 omnibus.
1221 1001 1290 1031 429
1317 1011 1345 1032 α.
1382 997 1556 1032 Sttbiicitur
1588 997 1614 1031 ei
1638 996 1861 1032 monasterium
1885 995 1919 1031 S.

484 1049 648 1085 Benedicti
672 1048 708 1083 ad
736 1048 870 1087 Padum,
898 1050 970 1082 455
996 1050 1013 1081 b
1040 1057 1069 1082 ct
1093 1060 1150 1092 seq.
1173 1047 1396 1081 tttonnsterium
1419 1046 1458 1081 de
1479 1045 1663 1087 Letcumba,
1685 1047 1751 1080 461
1779 1059 1799 1080 α
1814 1053 1918 1090 etseq.

483 1099 605 1134 Locum
633 1098 671 1132 de
685 1097 780 1132 Prins
805 1110 820 1131 a
849 1097 961 1132 Girino
982 1098 1008 1130 ei
1032 1096 1181 1131 donatum
1209 1097 1414 1130 confirmatur
1434 1096 1474 1139 ei,
1503 1096 1573 1129 465
1602 1107 1633 1135 α;
1660 1103 1691 1130 et
1712 1095 1863 1130 ecclesiae
1884 1094 1919 1129 S.

483 1147 619 1194 Remigii
648 1147 687 1182 de
708 1147 865 1185 Plaiotru,
892 1146 929 1180 dc
952 1145 1108 1189 Bai-bona,
1136 1145 1174 1179 de
1201 1145 1313 1189 Lintis,
1341 1145 1378 1179 de
1406 1144 1551 1179 Linteltis
1573 1152 1603 1178 et
1629 1143 1668 1178 de
1698 1144 1732 1179 S.
1757 1143 1921 1187 Silvestro,

487 1200 556 1233 467
580 1209 600 1231 α
621 1204 652 1230 et
673 1198 701 1230 b.

386 1246 518 1282 Clusino
540 1246 691 1294 episcopo
717 1252 826 1292 quarta
846 1245 1038 1279 decimarum
1069 1256 1149 1289 pars,
1168 1243 1317 1278 medietas
1344 1242 1552 1290 primitiarum
1575 1249 1605 1277 et
1626 1242 1715 1280 tertia
1741 1254 1813 1290 pars
1833 1242 1921 1277 obta-

484 1296 604 1331 tionum
628 1294 836 1338 adiudicatur⁷
872 1296 919 1328 55
945 1307 964 1328 a
992 1301 1020 1327 et
1046 1305 1103 1337 seq.

386 1345 559 1381 Coadiutor
580 1344 619 1379 ob
637 1343 783 1379 morbum
811 1343 952 1390 episcopi
976 1351 1078 1390 potest
1099 1342 1246 1376 constitui
1271 1342 1299 1375 in
1327 1341 1542 1376 iurisdictione
1563 1340 1749 1381 exercenda,
1770 1341 1813 1375 67
1837 1353 1867 1374 α.

386 1394 588 1430 Coelestinus
611 1393 638 1428 ll
664 1392 741 1433 PP..
769 1394 840 1427 468
863 1394 889 1427 b.
915 1392 1002 1427 Bona
1037 1391 1187 1426 nonnulla
1214 1391 1361 1436 elargitur
1388 1390 1582 1426 Ferrariensi
1604 1389 1777 1430 Ecclesiae,
1811 1392 1883 1424 475
1905 1391 1923 1424 b

484 1451 514 1479 et
534 1456 592 1488 seq.
810 1468 817 1472 .
1596 1476 1599 1482 Ι

386 1493 587 1528 Coloniensis
609 1491 873 1537 metropolitanae
896 1489 1057 1524 Ecclesiae
1079 1490 1108 1523 in
1124 1490 1234 1536 Apost.
1257 1488 1371 1524 Sedein
1387 1488 1521 1532 devotio,
1544 1490 1589 1522 69
1606 1490 1633 1522 b.
1648 1487 1717 1523 Sub
1732 1487 1813 1523 beati
1835 1487 1921 1522 Petri

486 1541 683 1590 protectione
705 1540 888 1587 suscipitur,
906 1547 935 1574 et
957 1539 1059 1574 eidem
1084 1538 1164 1573 bona
1180 1538 1282 1572 omnia
1300 1538 1539 1578 confirmantur,
1553 1537 1838 1584 exemptionesque
1852 1549 1924 1571 con-

484 1591 655 1631 ceduntur,
678 1590 749 1624 564
769 1590 787 1623 b
804 1597 834 1623 et
848 1601 921 1633 seq.,
939 1591 1007 1622 812
1023 1601 1042 1622 α
1064 1597 1093 1623 et
1120 1601 1178 1633 seq.
1203 1587 1282 1622 Eius
1298 1586 1457 1622 canonicis
1478 1586 1664 1621 dalmaticae
1677 1594 1707 1622 et
1721 1586 1832 1621 mitrae
1845 1598 1924 1621 usus

486 1639 683 1680 conceditur,
706 1640 779 1672 ibid.

387 1689 543 1725 Columba
571 1688 632 1733 (de)
657 1687 755 1722 abbas
777 1687 807 1721 in
830 1686 1015 1739 episcopum
1038 1686 1258 1721 Placentinum
1283 1685 1419 1731 eligitur,
1442 1686 1511 1718 554
1537 1686 1554 1718 b
1573 1692 1681 1729 etseq.

388 1738 578 1774 Columbani
602 1737 659 1782 (S.)
681 1736 832 1771 Bobiens.
863 1735 1018 1770 dioecesis
1039 1735 1161 1770 ordinis
1196 1734 1361 1769 Cassinen.
1390 1733 1617 1768 monasterium
1640 1733 1702 1768 sub
1728 1733 1925 1780 protectione

487 1788 524 1822 B.
552 1787 636 1822 Petri
665 1786 829 1833 recipitur,
852 1785 983 1832 eiusque
1006 1784 1086 1819 bona
1105 1785 1208 1819 omnia
1232 1783 1472 1823 confirmantur,
1497 1785 1567 1816 464
1589 1785 1606 1816 b
1632 1790 1663 1816 et
1689 1795 1763 1827 seq.,
1791 1784 1863 1816 478
1894 1794 1925 1817 (ι.

389 1836 590 1872 Columbano
613 1834 856 1871 Claraevallensi
879 1834 1071 1869 monasterio
1098 1833 1325 1868 confirmantur
1343 1832 1530 1867 donationes
1545 1831 1582 1865 ab
1602 1831 1766 1878 episcopo.
1787 1832 1871 1866 clero
1897 1839 1927 1865 et

488 1886 605 1933 populo
631 1884 816 1919 Placentino
839 1883 948 1927 factae,
972 1895 1044 1918 curn
1068 1882 1195 1918 decreto
1217 1882 1426 1917 immunitatis
1453 1880 1491 1915 ab
1514 1880 1600 1915 omni
1624 1881 1860 1927 perturbatione
1878 1881 1924 1914 vel

489 1935 688 1974 alienatione,
710 1935 782 1968 418
804 1935 821 1967 b
842 1941 873 1967 et
894 1945 953 1977 seq.

390 1984 630 2031 Complutensis
658 1983 797 2018 Ecclesia
818 1982 995 2017 Totetauae
1011 1981 1191 2024 subiicitur,
1221 1982 1291 2015 496
1315 1992 1344 2014 α.

390 2034 596 2069 Conchenses
621 2031 767 2077 monachi
790 2031 1035 2066 controversiain
1063 2030 1180 2065 babent
1201 2041 1271 2063 curn
1295 2027 1544 2074 Figiacensibus‚
1566 2037 1646 2074 quae
1668 2028 1870 2075 componitur
1889 2027 1928 2062 al»

488 2082 618 2118 Urbano
640 2081 703 2116 ΡΡ.
727 2080 766 2125 11,
790 2082 858 2115 169
881 2082 898 2115 b
916 2088 946 2115 et
967 2092 1026 2124 seq.

391 2131 571 2168 Concilium
598 2131 778 2166 Romanum
801 2129 825 2174 Ι,
853 2131 900 2164 25
922 2142 951 2163 α.
975 2129 1053 2163 Eius
1079 2127 1205 2162 decreta
1229 2134 1336 2162 contra
1363 2126 1568 2167 simoniacos,
1596 2127 1670 2161 ibid.

391 2180 571 2216 Concilium
592 2180 802 2215 Lateranense
830 2178 871 2213 111
895 2178 1060 2220 indicitur,
1087 2179 1158 2211 805
1181 2189 1210 2210 α.

392 2230 641 2266 Concordiensis
662 2228 823 2263 Ecclesiae
845 2227 905 2262 sub
934 2227 1125 2273 protectione
1148 2226 1259 2272 Apost.
1282 2224 1377 2260 Sedis
1395 2224 1577 2272 suscipitur,
1601 2226 1666 2259 811
1699 2237 1727 2260 α.
1762 2224 1841 2260 Eius
1876 2237 1929 2259 ca-

491 2279 618 2315 nonicis
642 2278 721 2312 bona
739 2278 845 2312 omnia
867 2276 1105 2316 confirmantur,
1116 2277 1191 2309 ibid.

393 2328 627 2364 Condomiense
655 2327 895 2362 monasterium.
924 2327 958 2359 V.
988 2324 1071 2360 Petri
1099 2324 1157 2368 (S.)
1184 2322 1684 2362 Condomiense,monasterium.

394 2377 618 2412 Concubinarii
643 2376 756 2411 notorii
782 2376 873 2410 missa
899 2388 960 2409 non
985 2383 1031 2409 est
1050 2373 1216 2413 audienda,
1239 2375 1285 2406 24
1308 2385 1338 2406 α.
1363 2372 1389 2406 Α
1417 2371 1533 2406 divinis
1565 2371 1830 2419 suspenduntur,
1855 2373 1929 2406 ibid.

492 2426 710 2469 Concubinam
735 2437 796 2458 non
825 2424 1019 2458 dimittentes
1045 2434 1135 2457 sacro
1156 2421 1340 2456 ministerio
1362 2429 1391 2455 ct
1409 2420 1574 2456 beneficiis
1600 2420 1755 2467 privandi,
1781 2423 1825 2455 70
1852 2422 1880 2454 b.

395 2474 562 2510 Conradus
582 2474 838 2520 archiepiscopus
860 2472 1076 2518 Salisburgen.
1102 2471 1267 2506 ecclesiam
1290 2469 1323 2505 S.
1352 2470 1489 2505 Zenonis
1512 2470 1543 2504 in
1571 2465 1693 2505 Hallen.
1717 2469 1838 2510 fundat,
1859 2469 1931 2503 l'nn-

494 2524 641 2571 datioque
670 2524 738 2559 eius
761 2522 964 2557 confirmatur
986 2521 1025 2555 ab
1047 2520 1191 2566 Eugenio
1218 2518 1258 2553 lll
1282 2518 1358 2558 PR,
1382 2521 1453 2553 525
1475 2521 1502 2553 b.

395 2570 561 2612 Com-:idus
582 2573 625 2611 tlt
653 2573 868 2607 Romanorum
898 2582 952 2605 rex
976 2570 1137 2617 privilegia
1165 2568 1315 2603 nonnulla
1337 2568 1483 2604 concedit
1507 2567 1730 2603 Ultraiectinae
1758 2566 1930 2606 Ecclesiae.

498 2623 569 2657 509
590 2635 620 2656 α.
