2180 3205
3 232 75 287 2,Αιι
89 256 109 284 c
137 249 205 282 ms

270 307 347 343 Data
369 306 531 355 Anagniae
552 318 608 354 per
627 305 666 341 D.
698 304 838 340 Daissen.
866 305 900 340 S.
927 305 967 339 R.

221 357 259 393 E.
282 357 525 402 subdiaconum,
546 356 652 391 lxkal.
669 368 753 396 nov.,
776 355 882 389 indict.
898 365 968 393 vin,

221 408 340 443 incarn.
375 407 460 442 dom.
495 418 656 450 nicrxxlv,
688 404 796 452 pontif.
829 416 902 439 vero
927 404 966 438 D.

220 456 391 492 Alexandri
419 456 522 503 Papae
543 455 586 490 ΙΙΙ
612 467 696 490 anno
722 466 787 489 xvi.

255 513 317 545 Dat.
334 514 382 545 die
403 514 442 545 222
463 513 590 544 octobris
611 521 688 543 anno
709 511 824 541 Domini
843 510 929 547 ΗΜ,

458 558 560 599 pontif.
582 567 658 588 anno
680 565 736 587 xvc

504 708 677 744 LXXVIII.

220 783 421 830 Confirmatio
481 781 661 815 monasterii
711 779 968 824 ,nornis-Reqalis

266 834 385 867 ordinis
419 832 454 866 S.
483 831 651 869 Benedicti,
687 842 706 864 α
749 830 885 863 Vittetmo
922 830 967 873 ΙΙ,

267 883 396 917 Siciliae
433 893 501 926 reye
540 892 636 926 nuper
680 881 852 919 constructi,
879 881 969 914 bono-

266 943 395 978 rumque
420 932 463 965 ad-
489 931 571 964 illud
593 931 812 976 pertinentium
838 931 893 973 (t).

485 999 700 1031 smnmlttmt

216 1066 385 1098 Exordium.
406 1085 446 1090 —
466 1067 674 1098 Monasterium
694 1067 787 1097 {lloute
805 1066 967 1105 Regalense

257 1121 273 1143 a
290 1112 448 1143 Guillelmo
474 1111 497 1141 11
521 1112 638 1142 Siciliae
661 1122 728 1150 rege
747 1116 947 1142 constructum
960 1135 968 1149 ,

254 1173 296 1180 —
311 1157 496 1196 Apostolicae
519 1156 588 1187 Sedi
611 1157 779 1187 immediate
801 1156 968 1187 subiectum

256 1201 432 1232 declaratur.
450 1219 490 1224 —
507 1202 613 1232 Abbati
632 1211 700 1231 vero
723 1201 846 1231 facultas
865 1210 969 1231 conce-

257 1246 337 1277 ditur
354 1245 593 1276 benedictionem
611 1246 775 1285 accipiendi
795 1255 809 1275 a
833 1255 890 1285 quo
910 1255 970 1275 ma-

255 1290 486 1330 lueritarchiep.
506 1291 549 1320 vel
568 1289 856 1330 episcopo—Bona
872 1291 968 1320 onmia

256 1335 424 1375 praesentia
451 1340 479 1365 et
501 1335 598 1365 sutura
630 1336 657 1365 ei
680 1336 900 1365 confirmantur.
930 1352 970 1357 —-

256 1378 362 1409 Abbati
385 1389 603 1420 quemcumque
625 1390 728 1410 vocare
750 1380 909 1410 antistitem
933 1381 968 1410 ad

256 1424 432 1454 clericorum
463 1425 675 1462 ordinationes,
706 1424 839 1455 Chrisma
869 1425 970 1455 conse-

247 1468 382 1499 rendum
417 1473 467 1499 etc.
489 1470 669 1499 conceditur.
699 1487 738 1491 —
759 1469 878 1499 Fontem
902 1479 969 1500 vcro

257 1513 287 1543 in
305 1512 448 1544 Ecclesiis
467 1514 687 1552 parochialibus
706 1514 971 1554 benedici,etBap-

257 1558 344 1588 tisma
376 1558 521 1588 celebrari
553 1568 605 1598 per
640 1558 774 1588 clericos.
796 1576 836 1581 —
862 1558 971 1589 Immu-

257 1602 365 1632 nitates
390 1602 426 1632 ab
457 1602 552 1632 aliena
582 1603 715 1633 molestia
746 1604 774 1632 in
797 1603 883 1633 bonis
906 1608 934 1633 et
955 1614 968 1634 a

258 1646 407 1678 solutione
443 1647 639 1677 decimarum.
674 1664 713 1669 —
748 1647 969 1687 Excmptionum

258 1692 481 1722 concessiones.
501 1709 540 1714 —
560 1692 696 1722 Facultas
725 1692 868 1731 synodum
896 1701 970 1722 con-

259 1737 411 1775 gregandi.
433 1753 474 1759 --
494 1737 599 1767 Abbati
623 1746 696 1766 usus
718 1737 832 1774 mitrae,
860 1738 970 1767 sanda-

259 1780 378 1819 liorum,
406 1782 533 1818 tunicae,
555 1782 730 1812 dalmaticae
757 1786 806 1810 etc.
823 1783 970 1820 permitti-

261 1829 319 1856 tur.
336 1842 376 1848 —
389 1825 429 1856 De
447 1826 626 1865 recipiendis
642 1826 760 1856 clericis
778 1826 823 1856 vel
842 1826 926 1856 laicis
942 1827 970 1856 in

260 1874 387 1900 monast.
413 1887 454 1892 —
474 1869 634 1900 Concessio
656 1871 780 1900 aliorum
800 1871 971 1910 privilegio-

261 1922 388 1943 rum.—
401 1913 588 1954 Sepulturam
609 1914 732 1944 liberam
749 1924 815 1944 esse
830 1916 971 1946 decernit.

260 1956 395 1988 —Nulla
413 1958 617 1988 ecclesiastica
636 1968 762 1998 persona
774 1960 838 1989 sine
854 1960 971 1990 licentia

263 2002 377 2033 abbatis
399 2003 496 2033 divina
519 2004 613 2034 officia
639 2004 768 2034 celebret
785 2004 815 2033 in
837 2005 972 2034 ecclesiis

263 2047 397 2077 eiusdem
421 2049 602 2078 monasterii.
628 2066 668 2071 —-
687 2048 841 2078 Decretum
861 2049 974 2079 indem-

262 2092 364 2122 nitatis
386 2101 401 2122 a
424 2102 610 2132 quacumque
633 2093 779 2130 molestia,
800 2094 825 2123 vi
846 2098 899 2124 etc.
935 2111 974 2117 —-

263 2136 375 2167 Census
394 2146 511 2167 annuus
528 2146 580 2177 per
595 2136 728 2167 abbatem
744 2142 771 2166 et
787 2137 889 2168 fratres
905 2138 973 2169 Sedi

263 2181 450 2221 Apostolicae
465 2181 684 2221 persolvendus.
709 2198 750 2204 —
770 2182 876 2212 Solitae
899 2193 971 2213 con-

264 2226 425 2256 clusiones.
445 2242 484 2248 —
500 2226 655 2256 Alexandri
675 2226 729 2256 PP.
748 2232 775 2256 et
797 2227 825 2257 S.
845 2228 876 2257 R.
894 2228 972 2258 Eccl.

264 2271 457 2301 cardinalium
481 2270 725 2310 subscriptiones.

224 2337 357 2369 Alexander
381 2338 501 2377 episcopus
521 2346 598 2367 serras
618 2347 734 2368 serrorum
761 2338 812 2372 Dei,
842 2339 974 2370 charissimo

264 2383 288 2413 in
309 2382 398 2413 Christo
418 2382 468 2412 tilio
495 2382 635 2413 Gaillchuo·
649 2384 731 2413 illustri
749 2383 841 2413 Siciliae
870 2385 928 2423 regi,
952 2388 972 2413 et

264 2427 391 2458 heredibus
410 2428 468 2465 eins,
491 2427 514 2457 in
531 2431 677 2466 perpetuum.

275 2489 326 2525 Ex
339 2489 444 2524 debito
460 2491 597 2537 suscepti
612 2490 785 2537 regiminis,
807 2490 974 2538 qualitates

53 2542 180 2583 “ludim-
226 2539 389 2576 attendere
414 2539 556 2585 cogimur
577 2548 608 2574 et
635 2541 745 2575 merita
766 2540 973 2586 singulorum,

264 2606 304 2641 (1)
319 2605 359 2632 Ex
379 2604 508 2632 tabulario
523 2606 653 2632 Ecclesiae
669 2606 765 2633 Montis
776 2607 878 2641 Regalis
894 2606 974 2633 edidit

229 2645 352 2674 Bocchus
370 2646 470 2679 Pirrus,
487 2645 589 2673 Siciliae
599 2645 671 2679 Sac.,
688 2649 752 2673 tom.
773 2655 792 2679 1,
809 2646 860 2674 col.
877 2647 936 2674 ltijt.

820 250 1018 273 ALEXANDER
1038 250 1075 272 nt
1097 249 1147 272 ΡΙ).

1641 235 1710 269 775

1011 312 1043 338 ut
1063 305 1144 339 circa
1172 315 1282 339 omnes
1308 302 1354 339 sic
1380 314 1572 350 exequamur
1592 302 1758 350 dispensa-

1011 354 1103 388 tionis
1142 353 1234 388 nobis
1264 353 1399 388 creditae
1426 353 1645 394 ministerium,
1672 354 1756 401 quod

1010 402 1113 437 devoti
1142 403 1302 438 Ecclesiae
1325 403 1378 437 lilii
1414 414 1471 450 pro
1499 409 1570 438 voto
1604 414 1757 450 persona-

1011 464 1095 493 rum,
1122 461 1152 486 et
1174 453 1285 487 merito
1307 452 1345 487 ab
1371 451 1552 500 Apostolica
1575 452 1676 495 Sede,
1705 454 1757 490 cui

1010 501 1081 536 licet
1115 501 1245 547 indigui,
1264 501 1452 549 disponente
1473 502 1628 548 Domino,
1666 515 1758 551 prae·

1009 551 1160 595 sidemus,
1181 559 1301 597 gratum
1323 564 1399 587 suae
1413 561 1573 600 reportent
1594 553 1757 601 petitionis

1009 600 1172 641 effectuum
1201 601 1257 635 hac
1284 601 1439 648 siquidem
1468 603 1587 637 ratione
1613 611 1699 639 tanto
1716 603 1757 638 li-

1011 649 1134 685 bentius
1157 658 1187 684 et
1208 649 1378 697 benignius
1405 651 1506 698 regiae
1538 652 1682 689 volumus
1702 665 1757 689 se-

1010 699 1132 734 renitati
1159 699 1297 744 deferre,
1335 708 1366 735 et
1398 709 1468 736 tuae
1501 702 1757 740 condescendere

1010 749 1171 789 voluntati,
1207 757 1239 783 ut
1273 749 1303 783 in
1339 750 1386 784 his
1413 751 1560 794 maxime,
1591 765 1671 800 quae
1696 753 1759 789 Re-

1009 797 1162 846 demptori
1199 807 1305 834 nostro
1331 808 1415 846 grata
1445 809 1520 836 sunt
1551 809 1582 837 et
1613 811 1757 851 accepta,

1009 857 1039 883 et
1059 856 1130 884 tuae
1156 847 1247 883 saluti
1269 857 1300 883 et
1312 849 1431 884 nomini
1448 850 1617 894 fructuosa,
1639 861 1757 900 quanto

1010 909 1175 944 personam
1202 905 1288 932 tuam
1325 899 1407 933 sicut
1439 900 1614 936 charissimi
1640 903 1696 937 filii
1726 911 1758 938 et

1009 947 1259 982 christianissimi
1283 949 1366 995 regis
1387 949 1606 987 abundantiori
1628 953 1758 989 caritate

1009 997 1182 1043 diligimus,
1209 997 1298 1032 etde
1333 1007 1404 1034 tuae
1437 1001 1631 1045 gratissimae
1665 1002 1758 1039 devo-

1009 1047 1104 1082 tionis
1124 1047 1245 1082 fervore
1267 1047 1358 1082 nobis
1378 1056 1409 1083 et
1430 1049 1589 1087 Ecclesiae
1609 1051 1668 1087 Dei
1690 1065 1759 1100 gra-

1010 1097 1088 1131 tiora
1114 1096 1279 1132 commoda
1308 1099 1485 1144 pervenisse
1512 1101 1691 1148 recolimus,
1727 1111 1758 1139 et

1010 1146 1123 1193 iugiter
1150 1146 1330 1192 credimus,
1357 1156 1482 1184 auctore
1516 1150 1655 1187 Domino
1681 1165 1758 1200 pro-

1010 1203 1151 1235 ventura,
1179 1204 1212 1230 ut
1245 1196 1327 1231 circa
1349 1196 1470 1239 Deum,
1502 1208 1533 1234 et
1558 1213 1662 1237 sacras
1687 1202 1758 1238 eius

1009 1245 1178 1286 Ecclesias,
1201 1246 1350 1281 maiorem
1366 1260 1492 1296 semper
1513 1249 1710 1287 devotionem
1726 1260 1759 1287 et

1011 1295 1216 1330 reverentiam
1244 1295 1369 1337 habeas,
1398 1306 1429 1332 et
1455 1297 1626 1336 ferventius
1659 1302 1759 1337 cultui

1010 1345 1158 1386 iustitiae,
1195 1353 1226 1380 et
1261 1347 1410 1392 operibus
1445 1348 1569 1394 pietatis
1595 1351 1758 1393 intendas;

1010 1407 1082 1429 cum
1110 1395 1148 1429 de
1176 1396 1391 1442 praerogativa
1418 1406 1543 1434 nostrae
1579 1399 1759 1436 dilectionis

1011 1452 1041 1478 et
1065 1445 1184 1490 gratiae
1211 1444 1308 1479 fueris
1334 1446 1500 1482 efficaciter
1521 1459 1758 1498 consequutus,

1011 1494 1093 1540 qnod
1113 1494 1165 1541 pio
1183 1503 1213 1528 et
1228 1494 1354 1530 ferventi
1375 1496 1532 1532 desiderio
1548 1501 1756 1546 concupiscis.

1010 1543 1103 1578 Unde
1124 1556 1195 1578 cum
1220 1545 1443 1581 monasterium
1467 1547 1497 1582 in
1520 1547 1671 1585 honorem
1688 1550 1757 1595 Dei,
1784 1560 1936 1582 Monasterium

1011 1601 1042 1628 et
1076 1594 1258 1628 memoriam
1290 1594 1325 1628 Β.
1349 1595 1465 1631 Mariae
1492 1597 1548 1632 Dei
1582 1598 1757 1636 Genetricis
1771 1591 1958 1645 2f3⁰2¹¹4²3³m¹1³ssfflg¹1¹1

1012 1651 1041 1678 et
1070 1642 1228 1689 Virginis,
1261 1643 1340 1678 sicut
1373 1657 1435 1680 non
1463 1647 1565 1682 solum
1593 1661 1631 1683 ex
1658 1649 1758 1686 literis
1771 1654 1859 1676 Sicilifl‘·
1904 1659 1957 1680 ¹⁹6⁰

1013 1701 1082 1727 tuae
1103 1693 1309 1733 celsitudinis,
1333 1695 1385 1729 sed
1409 1696 1502 1730 etiam
1527 1697 1660 1734 aliorum
1675 1709 1758 1735 certa
1773 1688 1926 1711 ⁰⁰¹¹⁵²m⁰⁸⁰m’

1013 1742 1163 1777 relatione
1188 1755 1252 1777 non
1278 1744 1347 1778 sine
1373 1745 1472 1780 multo
1499 1747 1614 1793 gaudio
1635 1757 1666 1783 et
1692 1750 1760 1785 lae-

1014 1792 1078 1826 titia
1114 1792 1218 1826 cordis
1251 1793 1453 1835 audirimus,
1488 1808 1585 1843 super
1611 1797 1760 1835 Sanctam

1013 1841 1169 1876 Kiriacam
1196 1841 1317 1877 divinae
1344 1844 1461 1889 gratiae
1483 1845 1689 1893 inspiratione
1710 1862 1762 1885 re-

1013 1890 1136 1935 galibus
1169 1899 1352 1927 construere
1386 1895 1528 1941 coeperis
1566 1897 1697 1944 opibus,
1730 1907 1762 1934 et

1015 1940 1201 1985 largissimis
1227 1951 1257 1976 et
1280 1942 1484 1989 amplissimis
1507 1947 1761 1991 possessionibus

1014 1989 1218 2036 disposueris,
1245 1991 1383 2027 Domino
1416 2003 1616 2041 cooperante,
1643 1997 1760 2039 ditare3

1015 2049 1046 2073 ut
1072 2039 1161 2074 locus
1183 2039 1235 2074 ille
1261 2041 1395 2076 celebris
1417 2042 1578 2086 habeatur,
1600 2055 1631 2080 et
1652 2046 1694 2081 ibi
1720 2047 1761 2082 ad

1014 2088 1214 2123 serviendum
1257 2089 1325 2125 Deo
1367 2101 1541 2128 conventus
1581 2105 1762 2142 permaneat

1016 2138 1253 2183 monachorum,
1275 2152 1333 2175 nos
1360 2141 1447 2188 pium
1473 2151 1577 2178 votum
1605 2153 1635 2180 et
1663 2145 1762 2182 devo-

1016 2189 1130 2222 tionem
1170 2189 1288 2235 regiam
1325 2191 1353 2224 in
1380 2191 1437 2226 hac
1471 2200 1556 2238 parte
1594 2196 1761 2241 praeconia

1014 2237 1220 2283 dignissimae
1241 2238 1343 2274 laudis
1369 2240 1565 2284 extollimus,
1587 2252 1618 2278 et
1640 2245 1762 2291 petitio-

1016 2287 1108 2322 nibus
1123 2287 1187 2322 tuis
1207 2289 1427 2335 exequendum
1450 2291 1534 2337 pium
1557 2304 1649 2340 opus,
1675 2295 1760 2342 quod

1014 2336 1151 2371 Domino
1181 2337 1350 2384 inspirante
1384 2341 1533 2387 coepisti,
1571 2350 1633 2377 tam
1667 2344 1761 2380 beni-

1014 2399 1111 2433 gnum
1135 2399 1228 2432 qnam
1258 2387 1432 2423 iucundum
1455 2391 1656 2438 impartimur
1682 2394 1762 2430 effe-

1015 2445 1111 2470 ctum.
1141 2436 1331 2483 Eapropter,
1358 2438 1540 2476 charissime
1575 2442 1606 2476 in
1633 2441 1760 2480 Christo
1800 2447 1937 2485 qusioticqc

1017 2486 1070 2530 tili,
1089 2498 1144 2533 pro
1167 2487 1259 2521 unica
1272 2496 1303 2522 et
1317 2489 1444 2534 speciali
1466 2490 1643 2535 affectione,
1664 2505 1758 2541 quam
1773 2478 1959 2532 {iiiessfflfdiciff

1015 2535 1052 2569 ad
1089 2544 1118 2570 te
1151 2535 1234 2570 sicut
1258 2536 1297 2571 ad
1332 2537 1625 2576 christianissimum
1653 2542 1873 2590 regem⁰¹³‘³¹¹¹¹·

1016 2583 1178 2630 habemus,
1205 2585 1244 2620 de
1270 2587 1402 2622 consilio
1428 2588 1557 2624 fratrum
1580 2600 1760 2629 nostrorum

1015 2635 1183 2681 apostolica
1209 2636 1390 2673 auctoritate
1415 2639 1592 2681 statuimus,
1628 2650 1661 2678 ut
1689 2656 1761 2680 mo-

1773 245 1825 273 An.
1842 244 1872 272 C.
1886 243 1953 271 ¹¹75
