2180 3205
30 291 38 302 1
90 260 140 291 An.
158 261 186 290 C.
206 262 272 290 ¹¹59

23 318 47 362 ξς.
285 316 450 362 spicimur,
474 324 505 352 ut
528 316 744 352 Ecclesiarum
761 318 900 353 omnium
927 330 1032 352 curam

283 378 415 411 gerere,
449 375 479 401 et
514 367 561 400 ius
596 379 688 401 suum
727 368 840 414 cuique
875 367 1034 405 tribuere.

51 435 55 439 -
285 417 466 462 prat-sertim
492 416 540 453 iis,
568 429 649 463 quac
673 417 752 451 beati
778 417 857 451 l‘ctri
882 417 959 451 iuris
975 417 1037 451 cxi-

38 469 45 497 ?
282 472 379 504 stunt,
407 477 594 500 conservare
619 467 738 511 integre
766 466 949 500 debeamus.
981 466 1035 500 l)e·

282 513 389 548 functo
429 515 532 561 itaque
573 515 762 561 landulpho
778 543 785 557 ,
825 514 1035 549 Ferrariensis

42 591 49 598 t
281 563 417 597 civitatis
443 565 606 610 episcopo,
629 565 755 611 quidam
784 564 822 598 de
848 565 971 598 clericis
1000 576 1035 599 ac

22 614 40 650 35
282 612 368 646 laicis
403 613 593 658 generaliter
621 615 880 658 viccmgvrentes,
902 613 939 647 ad
977 626 1034 648 no-

17 658 52 701 ξ
281 669 376 696 stram
403 663 610 707 praesentiam
641 670 804 700 venerunt,
835 670 864 697 et
895 672 926 697 ut
950 664 1031 697 iuxta

19 703 44 765 ἢ
283 719 422 745 tenorem
441 711 675 757 privilegiorum
693 723 822 745 suorum
840 711 1031 746 Ferrariensi
1052 717 1055 765 j

16 748 54 802 k·
281 759 441 794 Ecclesiae
469 760 652 807 episcopum
681 761 848 803 daremus,
873 761 1054 807 ltumiliter'

22 803 54 863 ξ’
283 809 500 856 implorarunt.
536 809 665 852 Verum,
700 811 876 858 quia-tunc
901 823 1034 845 venera-

13 863 17 868 *
283 858 356 893 bilis
392 859 483 893 frater
517 867 623 893 noster
657 859 695 893 G.
730 858 895 894 Raveunas
922 861 1034 895 arclii-

282 909 462 955 episcopus,
485 908 635 942 adversus
649 921 702 952 eos
725 921 832 955 agens,
851 922 906 955 per
928 910 1031 956 ipsum

282 958 551 992 consecrationem
567 957 779 993 Ferrarieusis
805 959 945 1006 episcopi
967 960 1031 993 lieri

282 1006 396 1041 debere
419 1007 583 1049 clamabat,
599 1007 674 1054 ipsis
694 1008 802 1049 literis,
818 1016 847 1042 et
868 1009 932 1042 viva
957 1021 1032 1043 voce

284 1057 510 1103 praecepimus,
545 1066 576 1090 ut
609 1056 645 1090 ad
676 1056 848 1104 proximam
878 1058 1030 1105 synodum

282 1106 439 1152 sapientes
466 1118 500 1140 ac
527 1106 679 1140 discretos
709 1107 788 1140 x‘iros
814 1119 884 1141 cum
915 1108 1032 1142 iustru-

284 1156 398 1189 mentis
424 1155 614 1190 authenticis
640 1165 669 1190 et
692 1155 762 1190 aliis
790 1157 964 1191 rationibus
994 1157 1030 1191 ad

284 1217 372 1238 no....
405 1213 480 1239 tunc
514 1205 684 1240 auxiliante
717 1205 855 1240 Domino
883 1206 1030 1241 iustitiam

283 1262 537 1301 assequerentur,
560 1255 694 1300 quod...
723 1263 780 1289 est.
808 1254 893 1289 Visis
916 1256 1031 1302 itaque,

283 1312 314 1338 ct
335 1303 502 1350 diligenter
519 1304 668 1350 inspectis
686 1313 746 1338 tam
770 1303 1032 1349 Ferrarieusium,

45 830 54 843 -“
100 822 267 848 Fumi-tensium

27 870 38 884 ,
91 858 114 878 οι
126 854 254 877 Ravennatis

40 884 50 905 ⁷-
97 886 191 914 archiep.
207 892 258 907 euu-

42 938 58 949 c.
103 919 208 939 troversia
223 919 248 939 dc

49 964 55 970 .
89 947 198 970 §tectione
214 950 258 976 epi-

42 1008 49 1021 ae
143 982 210 1008 scopi.

27 1328 29 1331 “
47 1327 53 1346 ”.
98 1322 221 1346 thminna
235 1325 255 1345 iu

27 1354 61 1404 '‘2·
93 1356 174 1407 ¹5¹=⁰d⁰
190 1361 260 1392 effrem
284 1365 377 1399 quam
407 1353 535 1400 praelati
554 1354 783 1400 archiepiscopi
807 1355 1032 1401 conquerentis

29 1414 45 1429 0
88 1390 270 1445 ppffnffess‘riiiata
287 1402 474 1449 privilegiis,
503 1412 533 1437 et
561 1403 755 1442 rationibus,
783 1402 1031 1438 Ferrariensium
1054 1409 1055 1415 ¹

24 1438 51 1477 ζ]
87 1449 197 1469 tentantia
220 1454 270 1470 con—

102 1482 135 1501 ιιι
151 1479 261 1501 Ravenna-

285 1451 399 1498 scripta
424 1451 601 1498 praevalere
623 1453 840 1499 cognovimus.
871 1453 1034 1487 Commu-

25 1507 51 1541 Δ-Ξ·
98 1512 262 1539 marcaico,

288 1501 391 1535 nicato
413 1511 516 1548 itaque
547 1501 676 1536 fratrum
701 1511 878 1536 nostrorum
902 1503 1034 1550 cpisco-

287 1562 399 1598 porum
422 1563 457 1585 ac
479 1551 684 1585 cardinalium
708 1552 851 1596 consilio,
882 1552 963 1586 iuxta
987 1560 1034 1586 te—

287 1612 395 1634 norem
424 1600 659 1647 privilegiorum
687 1600 936 1636 Ferrariensium
965 1602 1035 1648 epi-

285 1661 455 1696 scoporum
468 1650 662 1696 eligendum,
685 1658 713 1684 et
731 1663 785 1697 per
804 1650 965 1685 Romanae
979 1652 1034 1685 Sc-

286 1699 335 1734 dis
355 1700 523 1734 antistitem
545 1700 793 1734 consecrandum
817 1700 1032 1735 decrevimus:

287 1757 381 1796 atque
411 1748 645 1783 Ferrariensem
673 1749 846 1784 Ecclesiam
875 1750 934 1784 sub
969 1751 1035 1785 iure

40 1720 42 1722 <
27 1651 49 1691 *t'.
27 1555 55 1630 fvij·

285 1859 414 1882 manere
435 1848 614 1882 statuimus.
638 1847 695 1882 His
728 1848 833 1895 itaque
855 1849 963 1894 gestis,
986 1849 1035 1883 ‹li-

286 1897 366 1931 lecte
389 1897 420 1931 iu
447 1897 586 1932 Domino
610 1897 649 1930 sili
679 1896 820 1944 Gryplio,
849 1907 878 1932 te
913 1908 1035 1933 nostrae

287 1954 412 1981 sanctae
427 1946 589 1981 Romanae
611 1946 785 1991 Ecclesiae,
807 1955 837 1982 et
858 1947 938 1981 tituli
955 1948 1035 1983 Sau-

286 2003 353 2030 ctae
380 1995 585 2031 Potentianae
607 1995 810 2039 cardinalem,
832 2005 862 2031 et
884 1997 1035 2032 ecclesiae

286 2044 374 2079 Beati
403 2045 485 2080 Petri
513 2045 815 2093 archipresbyterum
832 2073 840 2087 ,
867 2058 904 2081 ex
932 2047 1036 2081 cardi-

288 2093 412 2129 nalibus
434 2095 549 2129 nostris
570 2094 717 2139 electum,
739 2095 877 2130 invocata
900 2095 1036 2143 Spiritus

287 2142 392 2178 Sancti
420 2144 530 2190 gratia,
564 2144 595 2178 iu
618 2144 841 2191 episcoporum
869 2157 1036 2180 consecra-

288 2205 370 2236 mus,
391 2201 485 2240 atque
500 2193 538 2228 ad
554 2193 795 2239 gubernandum
811 2206 936 2240 gregem
956 2195 1037 2230 Fer—

287 2242 434 2276 rariensis
446 2242 602 2277 Ecclesiae
616 2243 717 2277 eidem
731 2243 800 2277 loco
817 2244 1034 2290 praeferimus.

287 2291 333 2325 Te
357 2293 473 2338 itaque,
495 2292 578 2326 clero
600 2300 630 2326 et
653 2293 771 2339 populo
793 2292 984 2328 Ferrariensi
1005 2295 1035 2328 in

288 2340 435 2375 fidelitate
467 2340 547 2375 beati
586 2341 670 2376 Petri
710 2342 962 2388 persistentibus,
998 2343 1036 2377 ad

288 2390 386 2424 instar
418 2390 694 2437 praedecessorum
731 2397 909 2426 nostrorum
939 2392 1037 2426 felicis

101 1908 186 1938 Grypho
201 1909 222 1931 S.
235 1908 258 1930 tt.

90 1938 146 1962 Boot.
160 1941 273 1962 cardinatis

103 1969 134 1991 illi
143 1971 264 1998 praeficitur

121 2000 244 2028 Ecclesiam

106 2530 131 2550 nd
151 2535 196 2551 eam
215 2536 264 2558 spc-

101 2561 181 2581 etantia
194 2562 270 2582 contir-

93 2626 212 2644 flerimus:

286 1805 317 1833 et
357 1798 498 1833 dominio
531 1798 733 1845 Apostolicae
759 1798 871 1842 Sedis,
907 1799 1057 1834 decreto¹

287 2440 460 2474 memoriae
492 2439 660 2484 Vitaliani,
700 2439 869 2484 Hadriani,
902 2440 1059 2484 Leonis,¹

42 2512 45 2513 γ
93 2496 276 2527 nonaqueomnia
287 2487 475 2532 Benedicti,
507 2488 675 2533 lobannis,
711 2489 881 2523 Alexandri
916 2498 945 2524 et
977 2490 1038 2525 Pa·
1057 2504 1060 2535 ὅ
1079 2492 1225 2531 drariam,
1248 2492 1466 2538 pervenientes
1493 2504 1592 2538 usque
1617 2491 1786 2527 Maletum:
1809 2507 1826 2528 a

289 2538 415 2578 sclialis,
445 2534 662 2573 Romanoru'm
683 2538 885 2579 Pontificum,
912 2547 1038 2575 sauctae
1058 2543 1060 2550 ’

93 2594 211 2613 ¹²¹¹·wre1
226 2585 498 2622 ena-Ferrartensis
519 2587 690 2632 Ecclesiae,
714 2596 871 2635 tamquam
900 2588 1037 2636 Aposto-
1081 2602 1136 2637 per
1158 2589 1289 2637 paludes
1315 2597 1345 2624 et
1366 2591 1514 2637 piscarias
1536 2603 1636 2638 usque
1661 2591 1827 2633 vitricam,

290 2634 369 2671 licae
389 2636 482 2672 Sedis
504 2637 598 2680 filiae,
619 2637 733 2672 fundos
753 2638 895 2673 eiusdem
918 2640 1037 2681 matris,
1079 2647 1110 2674 et
1149 2647 1347 2675 transeuntes
1379 2639 1531 2676 Vitricam
1567 2641 1696 2676 veniunt
1728 2653 1828 2690 usque

878 256 1089 287 manfiestum
1113 265 1132 287 tt
1160 266 1207 287 ri).

1057 2437 1059 2450 l

1709 256 1779 288 430

1079 327 1107 352 et
1132 319 1317 365 patrimonia
1346 318 1586 359 ronlirmimus3
1615 319 1713 366 ipsam
1740 320 1828 353 vide-

1080 367 1150 401 licet
1180 381 1311 402 massam
1336 368 1572 416 Baliylonicam,
1598 381 1677 415 quac
1701 378 1826 403 vocatur

1080 416 1217 451 Ferraria
1246 430 1317 451 cum
1342 418 1509 452 duodecim
1539 418 1644 453 fundis
1666 419 1745 452 suis:
1774 420 1824 453 cui

1077 466 1153 500 alias
1168 467 1311 501 undecim
1331 480 1447 501 massas
1464 478 1584 502 nostras
1599 469 1737 502 minores
1752 481 1823 502 cum

1077 516 1161 549 omui
1181 516 1360 550 obedientia
1380 525 1472 563 atque
1495 518 1643 551 servitute
1665 517 1825 564 subiuga—-

1077 576 1165 608 mus,
1189 565 1267 598 ita-st
1297 578 1429 599 massam
1453 574 1483 599 et
1508 566 1606 612 ripam
1635 566 1823 600 Palatiolum

1076 626 1149 648 cum
1189 614 1356 648 duodecim
1394 615 1499 648 lundis
1522 617 1602 649 suis:
1636 624 1665 649 et
1686 628 1820 651 massam

1075 662 1324 698 Constanciacus
1341 676 1412 697 cum
1428 664 1596 699 duodecim
1616 664 1723 699 fundis
1739 667 1821 700 suis:

1075 713 1231 759 simulque
1249 725 1380 746 massam
1404 712 1634 754 Qiiartisianani
1655 727 1725 748 cum
1743 714 1825 749 duo-

1075 762 1175 797 decim
1207 762 1311 796 l'uudis
1331 763 1459 797 suis:et
1488 770 1582 796 totam
1612 771 1642 797 et
1670 765 1824 809 integram

1075 824 1208 846 massam
1220 810 1347 846 Donoro
1359 824 1430 846 cum
1446 811 1613 846 duodecim
1627 812 1733 847 suadis
1745 815 1823 848 suis.

1075 861 1227 896 Similiter
1250 872 1385 895 massam
1409 861 1596 907 Popularem
1612 873 1683 896 cum
1701 862 1825 897 duode-

1074 912 1134 945 cim
1162 910 1268 945 fundis
1294 911 1375 944 suis:
1401 922 1522 944 necnon
1552 922 1685 945 massam
1714 911 1825 946 Curu-

1074 961 1161 1000 lum,
1196 968 1225 994 et
1260 972 1393 994 massam
1425 959 1574 994 Salettam
1608 972 1679 994 cum
1717 961 1823 1006 viginti

1074 1018 1207 1056 quatuor
1243 1009 1348 1043 lundis
1371 1009 1447 1048 suis,
1477 1018 1506 1043 et
1534 1021 1668 1044 massam
1691 1010 1826 1045 Seneti-

1073 1072 1140 1094 cam
1164 1067 1191 1093 et
1214 1057 1420 1093 Castilionem
1445 1059 1589 1093 similiter
1616 1071 1688 1093 cum
1719 1060 1824 1095 fundis

1073 1109 1149 1143 suis.
1184 1108 1249 1142 Has
1285 1107 1414 1155 quidem
1455 1108 1663 1155 praescriptas
1706 1121 1825 1144 massas

1074 1171 1146 1193 cum
1169 1158 1319 1193 omnibus
1347 1158 1384 1191 ad
1414 1169 1520 1192 earum
1549 1157 1613 1192 iura
1638 1159 1826 1205 pertinenti-

1075 1208 1145 1251 bus,
1168 1207 1207 1241 de
1235 1207 1374 1241 dominio
1402 1216 1433 1241 et
1460 1207 1526 1241 iure
1552 1216 1645 1254 atque
1674 1216 1826 1255 potestate

1074 1258 1169 1292 liuius
1192 1266 1315 1291 sanctae
1340 1256 1499 1290 Romanae
1527 1256 1688 1292 Ecclesiae
1708 1258 1737 1292 in
1753 1270 1827 1292 san-

1074 1315 1155 1341 ctam
1183 1306 1414 1340 Ferrariensem
1444 1305 1632 1349 Ecclesiam,
1657 1318 1712 1353 per
1745 1308 1826 1343 lianc

1075 1356 1253 1390 donationis
1280 1363 1309 1389 et
1345 1355 1521 1389 traditionis
1556 1356 1701 1402 paginam
1725 1357 1827 1392 dona-

1075 1418 1145 1440 mus
1168 1413 1197 1439 et
1224 1405 1389 1444 tradimus,
1413 1413 1445 1438 ut
1467 1405 1504 1438 ab
1527 1404 1585 1439 ltac
1610 1407 1683 1439 liora
1707 1406 1736 1440 in
1769 1419 1828 1440 an-

1075 1464 1121 1490 tea
1145 1455 1235 1489 liceat
1258 1463 1318 1489 tam
1352 1454 1419 1497 tilii,
1447 1454 1607 1488 carissime
1629 1454 1722 1490 frater
1743 1455 1827 1502 Gry-

1075 1505 1138 1552 pho
1160 1505 1320 1551 episcope,
1338 1516 1431 1550 quam
1455 1504 1692 1538 successoribus
1711 1506 1772 1539 tuis
1795 1507 1825 1540 in

1075 1554 1208 1600 singulis
1241 1554 1352 1588 massis
1389 1553 1537 1587 ecclesias
1571 1565 1643 1588 cum
1678 1553 1825 1595 clericis,

1075 1604 1229 1645 diaconis,
1258 1602 1448 1649 presbyteris
1470 1602 1617 1637 ordinare
1649 1611 1679 1638 et
1714 1616 1826 1639 conse-

1076 1666 1173 1687 crare.
1192 1652 1272 1686 Illud
1289 1652 1479 1687 omnimodis
1495 1653 1683 1693 sancientes,
1699 1661 1731 1687 ut
1750 1653 1826 1688 Fer-

1077 1703 1223 1737 rarieusis
1246 1701 1385 1736 Ecclesia
1414 1713 1485 1735 cum
1509 1709 1571 1736 tota
1595 1703 1741 1749 parochia
1769 1716 1825 1737 sua

1077 1753 1106 1786 in
1136 1753 1202 1786 iure
1230 1759 1261 1785 et
1287 1751 1428 1785 dominio
1455 1762 1491 1785 ac
1522 1751 1684 1797 privilegio
1703 1761 1826 1787 nostrae

1077 1809 1202 1836 sanctae
1234 1800 1397 1835 Romanae
1428 1800 1588 1835 Ecclesiae
1616 1801 1695 1835 beati
1730 1801 1826 1846 Petri,

1076 1851 1167 1886 cuius
1193 1860 1239 1885 est
1263 1850 1499 1896 patrimonium,
1522 1860 1674 1897 perpetuo
1697 1863 1826 1886 couscr-

1078 1909 1176 1940 vetur,
1199 1908 1229 1934 et
1251 1901 1290 1933 sit
1322 1911 1448 1946 semper
1475 1900 1534 1934 sub
1562 1909 1668 1934 nostra
1691 1900 1825 1944 ditione,

1077 1950 1284 1988 ordinatione,
1307 1957 1399 1995 atque
1421 1950 1667 1990 consecratione,
1696 1958 1728 1983 ut
1754 1951 1827 1998 qui-

1077 2011 1213 2046 cumque
1237 2010 1292 2045 per
1314 2010 1372 2033 nos
1399 1997 1462 2033 illic
1496 1998 1627 2039 electuS,
1650 1999 1825 2041 ordinatus,

1077 2057 1107 2083 et
1136 2056 1336 2083 consecratus
1364 2047 1468 2089 fuerit,
1496 2048 1547 2082 ille
1575 2048 1703 2082 lionoris
1730 2049 1825 2083 liuius

1077 2110 1112 2132 ac
1141 2098 1300 2144 potestatis
1327 2097 1505 2143 integritate
1532 2097 1688 2143 fungatur.
1717 2097 1826 2132 Comi—

1079 2155 1160 2181 tatus
1186 2155 1289 2181 autem
1312 2146 1520 2181 Ferrarieusis
1544 2147 1620 2181 sines
1647 2156 1676 2180 et
1699 2148 1823 2182 termini
1852 2160 2025 2182 comitatusrer-

1077 2204 1167 2231 sunt:
1199 2196 1239 2230 ab
1267 2196 1387 2230 oriente
1414 2196 1452 2230 ab
1479 2207 1540 2230 una
1568 2203 1654 2242 parte
1684 2194 2024 2244 {luminisgss‘slssssffimufir'f‘*

1077 2245 1179 2289 Padi,
1217 2246 1312 2279 altera
1339 2253 1445 2279 nostra
1470 2257 1572 2279 massa
1610 2245 1765 2280 Pliiscalia
1796 2249 1829 2281 et⁴

1078 2294 1249 2338 Veteraria,
1265 2306 1363 2341 usque
1377 2294 1415 2328 ad
1431 2294 1546 2329 fossam
1565 2293 1716 2329 Bossonis
1731 2304 1827 2330 trans-

1845 265 1893 292 Λη.
1912 264 1941 292 C.
1958 265 2025 292 tt3‘.)

1853 1674 2009 1696 ferrariensem

1841 1705 1957 1726 Ecclesiam
1986 1705 2025 1726 tto.

1841 1741 1913 1756 manae
1923 1736 1993 1761 filiam,
2003 1740 2023 1756 et

1840 1767 1860 1787 S.
1882 1767 1939 1787 Petri
1961 1769 2024 1794 patri-

1853 1800 1957 1823 monium,
1973 1799 2010 1818 sub

1840 1830 1934 1850 eiusdem
1961 1830 2025 1850 domi-

1840 1862 1874 1881 nio
1895 1865 1980 1886 semper
1994 1859 2024 1880 fu-

1841 1896 1906 1912 turam
1922 1891 2022 1911 declarat.

1057 2351 1153 2377 'eunt
1179 2343 1295 2378 flumen
1324 2342 1451 2378 Sandali
1481 2355 1580 2389 usque
1614 2344 1825 2385 pucilletum,

1080 2401 1277 2427 transeuntes
1310 2392 1427 2426 flumen
1464 2392 1608 2427 Gubiana
1636 2406 1692 2441 per
1714 2393 1826 2428 Ludu-

1080 2443 1155 2476 riam
1184 2441 1379 2477 circumdant
1400 2441 1512 2476 Villam
1532 2442 1679 2489 Magnam
1706 2452 1736 2478 et
1759 2444 1826 2478 Ma-

1078 2540 1192 2575 Maleto
1215 2549 1349 2587 pergunt
1371 2542 1454 2576 iuxta
1481 2541 1619 2587 Argilem
1648 2542 1826 2578 Ansiauum
