2180 3205
912 202 1099 226 BULtAniUM

142 206 231 254 Aac
258 207 324 234 1159
387 199 460 231 458

659 259 767 294 LVlll.

340 338 539 384 Confirmatio
560 337 797 382 compositionis,
819 336 914 369 initae
937 337 1013 368 iit-'er
1034 336 1090 367 ali—

385 390 483 421 balem
504 387 683 420 monasterii
709 387 743 420 S.
768 386 928 419 Michaelis
950 386 991 418 ud
1017 386 1089 417 ,31¹0-

384 449 450 471 sam
471 444 496 469 et
517 436 705 470 abbatissam
725 436 904 468 monasterii
930 435 1087 468 liminen-

383 487 436 525 sis,
459 497 548 530 super
570 486 708 519 Ecclesia
733 485 876 529 Tyrciaci
901 487 963 528 (A).

603 562 818 594 SUMMARIUM

334 631 501 661 Exordium.
519 648 555 653 —
573 630 665 660 Causa
689 629 906 659 controversiae
925 630 1084 660 examinata

373 685 472 706 coram
497 676 525 705 S.
546 675 577 704 R.
595 673 627 703 E.
649 674 855 711 cardinalium,
871 673 1005 712 factaque
1023 678 1086 703 tan-

372 721 436 750 dem
457 719 642 759 compositiO,
660 728 735 757 quae
754 719 953 748 confirmatur.
971 736 1010 740 —
1026 718 1084 748 Ec-

371 765 461 795 clesia
489 764 620 804 Tyrciaci
650 763 827 792 monasterio
865 762 893 792 S.
933 762 1084 792 Michaelis

371 810 546 840 adiudicata.
568 825 608 831 --
629 808 737 838 Solitae
754 807 915 837 clausulae.

331 880 478 910 Innocentius
501 880 620 917 episcopus
638 887 714 908 servus
736 886 851 907 seriorum
863 876 915 914 Dei,
931 877 1016 907 dilecto
1035 878 1084 908 tilio

371 924 472 954 Lanzoni
495 923 572 953 abbati
593 923 669 953 Sancti
694 922 821 959 Michaelis,
845 923 940 960 eiusque
968 931 1083 951 successo-

371 968 434 998 ribus
452 969 592 1007 regulariter
605 966 781 1004 substituendis,
802 967 824 995 in
846 970 992 1005 perpetuum.

379 1035 468 1077 Quae
490 1034 527 1069 ad
552 1046 658 1081 pacem
682 1033 895 1067 Ecclesiaruni
918 1041 1003 1072 suut,
1025 1033 1082 1068 (le-

331 1084 443 1120 bemus
479 1091 603 1131 paterna
639 1083 818 1130 provisione
855 1090 1013 1123 statuere,
1053 1092 1082 1117 et

331 1147 438 1169 earum
475 1133 572 1180 quieti
618 1141 712 1180 atque
752 1132 877 1166 utilitati
917 1132 1082 1167 salubriter

148 1190 317 1227 eaqsaeouuq-
332 1183 506 1230 providere.
540 1182 700 1222 Proinde,
735 1181 765 1215 in
799 1181 937 1216 Domino
969 1182 1081 1217 dilecte

134 1227 319 1274 ζξῖζωὲοῐξξῗωζ
334 1233 373 1267 fili
400 1233 504 1267 Lanzo
531 1232 639 1276 abbas,
674 1231 866 1266 decisionem
899 1240 1081 1266 controver-

117 1283 202 1334 {¹31¹}
221 1286 319 1336 32¹3„ss
333 1283 408 1323 siae,
434 1294 514 1329 quae
537 1282 618 1315 inter
636 1289 664 1315 te
683 1289 711 1315 et
727 1280 903 1315 Haduidem
920 1280 1081 1315 Iuviuien-

134 1330 217 1375 iapde'm
234 1322 319 1373 comba-
333 1345 398 1366 sem
433 1331 622 1366 abbatissam
653 1342 708 1377 pro
735 1330 864 1364 ecclesia
902 1329 940 1364 (le
966 1330 1080 1378 Tyrcio

133 1377 363 1428 {ffigfflffiem'in
397 1381 570 1428 praesentia
603 1379 827 1414 venerabilium
866 1378 992 1414 fratrum
1023 1392 1080 1414 uo-

331 1438 466 1465 strorum
491 1430 590 1464 bonae
620 1429 787 1464 memoriae
809 1428 960 1463 Willelmi
983 1429 1080 1463 Prae-

330 1480 457 1520 nestini,
474 1479 617 1514 Matthaei
642 1478 831 1513 Albanensis
845 1478 1078 1525 episcoporum,

330 1542 452 1564 necnon
481 1529 607 1563 Ioannis
642 1527 824 1562 Cremensis
854 1527 935 1561 tituli
971 1527 1076 1562 Sancti

329 1579 539 1626 Chrysogoni,
558 1577 688 1612 Gerardi
705 1577 783 1611 tituli
801 1576 934 1611 Sanctae
954 1575 1077 1616 Crucis,

329 1628 462 1663 Huberti
487 1627 564 1661 tituli
580 1626 687 1661 Sancti
707 1625 892 1669 Clementis,
916 1626 1078 1673 presbyte—

331 1689 436 1712 rorum
453 1676 672 1717 cardinalium,
690 1683 720 1710 et
735 1683 851 1716 nostra,
874 1683 945 1709 ante
960 1687 1079 1709 assum-

330 1735 416 1772 ptum
452 1725 645 1773 apostolatus
678 1724 817 1759 osticium
853 1724 1078 1759 rationabiliter

329 1776 407 1810 sacta
426 1784 484 1815 cst,
511 1775 694 1809 auctoritate
716 1773 887 1820 apostolica
915 1774 1078 1809 coufirma-

328 1838 409 1864 mus,
437 1833 467 1859 et
490 1836 586 1859 ratam
609 1833 702 1871 atque
722 1824 941 1858 inconcussam
964 1823 1077 1858 suturis

329 1874 522 1921 temporibus
548 1885 674 1907 manere
701 1872 914 1912 deceruimus,
948 1881 978 1907 et
1007 1886 1078 1920 per-

329 1931 458 1970 petuum
483 1923 644 1958 silentium
683 1934 778 1969 super
803 1922 864 1957 hoc
891 1921 993 1956 eidem
1021 1922 1078 1957 ab-

330 1973 474 2012 batissae,
503 1973 611 2019 eisque
635 1971 871 2008 successoribus
892 1971 1077 2017 indicimu53

329 2030 422 2069 atquc
437 2023 520 2057 iuxta
537 2034 584 2062 ea,
599 2034 660 2068 que
679 2021 717 2055 ab
739 2020 857 2055 eisdem
876 2021 1034 2068 episcopis
1047 2029 1078 2056 et

145 2080 240 2115 senem
255 2081 304 2108 Tyr·
329 2072 541 2106 cardinalibus
563 2070 676 2106 exinde
698 2078 811 2105 statuta
833 2078 917 2111 sunt,
932 2078 966 2104 ut
981 2082 1079 2118 prae-

133 2115 387 2164 ssffiffissfflffsfata
416 2121 571 2156 abbatissa
594 2119 767 2160 calumnia,
803 2132 897 2166 quam
933 2132 989 2167 pro
1017 2120 1076 2154 iam

133 2173 257 2194 ¹⁶¹¹¹di⁰³¹³-
329 2170 410 2205 dicta
426 2170 562 2205 Ecclesia
578 2170 616 2204 de
633 2169 744 2216 Tyrcio
767 2177 871 2204 vestro
889 2169 1078 2204 monasterio

329 2220 492 2260 inferebat,
515 2219 705 2254 omnimodis
735 2219 954 2266 conquiescat,
981 2231 1078 2254 eum-

328 2270 463 2316 demque
487 2270 588 2304 locum
617 2280 688 2302 cum
716 2268 782 2302 suis
804 2268 1000 2315 appendiciis
1026 2280 1079 2303 ve—

329 2329 426 2352 strum
470 2317 693 2353 monasterium
711 2346 720 2353 .
744 2318 849 2364 quiete
893 2316 1053 2364 possideat
1070 2345 1077 2358 ,
1097 2360 1101 2367 ἱ

144 2377 224 2400 sont„
248 2380 303 2399 cnu-
330 2369 483 2413 praeseuti
512 2368 673 2401 sanctione
694 2367 872 2401 statuimus.
900 2366 983 2401 Nulli
1004 2370 1101 2441 ergo!

190 2408 249 2430 '⁰¹³²
313 2418 493 2451 ⁴homiuum
530 2417 618 2451 liceat
653 2424 681 2450 te
712 2416 758 2449 vel
787 2428 986 2451 successores
1008 2425 1078 2450 tuos

329 2478 422 2512 super
460 2466 517 2500 hac
556 2473 660 2500 nostra
695 2464 934 2500 confirmatione
959 2444 1102 2516 temere!

164 1044 283 1067 Exordium.

365 2539 404 2573 (1)
420 2540 458 2564 Ex
475 2538 640 2565 Chartulario
657 2538 808 2566 monasterii
826 2538 903 2566 huius
922 2538 1005 2566 edidit
1030 2539 1079 2565 Ba·
1097 2538 1102 2578 ξ

329 2583 424 2616 lazius,
442 2583 560 2616 Miscens
579 2587 641 2610 tom.
659 2592 697 2616 iv,
715 2591 772 2619 pag.
790 2585 850 2611 [158.
1097 2586 1102 2628 i

1124 201 1286 225 ROMANUM

1134 256 1339 303 perturbare,
1377 263 1429 291 aut
1467 255 1602 302 aliquam
1645 255 1731 290 vobis
1768 254 1879 290 exinde

1131 305 1372 340 diminutionem
1398 305 1442 339 rel
1470 306 1720 339 contrarietatem
1753 305 1876 339 inferre.

1129 355 1162 389 Si
1205 355 1275 402 quis
1317 363 1420 389 autem
1457 366 1534 388 ausu
1568 355 1733 388 temerario
1770 362 1876 389 contra

1131 405 1206 440 haec
1230 404 1333 439 venire
1350 405 1606 450 praesumpserit,
1628 403 1877 449 indignationem

1130 454 1356 501 omnipotentis
1376 453 1456 497 Dei,
1483 462 1513 487 et
1547 453 1708 487 beatorum
1735 452 1820 488 Petri
1847 460 1878 488 et

1130 504 1217 538 l’auli
1240 503 1453 550 apostolorum
1481 503 1562 546 eius,
1589 502 1738 545 incurrat,
1771 510 1801 536 et
1822 514 1878 537 ex-

1128 552 1405 587 communicationi
1428 551 1596 591 snbiaceat,
1612 564 1778 598 quousque
1792 564 1807 585 a
1822 564 1877 586 sua

1130 602 1384 650 praesumptione
1412 601 1578 648 resipuerit
1604 610 1634 635 et
1666 613 1804 646 congrue
1826 613 1878 635 sa-

1128 652 1287 686 tisfecerit.
1318 652 1432 694 Amen,
1454 663 1558 694 amen,
1585 663 1688 684 amen.

1176 702 1253 736 Data
1284 701 1428 735 Laterani
1459 712 1514 747 per
1549 712 1675 735 manum
1718 699 1874 747 Aymerici

1126 751 1259 786 Sanctae
1282 750 1443 785 Romanae
1471 749 1631 784 Ecclesiae
1657 749 1779 783 diaconi
1808 761 1877 783 car-

1125 800 1239 835 dinalis
1257 808 1287 834 et
1313 800 1503 840 cancellarii,
1526 812 1575 834 xil
1599 798 1657 833 kal.
1686 798 1770 838 maii,
1799 798 1877 832 indi-

1125 851 1228 884 ctione
1257 862 1303 890 ti,
1331 849 1554 884 incarnationis
1588 848 1765 882 dominicae
1791 859 1874 882 anno

1125 912 1284 937 iucxmx,
1314 898 1513 945 pontificatus
1546 911 1618 932 vero
1645 897 1751 932 domni
1777 896 1875 933 Iuno-

1125 949 1217 983 ceutii
1240 948 1343 995 Papae
1367 947 1393 981 ll
1419 960 1502 982 anuo
1525 960 1553 981 x.

1176 1005 1236 1035 Dat.
1259 1005 1305 1035 die
1328 1005 1367 1034 ⁶20
1385 1005 1488 1044 aprilis
1507 1014 1583 1034 anno
1606 1003 1720 1034 Domini
1738 1004 1824 1041 1139,

1376 1049 1478 1088 pontis.
1501 1058 1576 1079 anno
1595 1058 1621 1078 x.

1456 1211 1540 1246 LIX.

1124 1291 1282 1334 Di‘ploma,
1296 1302 1355 1333 quo
1369 1289 1571 1321 Ferrariensis
1586 1288 1722 1321 Ecclesia
1733 1288 1872 1332 specialis

1173 1340 1325 1372 Ecclesiae
1345 1339 1502 1371 Romanae
1526 1338 1605 1383 filia,
1629 1339 1748 1381 eiusque
1771 1338 1872 1370 conii-

1170 1396 1250 1422 tutus
1279 1389 1378 1421 sancti
1409 1388 1495 1420 Petri
1518 1387 1739 1432 patrimonium
1767 1387 1872 1420 decla-

1169 1445 1259 1472 ratur
1282 1439 1343 1480 (s).

1390 1509 1602 1541 SUtttMAttlUttt

1120 1577 1307 1607 Protumium.
1329 1594 1368 1599 ——
1387 1576 1621 1606 Ferraricnsiuni
1645 1581 1672 1606 et
1694 1576 1870 1608 Ravennatis

1159 1622 1288 1661 archiep.
1305 1621 1500 1651 controversia
1515 1622 1550 1650 de
1569 1621 1711 1651 electione
1723 1622 1870 1660 episcopi;

1158 1683 1197 1687 —
1219 1666 1386 1695 Examiuata
1411 1666 1439 1694 in
1464 1666 1575 1704 synodo
1599 1675 1695 1695 coram
1723 1665 1870 1695 innocen-

1160 1710 1197 1740 tio
1219 1710 1282 1746 ΜΚ,
1302 1715 1329 1738 ct
1347 1710 1457 1748 prolata
1472 1710 1614 1739 sententia
1636 1714 1735 1739 contra
1759 1709 1871 1739 Raven-

1159 1759 1255 1783 natem
1273 1754 1413 1791 archiep.;
1430 1770 1470 1775 —
1486 1752 1671 1792 Gryphonem
1698 1754 1725 1784 S.
1739 1753 1773 1783 R.
1792 1753 1870 1784 Eccl.

1159 1798 1338 1828 cardinalem
1368 1798 1409 1826 illi
1434 1798 1565 1836 praeficit
1583 1798 1750 1835 Ecclesiae;
1765 1815 1804 1820 ——
1818 1797 1872 1828 Bo-

1159 1852 1253 1882 naque
1285 1842 1382 1872 omnia
1412 1842 1447 1872 ad
1480 1852 1542 1872 eam
1573 1843 1732 1881 spectantia
1766 1843 1871 1873 confir-

1159 1893 1216 1918 mat
1248 1892 1275 1917 et
1305 1891 1467 1916 enumerat.
1493 1904 1532 1909 -—
1557 1887 1778 1917 Ferrariensem
1812 1887 1869 1916 Ec-

1159 1933 1279 1962 clesiam
1304 1930 1452 1960 Romanae
1481 1931 1580 1968 filiam,
1611 1937 1638 1961 et
1665 1931 1694 1961 S.
1720 1931 1797 1961 Petri
1822 1941 1871 1970 pa-

1159 1976 1340 2012 trimonium,
1363 1975 1417 2005 sub
1444 1975 1576 2005 eiusdem
1601 1976 1732 2006 dominio
1754 1985 1871 2014 semper

1159 2022 1286 2057 suturam
1321 2020 1459 2049 (iactarat.
1495 2036 1534 2042 —
1568 2019 1729 2050 Comitatus
1766 2020 1871 2050 Ferra-

1159 2065 1265 2095 riensis
1298 2064 1370 2093 lines
1407 2064 1557 2094 describit.
1588 2081 1627 2086 —
1653 2064 1716 2093 Alia
1745 2063 1819 2094 bona
1844 2065 1870 2094 ei

1159 2109 1302 2139 concedit.
1336 2125 1376 2130 —
1405 2108 1560 2145 Decimas,
1596 2108 1729 2147 aliosque
1761 2118 1870 2138 census

1159 2155 1305 2184 condonat
1326 2153 1454 2183 omnino.
1475 2170 1512 2177 ——-
1531 2152 1638 2182 Solitae
1657 2153 1819 2183 clausulae.
1833 2169 1873 2175 —-

1159 2199 1258 2229 lnnoc.
1292 2198 1345 2228 PP.
1376 2202 1405 2227 et
1436 2197 1464 2228 S.
1496 2197 1529 2227 R.
1561 2197 1639 2228 Eccl.
1674 2197 1870 2227 cardinalium

1160 2243 1404 2281 subscriptiones.

1119 2305 1265 2335 lnnocentins
1288 2305 1407 2343 episeopus
1430 2313 1507 2334 servus
1529 2312 1644 2334 servorun}
1670 2303 1721 2341 Dei,
1745 2302 1870 2332 venerabili

1159 2348 1221 2378 fratri
1236 2349 1353 2388 Grypboni
1376 2348 1515 2378 Ferraricnsi
1531 2348 1647 2386 episcopo,
1670 2348 1764 2386 eiusque
1780 2355 1872 2376 sncces-

1159 2393 1248 2423 soribus
1266 2393 1403 2431 regulariter
1423 2392 1597 2430 substituendis,
1617 2393 1640 2422 in
1661 2395 1807 2430 perpetuum.

1170 2459 1217 2493 Aa
1241 2459 1301 2493 hoc
1331 2472 1358 2493 za
1383 2460 1584 2506 Aposiolicae
1599 2458 1692 2507 Sedis
1711 2458 1870 2498 cathedra,

1097 2516 1308 2560 *disponente
1336 2513 1484 2552 Domino,
1512 2512 1672 2547 constituti
1697 2523 1765 2546 esse
1792 2524 1870 2546 con-

1157 2586 1196 2618 (t)
1217 2584 1255 2610 Ex
1277 2592 1311 2609 vv
1344 2582 1426 2610 codd.
1448 2583 1529 2609 Vatic.

1895 198 1944 226 An.
1961 197 1988 225 C.
2009 197 2076 225 1159

1912 2488 2044 2510 Prooemium.
