2180 3205
0 195 2 217 l

0 221 1 236 t

0 254 1 284 l

0 293 1 305 l

35 1167 134 1190 Hadrtant
163 1167 202 1190 PP.

21 1199 156 1226 subscriptio.

30 270 75 296 An.
97 267 207 295 01158

816 263 1002 287 nantum&
1030 263 1062 285 tv
1092 263 1139 285 99.

224 323 304 358 hanc
319 330 442 358 nostrae
453 321 685 358 constitutionis
696 320 840 369 paginam
854 320 967 358 sciens.

222 381 331 407 contra
353 384 421 407 eant
444 381 560 407 [cincre
587 372 692 407 venire
720 370 895 409 tentaverit,
922 381 969 403 sc-

222 422 326 457 cundo
347 422 475 457 tertiove
497 421 701 464 commonita,
725 420 784 454 nisi
805 431 968 466 praesuin-

222 472 360 519 ptionem
386 484 475 506 suam
500 483 638 517 congrua
665 470 873 505 satisfactione
896 480 969 502 cor-

221 522 346 562 rexerit,
376 522 536 568 potestatis
566 521 756 566 honorisque
788 519 835 553 sui
864 518 968 573 dign}-

221 578 283 606 tate
315 579 429 611 careat,
465 582 613 618 reamque
645 582 678 605 se
710 568 816 603 divino
848 568 966 602 iudicio

220 621 354 656 existere
382 620 420 655 (lc
452 628 625 668 perpetrata
658 618 820 665 iniquitate
844 629 967 663 cogno-

220 679 302 715 scat,
329 678 360 705 et
386 682 402 705 a
423 670 636 705 sacratissimo
658 668 798 715 Corpore
825 676 856 701 et
883 667 967 700 San-

220 720 314 766 guine
334 719 391 754 Dei
414 728 446 755 et
466 719 594 754 Domini
622 716 844 764 Redemptoris
869 717 964 750 nostri

220 769 290 804 lesu
313 768 430 804 Christi
458 769 556 804 aliena
579 767 642 811 fiat,
664 776 757 814 atque
780 767 811 801 in
826 774 966 801 extremo

220 819 365 855 examine
390 819 548 854 districtae
566 817 676 852 ultioni
692 817 866 857 subiaceat3
888 828 967 850 cun-

220 869 279 904 ctis
314 876 418 904 autem
463 867 564 903 eidem
609 868 677 902 loco
717 879 771 901 sua
801 867 867 900 iura
899 878 966 899 scr-

221 917 366 954 vantibus
406 918 446 953 sit
491 930 550 965 pax
587 916 715 952 Domini
759 916 855 950 nostri
897 915 964 949 lesu

220 967 356 1013 Christi,
382 975 538 1011 quatenus
565 975 595 1002 et
622 966 673 1001 liic
703 966 839 1001 fructum
867 965 967 1000 bonae

218 1018 351 1053 actionis
386 1017 573 1066 percipiant,
609 1025 639 1051 et
675 1015 758 1063 apud
791 1015 966 1050 districtum

218 1066 359 1103 Iudicem
384 1067 520 1116 praemia
540 1075 684 1102 aeternae
699 1065 783 1113 pacis
797 1066 966 1101 inveniant.

218 1117 332 1153 Amen.

268 1167 340 1203 Eco
366 1167 536 1202 Annunns
558 1166 672 1202 cathol.
689 1165 775 1201 Eccl.
792 1165 887 1214 episc.
904 1177 946 1201 ss.

266 1658 381 1694 Datum
409 1659 552 1696 Laterani
576 1673 632 1708 per
665 1674 791 1696 manum
828 1662 963 1698 Rolandi

217 1717 343 1745 sanctae
381 1709 543 1745 Romanae
586 1710 746 1746 Ecclesiae
794 1712 964 1760 presbyteri

217 1759 385 1795 cardinalis
406 1768 436 1795 et
457 1760 599 1802 cancell,
626 1761 685 1795 kal.
708 1761 827 1809 aprilis,
855 1763 963 1798 indict.

217 1820 275 1850 vn,
291 1809 410 1844 incarn.
427 1810 545 1845 domin.
565 1823 647 1846 anno
664 1822 803 1856 mcum,
824 1812 963 1859 pontific.

216 1870 289 1894 vero
310 1858 418 1894 domni
439 1860 569 1895 Adriani
593 1860 698 1908 Papae
727 1861 767 1896 lV
787 1874 870 1896 anno
899 1875 932 1896 v.

275 1915 336 1947 Dat.
357 1917 404 1948 die
424 1918 437 1947 1
458 1918 561 1957 aprilis
579 1927 655 1948 anno
676 1918 792 1949 Domini
819 1920 904 1957 1158,

472 1967 552 2003 pont.
576 1972 652 1993 anno
680 1972 707 1994 v.

533 2055 636 2091 XXll.

216 2123 406 2158 Monasterio
419 2124 620 2158 Ss.'Nazarii
640 2132 666 2158 et
686 2126 765 2159 Celsi
784 2126 962 2160 Veronensis

264 2174 403 2208 dioecesis
449 2175 530 2208 bona
569 2177 675 2209 omnia
713 2178 960 2221 confirmantur,

264 2225 348 2257 salvo
384 2235 474 2258 censu
498 2236 603 2258 annuo
637 2226 760 2270 palatio
798 2226 963 2269 apostolico

264 2273 418 2314 solvendo,
449 2275 570 2319 eiusque
595 2275 751 2309 monachis
777 2275 895 2308 abbatis
916 2277 966 2309 sui

264 2323 367 2357 eleccio
387 2325 586 2357 committitur
613 2326 676 2367 (4).

481 2388 694 2419 SUMMARIUM

216 2445 372 2476 Exordium
403 2445 495 2476 deest.
512 2463 552 2468 —
567 2446 644 2476 Ordo
679 2447 857 2477 monasticus
890 2447 961 2478 inibi

256 2491 397 2526 perpetuo
415 2486 598 2516 observetur.
615 2503 652 2508 —
671 2486 749 2517 Bona
768 2488 864 2517 omnia
889 2497 962 2517 con-

257 2527 420 2556 firmantur.
440 2543 481 2549 —
501 2526 629 2562 Quorum
664 2528 800 2557 nonnulla
838 2529 963 2567 propriis

256 2567 408 2597 vocabulis
421 2568 633 2606 exprimuntur,
642 2577 708 2596 cuni
717 2568 963 2605 ecclesiis,terris,

252 2619 291 2655 (t)
310 2620 349 2647 Ex
366 2619 480 2654 Ughell.‚
498 2620 553 2647 [tal.
571 2620 643 2652 Sao„
664 2623 726 2647 tom.
747 2627 772 2653 v,
795 2620 838 2647 ubi
863 2620 895 2648 de
914 2621 964 2648 Ve-

216 2656 320 2683 ronensi
341 2656 465 2682 Ecclesia.

1637 250 1707 282 65:¹5

1050 318 1163 347 ini-ibus
1185 321 1239 347 etc.
1255 334 1294 339 —
1309 317 1448 347 Abhatem
1473 316 1561 346 liuius
1590 316 1757 346 monasterii

1048 372 1062 391 a
1107 363 1257 392 monachis
1293 362 1460 399 eligendum
1503 361 1688 399 praecipitur.
1721 378 1760 382 —

1051 406 1198 445 Exieriiptio
1221 417 1235 435 a
1255 407 1390 436 decimis.
1410 423 1448 428 —
1467 405 1574 435 solitae
1593 405 1756 434 clausulae.

1050 456 1090 490 (n.
1109 452 1148 487 τ.)
1174 450 1309 480 llatlriani
1331 449 1383 478 ΙΨ.
1403 455 1430 480 et
1447 450 1474 480 S.
1495 449 1526 479 tt.
1547 449 1575 479 Ε.
1594 450 1672 479 card.
1689 450 1759 479 sul)-

1047 495 1231 534 scriptiones.

1007 559 1120 589 Adrianus
1142 558 1261 597 episcopus
1278 567 1355 587 servus
1375 568 1491 588 servorum
1514 558 1564 595 nei,
1588 559 1679 588 dilectis
1704 559 1758 589 liliis

1046 603 1159 631 Clementi
1193 602 1269 631 abbati
1301 603 1431 631 nronasterii
1456 603 1590 633 Sanctorum
1621 602 1705 633 lazarii
1735 609 1756 632 et

1046 646 1116 683 Celsi,
1139 646 1233 684 eiusque
1252 645 1357 675 tratribus
1379 651 1425 675 tam
1448 647 1605 686 praesentibus
1627 657 1695 685 quain
1722 648 1755 676 ln-

1046 692 1102 721 tnris
1119 692 1268 720 monasticam
1287 692 1356 721 titani
1378 692 1493 730 protessis,
1514 693 1535 722 in
1558 696 1702 732 perpetuum.

1055 759 1212 800 Quotiens
1234 769 1292 794 etc.
1315 761 1568 802 communimus;
1591 761 1621 795 in
1645 762 1755 808 primis

1007 807 1164 855 siqnidem
1186 816 1369 849 statuentes,
1393 818 1425 843 ut
1447 810 1524 844 ordo
1548 811 1752 853 monasticus,

1007 859 1060 904 qui
1088 858 1264 893 secundum
1288 859 1402 899 Deum,
1430 867 1460 894 et
1487 860 1568 895 beati
1590 860 1750 896 Benedicti

1009 907 1146 953 regulam
1170 908 1199 942 in
1222 908 1289 955 ipso
1307 909 1495 944 monasterio
1511 910 1672 946 institutus
1684 923 1753 946 esse

1007 957 1213 1003 dignoscitur.
1237 959 1396 1006 perpetuis
1424 960 1536 994 futuris
1556 961 1753 1008 temporibus

1008 1006 1226 1042 inviolabiliter
1253 1008 1446 1043 observetur.
1470 1009 1633 1045 Praeterea
1656 1023 1754 1058 quae-

1007 1068 1143 1103 cumque
1171 1056 1250 1092 bona
1272 1058 1382 1093 eadem
1405 1058 1545 1094 Ecclesia
1560 1059 1756 1107 impraesen-

1008 1106 1119 1141 tiarum
1144 1106 1223 1141 iuste
1250 1116 1281 1142 et
1302 1108 1454 1143 canonice
1478 1109 1626 1156 possidet,
1648 1118 1701 1145 aut
1723 1111 1754 1145 in

1009 1155 1147 1191 futurum
1187 1157 1392 1192 concessione
1430 1158 1630 1204 Pontificum,
1657 1161 1757 1207 largi-

1009 1206 1092 1241 tione
1132 1218 1241 1252 regum
1276 1207 1322 1241 vel
1358 1207 1554 1255 principum,
1597 1209 1757 1245 oblatione

1009 1255 1162 1296 fidelium,
1177 1268 1232 1291 seu
1255 1255 1323 1291 aliis
1339 1257 1427 1292 iustis
1447 1257 1559 1299 modis,
1581 1267 1756 1306 praestante

1008 1305 1155 1350 Domino,
1179 1306 1291 1353 poterit
1316 1307 1461 1354 adipisci,
1483 1307 1570 1343 firma
1598 1309 1686 1344 vobis
1711 1322 1757 1345 ve-

1007 1355 1141 1402 strisque
1168 1356 1406 1391 successoribus
1427 1366 1458 1392 et
1479 1357 1594 1393 illibata
1625 1371 1756 1405 perma—

1008 1413 1118 1446 neant;
1147 1405 1176 1439 in
1199 1405 1315 1452 quibus
1345 1407 1420 1442 haec
1447 1407 1581 1454 propriis
1607 1407 1754 1444 duximus

1007 1454 1210 1502 exprimenda
1224 1455 1398 1491 vocabulis:
1411 1456 1575 1492 ecclesiam
1590 1458 1623 1492 S.
1639 1458 1754 1493 Mariae

1006 1504 1045 1539 de
1081 1503 1262 1539 Marcellitis
1301 1517 1372 1541 cum
1412 1506 1630 1553 pertinentiis,
1669 1508 1754 1543 salvo

1006 1565 1102 1589 censu
1127 1554 1221 1588 unius
1244 1554 1380 1597 bizantii,
1401 1568 1495 1603 quem
1517 1557 1652 1603 singulis
1665 1560 1756 1594 annis

1001 1602 1063 1651 ’pro
1081 1603 1191 1639 eadem
1214 1604 1353 1640 Ecclesia
1376 1605 1469 1640 nobis
1486 1607 1663 1654 nostrisque
1680 1620 1756 1643 suc-

1006 1654 1185 1688 cessoribus
1206 1654 1327 1690 solvere
1348 1655 1505 1691 debeatis:
1528 1656 1691 1692 ecclesiam
1720 1659 1753 1693 S.

1005 1703 1180 1737 Sebastiam
1203 1716 1275 1739 cum
1304 1705 1512 1752 pertinentiis,
1539 1707 1690 1742 ecclesias
1716 1708 1755 1742 tle

1005 1752 1161 1794 Carliano,
1176 1754 1339 1788 ecclesiam
1362 1754 1496 1790 Sanctae
1510 1755 1626 1791 Mariae
1638 1757 1754 1792 Cluave

1005 1815 1076 1836 eum
1114 1803 1310 1849 pertinentiis
1342 1804 1421 1848 suis,
1454 1805 1618 1841 ecclesiam
1645 1806 1752 1842 Sancti

1005 1852 1145 1887 Cassiani
1169 1865 1241 1887 cum
1265 1854 1461 1901 pertinentiis
1488 1856 1566 1900 suis,
1587 1857 1751 1891 ecclesiam

1004 1901 1112 1936 Sancti
1127 1902 1250 1937 Martini
1266 1904 1304 1938 ‹le
1322 1903 1444 1951 Lavago
1466 1917 1538 1939 cum
1555 1906 1753 1952 pertinentiis

1005 1952 1084 1991 suis,
1124 1952 1288 1987 ecclesiam
1327 1953 1433 1988 Sancti
1474 1945 1642 2002 Sepulchri
1680 1968 1752 1990 cum

1005 2000 1155 2048 Hospitali
1178 2014 1250 2037 cum
1275 2003 1470 2050 pertinentiis
1491 2005 1567 2044 suis,
1590 2005 1752 2040 ecclesiam

1004 2050 1136 2086 Sanctae
1170 2051 1318 2087 Felicitae
1348 2064 1419 2087 cum
1452 2055 1649 2100 pertinentiis
1674 2056 1752 2097 suis,

1005 2100 1106 2135 villam
1129 2100 1281 2136 Cosiliani
1309 2114 1381 2136 cum
1404 2103 1490 2137 omni
1513 2103 1579 2138 iure
1604 2116 1673 2148 suo,
1689 2112 1752 2140 ter-

1005 2162 1068 2184 ram
1107 2162 1199 2197 quam
1230 2151 1350 2186 habetis
1387 2152 1418 2186 in
1445 2152 1598 2198 Lenazzo,
1637 2161 1751 2189 terram

1003 2199 1042 2233 «le
1063 2199 1231 2244 Nodesola,
1253 2208 1367 2235 terram
1389 2201 1429 2236 dc
1450 2201 1560 2244 Portu,
1580 2211 1692 2238 terram
1711 2204 1750 2239 de

1004 2248 1138 2290 porcile,
1161 2258 1273 2284 terram
1292 2249 1419 2298 Gepito‚
1442 2258 1555 2286 terram
1583 2252 1623 2287 de
1649 2253 1752 2288 Lava-

1003 2310 1066 2344 gno
1088 2310 1159 2332 cum
1182 2299 1281 2334 vineis
1307 2308 1337 2335 et
1363 2300 1511 2336 domibus
1532 2302 1607 2343 suis,
1637 2311 1750 2338 terram

1004 2347 1043 2382 de
1076 2347 1227 2388 Grillana,
1255 2357 1367 2384 terram
1395 2349 1434 2385 de
1470 2351 1603 2395 Mizano,
1637 2360 1749 2388 terram

1004 2397 1042 2431 tle
1069 2397 1175 2432 Monte
1209 2399 1294 2434 Auro
1322 2411 1395 2434 cum
1420 2400 1609 2436 molendinis
1635 2409 1666 2436 et
1692 2415 1751 2437 va—

1005 2446 1175 2489 leatoribus
1188 2457 1218 2482 et
1240 2448 1338 2483 vineis
1359 2449 1436 2494 suis,
1451 2457 1563 2485 terrain
1586 2451 1625 2486 de
1647 2451 1751 2487 Mizoli

1004 2508 1076 2531 cnm
1112 2496 1202 2531 olivis
1227 2506 1258 2532 et
1285 2498 1383 2533 vineis
1417 2499 1495 2541 suis,
1532 2509 1644 2536 terram
1678 2514 1750 2537 cnm

1004 2545 1094 2580 olivis
1116 2546 1147 2580 in
1161 2547 1315 2582 territorio
1331 2548 1465 2584 Sanctae
1478 2549 1595 2585 Mariae
1609 2551 1640 2585 in
1655 2551 1750 2592 Selle,

1005 2603 1117 2630 terram
1140 2604 1170 2631 et
1191 2596 1298 2632 vineas
1325 2598 1363 2633 de
1389 2598 1566 2646 Colignola‚
1589 2608 1686 2636 terras
1712 2602 1752 2636 de

1004 2644 1110 2688 Lilasi,
1140 2653 1252 2682 terram
1275 2647 1314 2683 de
1335 2647 1440 2684 Garda
1462 2662 1534 2685 cum
1556 2649 1647 2687 olivis
1673 2652 1751 2696 suis,

1776 260 1822 284 An.
1843 257 1869 284 C.
1893 259 1956 284 llliss

1785 772 1893 793 Exordium
1916 774 1938 792 ilc
1947 784 1951 787 .

1770 808 1808 824 CM.

1781 869 1836 891 Ot'du
1853 876 1955 890 tuunntt-

1768 908 1805 922 cus
1831 902 1881 921 inibi
1902 908 1936 927 pet

1768 936 1830 959 petuo
1848 932 1950 952 misene*

1769 966 1809 983 tur.

1783 1064 1839 1084 Bona
1870 1070 1940 1084 omnia

1770 1096 1926 1116 confirmantur.

1781 1407 1873 1434 Quorum
1896 1414 1952 1428 non-

1768 1439 1825 1459 nulla
1861 1440 1951 1465 proprii-

1768 1469 1952 1495 vocabulisexpri—

1769 1504 1866 1523 utuntur,
1905 1507 1951 1520 νιιιιι

1770 1532 1880 1555 ecelesiis,
1905 1536 1951 1551 ter<

1770 1564 1806 1586 ris,
1820 1563 1898 1582 iuribus
1908 1566 1950 1582 etc.
