2180 3205
58 269 108 298 An.
125 268 154 296 C.
169 268 237 296 wa

50 1217 75 1240 ιδ
89 1217 181 1245 &genio
191 1217 229 1239 ΡΙ).

50 1251 190 1271 confirmatur.

66 1961 144 1984 Solita
158 1968 212 1984 eon-

82 1994 196 2016 elationem

857 265 1012 288 Et'fissxtt‘s
1034 264 1069 287 ΙΙΙ
1094 264 1140 286 ΡΡ.

1655 250 1724 284 545

254 323 345 368 verit,
373 323 430 371 ipsi
460 335 515 371 pro
550 334 640 371 posse
673 333 730 357 suo
759 320 992 356 concessionem
1034 319 1159 365 cipiunt,
1181 327 1210 353 et
1232 317 1313 365 apud
1335 317 1510 352 districtum
1533 315 1671 357 Iudicem
1692 327 1773 363 prae-

251 373 348 420 ipsam
387 385 441 420 per
479 373 582 408 omnia
615 371 797 407 tuebuntur.
842 369 994 404 l'rocvres
1036 373 1094 407 mia
1110 380 1252 407 aeternae
1272 373 1354 420 pacis
1375 372 1543 408 inveniant.
1566 371 1679 406 Amen.

250 435 375 470 quoque
397 431 495 457 terrac
515 421 653 457 eiusdem
677 420 812 463 comitis,
839 418 929 465 Hugo
948 418 994 452 vi—

250 472 363 507 delicet
397 472 435 506 de
463 471 620 512 Berziaco,
655 470 810 506 chricus
835 467 992 511 Grossus‚

249 531 278 555 et
302 521 489 557 locerandus
517 521 608 556 frater
635 521 720 563 eius,
744 517 931 554 Guillelmus
953 517 992 553 de

249 570 399 615 Nebtens‚
427 571 571 618 Paganus
597 570 636 605 de
662 568 832 611 Classiaco,
856 567 993 602 Bernar-

248 620 307 654 dus
335 620 489 667 paganus,
511 619 644 659 Maiolus
664 618 849 657 Tabutinus,
871 625 901 652 ct
918 616 992 651 Ste-

249 669 370 716 phanus
391 670 430 704 (le
447 669 627 713 Basenens,
649 669 840 711 iuraverunt,
867 665 950 713 quod
965 666 990 700 si

249 719 402 765 praedicta
425 719 525 765 pactio
548 730 608 752 non
633 724 800 755 teneretur,
822 715 991 762 autaliqno

247 779 320 802 casu
343 768 574 813 infringeretur,
601 766 782 802 commoniti
806 777 820 799 a
845 765 990 800 fratribus

247 815 511 852 Cluniacensibus
544 816 745 851 Matisconam
774 814 931 859 venirent,
960 823 989 849 et

248 866 363 902 ibidem
381 866 508 902 obsides
535 873 712 905 manerent,
734 864 835 899 donec
858 876 890 899 re
913 864 990 911 paci-

247 915 347 960 ficata,
368 928 440 951 cum
455 915 578 951 licentia
595 915 714 949 abbatis
728 913 820 948 Clun.
841 913 987 948 redirent.

245 964 350 1000 Guido
372 965 499 1011 insuper
519 965 558 1000 de
578 965 698 1008 Monet,
726 963 912 997 Guillelmus
940 962 988 997 10-

246 1023 303 1054 ret.
324 1014 363 1050 G.
386 1014 425 1050 de
439 1015 600 1058 Loiseaco‚
624 1023 653 1048 et
670 1014 773 1060 plures
799 1012 861 1056 alii,
888 1011 986 1059 quiin

245 1065 361 1112 scripto
392 1064 538 1112 praedicti
570 1064 693 1100 comitis
719 1062 928 1105 continentur,
957 1062 985 1096 in

246 1113 379 1161 burgum
418 1113 557 1149 Ledonis
589 1125 622 1148 se
655 1112 781 1147 obsides
822 1119 986 1155 venturos,

245 1163 511 1210 quemadmodum
533 1163 581 1198 alii
616 1162 802 1208 supradicti,
829 1160 987 1195 nihilomi-

246 1225 305 1248 nus
328 1213 517 1248 iuraverunt.
554 1212 641 1246 Hanc
664 1212 757 1257 igitur
783 1210 984 1245 donationem

243 1274 298 1298 seu
317 1262 541 1306 venditionem,
573 1261 676 1296 dilecti
704 1261 733 1295 in
762 1260 897 1294 Domino
920 1259 985 1300 lilii,

245 1311 332 1346 vobis
370 1312 541 1359 vestrisque
574 1309 828 1353 successoribus⁷
863 1317 893 1344 et
932 1321 986 1356 per

244 1373 298 1396 vos
323 1360 521 1397 Cluniacensi
555 1360 763 1403 monasterio,
797 1359 825 1393 in
849 1371 910 1406 quo
937 1359 986 1393 di-

244 1411 315 1446 vino
333 1411 496 1458 mancipati
520 1410 594 1446 estis
616 1409 782 1457 obsequio,
804 1408 985 1443 auctoritate

243 1460 410 1507 apostolica
440 1460 675 1502 confirmamus,
702 1467 732 1493 et
763 1457 875 1492 futuris
906 1469 984 1505 per-

245 1517 339 1557 petuo
368 1509 561 1556 temporibus
587 1517 683 1544 ratam
716 1519 842 1542 manere
875 1507 985 1542 decer-

244 1559 363 1600 nimus;
391 1559 604 1606 prohibentes,
628 1566 660 1593 ut
682 1557 756 1592 nulli
784 1556 913 1591 omnino
933 1556 984 1592 ho-

244 1609 363 1644 minum
394 1609 496 1653 liceat,
529 1608 737 1643 Cluniacense
759 1606 983 1641 monasterium

243 1670 338 1706 super
358 1658 467 1693 eadem
497 1658 693 1705 possessione
722 1665 838 1692 temere
867 1664 983 1704 pertur-

244 1707 329 1748 bare,
349 1716 402 1743 aut
415 1708 572 1755 aliquibus
594 1707 743 1742 molestiis
766 1706 907 1752 fatigare:
930 1705 982 1740 sed

244 1757 386 1804 integra,
419 1766 450 1792 ct
478 1757 516 1792 ab
543 1757 627 1792 omni
659 1756 854 1804 impetitione
888 1755 982 1790 libera

242 1815 444 1842 conservetur
469 1819 593 1845 eorum,
629 1819 684 1853 pro
710 1817 843 1853 quorum
873 1805 985 1850 guber-

242 1857 367 1892 natione
400 1864 431 1891 et
462 1855 710 1891 substentatione
739 1867 885 1890 concessa
919 1863 982 1898 est⁷

244 1906 352 1941 usibus
377 1906 567 1940 omnimodis
589 1906 760 1953 profutura.
782 1904 816 1939 Si
843 1916 902 1951 qua
926 1905 983 1950 igi-

242 1963 294 1990 tur
314 1956 344 1990 in
366 1955 505 1990 futurum
534 1956 742 1990 ecclesiastica
776 1954 982 1989 saecularisve

243 2017 386 2052 persona,
408 2005 488 2040 hanc
515 2013 636 2040 nostrae
660 2003 905 2040 confirmationis
935 2015 983 2050 pa-

241 2055 345 2100 ginam
367 2054 486 2095 sciens,
513 2062 619 2089 contra
641 2066 708 2089 eam
733 2062 848 2088 temere
876 2053 982 2087 venire

243 2108 449 2157 temptaverit,
471 2108 610 2144 secundo
628 2108 756 2143 tertiove
781 2106 981 2151 commonita,

241 2162 342 2198 sinon
364 2162 576 2198 satisfactione
598 2174 733 2208 congrua
760 2157 981 2205 emendaverit,

243 2217 403 2265 potestatis
420 2216 611 2264 honorisque
633 2216 681 2251 sui
704 2215 854 2262 dignitate
868 2222 980 2255 careat,

241 2282 389 2319 reamque
410 2283 444 2306 se
461 2270 566 2305 divino
589 2269 703 2304 iudicio
717 2269 848 2304 existere
863 2268 900 2303 de
916 2281 982 2316 per-

242 2333 358 2373 petrata
379 2324 541 2373 iniquitate
567 2332 745 2371 cognoscat,
767 2331 796 2358 et
811 2335 826 2357 a
842 2323 982 2357 sacratis-

240 2379 320 2414 simo
333 2378 473 2427 Corpore
495 2391 531 2414 ac
551 2377 712 2424 Sanguine
729 2376 787 2411 Dei
809 2384 839 2412 et
854 2375 980 2410 Domini

241 2432 463 2481 Redemptor-is
497 2432 594 2468 nostri
628 2431 697 2466 Iesu
731 2430 848 2466 Christi
881 2429 979 2465 aliena

241 2486 305 2529 fiat,
329 2495 423 2535 atque
444 2487 474 2521 in
500 2495 639 2521 extremo
661 2485 802 2520 examine
824 2483 980 2520 districtae

241 2540 350 2576 ultioni
377 2541 545 2576 subiaceat.
579 2539 846 2576 Conservantibus
876 2547 979 2573 autem

241 2595 280 2630 sit
303 2591 359 2642 pax
380 2594 506 2630 Domini
530 2594 624 2629 nostri
648 2593 717 2628 Iesu
744 2592 874 2632 Christi,
900 2605 980 2640 qua—

241 2656 334 2684 tenus
355 2658 384 2684 et
405 2649 457 2684 hie
483 2648 614 2683 fructum
642 2647 741 2682 bonae
768 2646 896 2682 actionis
915 2660 978 2695 per-

360 2706 432 2736 Bau.
452 2705 526 2736 Rom.
550 2705 603 2735 Vol.
626 2705 662 2735 ΙΙ.
788 2704 824 2734 60

1083 426 1152 461 lico
1190 425 1355 462 Euentus
1400 425 1570 462 catholicae
1614 424 1773 460 Ecclesiae

1033 480 1200 528 episcopus
1220 492 1262 515 ss.

1076 982 1144 1029 Ego
1171 982 1336 1017 Albericus
1363 981 1518 1017 Ostiensis
1539 981 1706 1028 episcopus
1728 993 1769 1016 ss.

1791 258 1842 286 An.
1859 258 1888 286 C.
1905 259 1970 285 tttt7

1809 429 1833 450 81
1840 431 1894 456 [mii
1909 429 1948 451 ΙΨ.

1793 993 1813 1011 et
1828 989 1848 1010 S.
1865 989 1886 1010 R.
1902 989 1957 1011 Eccl.

1806 1022 1939 1041 cardinalium

1077 1036 1144 1082 Ego
1170 1036 1291 1071 lmarus
1317 1035 1514 1071 Tusculanus
1539 1035 1707 1082 episcopus
1728 1047 1769 1069 ss.
1785 1050 1960 1076 aut-crimmum.

1077 1089 1141 1136 Ego
1160 1089 1300 1125 Ubaldus
1323 1090 1481 1138 presbyter
1501 1089 1585 1125 card.
1614 1089 1691 1124 tituli
1719 1089 1770 1124 Ss.

1028 1143 1151 1178 loannis
1177 1153 1207 1178 et
1232 1144 1318 1179 Pauli
1341 1157 1383 1180 ss.

1075 1197 1142 1244 Ego
1166 1197 1269 1233 Guido
1305 1199 1407 1247 presb.
1438 1198 1522 1234 card.
1546 1198 1591 1232 tit.
1619 1197 1654 1232 S.
1681 1197 1771 1232 Lau-

1027 1252 1114 1286 rentii
1138 1253 1168 1287 in
1188 1253 1323 1288 Damaso
1338 1266 1379 1288 ss.

1075 1306 1139 1352 Ego
1152 1307 1244 1354 Hugo
1256 1308 1357 1355 presb.
1369 1306 1535 1343 cardinalis
1550 1306 1579 1340 in
1594 1305 1712 1341 Lucina
1727 1318 1768 1340 ss.

1074 1360 1141 1406 Ego
1162 1361 1326 1396 Aribertus
1353 1360 1456 1409 presb.
1476 1360 1643 1396 cardinalis
1664 1360 1709 1394 tit.
1734 1359 1768 1394 S.

1026 1413 1206 1449 Anastasiae
1232 1427 1274 1449 ss.

1073 1468 1141 1516 Ego
1163 1468 1259 1504 lulius
1286 1468 1389 1516 presb.
1426 1468 1592 1504 cardinalis
1625 1467 1705 1503 tituli
1733 1467 1767 1503 S.

1025 1522 1162 1557 Marcelli
1185 1535 1226 1557 ss.

1075 1577 1140 1624 Ego
1161 1577 1266 1613 Guido
1289 1577 1390 1626 presb.
1414 1577 1581 1613 cardinalis
1603 1577 1683 1612 tituli
1714 1577 1770 1613 Pa-

1025 1639 1119 1666 storis
1140 1644 1182 1666 ss.

1075 1685 1140 1731 Ego
1166 1685 1319 1721 Iordanus
1345 1684 1448 1732 presb.
1472 1685 1639 1721 cardinalis
1666 1685 1710 1720 tit.
1733 1684 1766 1720 S.

1025 1738 1189 1774 Susannae
1215 1752 1257 1774 ss.

1073 1792 1138 1839 Ego
1172 1793 1247 1828 Otto
1281 1792 1433 1828 diaconus
1460 1793 1628 1829 cardinalis
1660 1793 1767 1829 Sancti

1024 1847 1148 1893 Georgii
1173 1848 1210 1882 ad
1238 1847 1348 1882 Velum
1372 1847 1512 1883 Aureum
1539 1860 1581 1883 ss.

1072 1901 1137 1948 Ego
1163 1902 1296 1937 Ioannes
1327 1901 1449 1949 Paparo
1483 1902 1633 1938 diaconus
1671 1901 1765 1938 cardi-

1025 1955 1102 1990 nalis
1123 1956 1228 1992 Sancti
1251 1956 1380 1991 Adriani
1404 1968 1446 1991 ss.

1071 2010 1138 2056 Ego
1164 2009 1336 2057 Gregorius
1363 2010 1515 2046 diaconus
1541 2009 1708 2045 cardinalis
1728 2009 1762 2044 S.

1023 2063 1134 2110 Angeli
1155 2077 1197 2099 ss.

1071 2123 1138 2170 Ego
1160 2123 1292 2159 Ioannes
1313 2124 1462 2159 diaconus
1483 2122 1567 2158 card.
1591 2122 1624 2158 S.
1650 2122 1764 2158 Mariae

1022 2181 1126 2217 'Novae
1152 2195 1192 2218 ss.

1070 2240 1135 2287 Ego
1157 2240 1262 2276 Guido
1288 2241 1438 2277 diaconus
1471 2241 1556 2277 card.
1587 2241 1622 2277 S.
1649 2240 1764 2276 Mariae

1022 2298 1051 2333 in
1073 2298 1200 2334 Porticu
1222 2312 1265 2335 ss.

1069 2358 1136 2404 Ego
1154 2358 1290 2393 lacintus
1314 2358 1464 2394 diaconus
1485 2357 1569 2394 card.
1592 2357 1626 2394 S.
1648 2357 1764 2394 Mariae

1021 2417 1051 2452 in
1073 2417 1236 2452 Cosmidin
1259 2430 1300 2452 ss.

1069 2475 1181 2510 Datum
1209 2475 1409 2517 Altisiodori‚
1436 2487 1490 2523 per
1523 2465 1651 2511 manum
1682 2474 1762 2510 Gui-

1021 2535 1111 2570 donis
1131 2543 1255 2570 sanctae
1276 2535 1437 2570 Romanae
1459 2534 1617 2570 Ecclesiae
1638 2534 1760 2570 diaconi

1021 2592 1183 2628 cardinalis
1209 2602 1239 2629 et
1260 2593 1446 2635 cancellarii,
1469 2606 1526 2628 v111
1547 2593 1606 2629 kal.
1628 2602 1762 2641 septem-

1021 2650 1094 2692 bris,
1110 2650 1281 2687 indictione
1298 2664 1327 2693 Χ,
1350 2652 1567 2688 iucarnationis
1585 2652 1761 2688 dominicae
