2180 3205
41 257 88 286 Αιι.
108 256 136 283 C.
155 255 222 284 ¹¹02

75 569 196 592 uxoratum.
232 559 234 563 ’

51 1203 221 1227 mutiensis&-

30 1231 104 1253 ,εΙωίι
121 1232 160 1252 snb
174 1237 222 1257 pro-

39 1257 131 1280 mon·
160 1258 222 1279 Sedis

40 1284 173 1310 apostoncae
188 1290 223 1305 re-

39 1310 122 1338 eapitur.

66 1504 130 1526 cuins
139 1504 223 1531 episco-

39 1535 78 1578 {⁰⁸
94 1536 111 1561 ρ
129 1531 223 1552 Romano

57 1557 140 1578 onufice
151 1563 223 1578 conse·

30 1583 103 1605 remi
131 1584 210 1605 debere

41 1610 146 1631 munitur.

85 1842 225 1863 Confirmatis-

72 1874 84 1889 ο
119 1869 226 1890 dioecesis

72 1894 125 1919 ibusV

69 2025 95 2047 Et
113 2027 175 2048 bonis
198 2027 226 2048 ad

43 2051 97 2074 huc
109 2053 225 2074 Ecclesiam

52 2079 204 2105 pertinentibus
213 2097 217 2104 .

70 2320 144 2342 Omnia
159 2321 178 2341 iu
189 2326 228 2341 sua

46 2346 173 2368 inmunitate
185 2353 227 2367 ser-

46 2373 89 2394 vari
99 2373 226 2395 decernitur.

860 243 1034 266 PASCttAth
1057 243 1077 265 Η
1103 243 1148 265 ΙΨ,

289 299 376 325 nttate
408 295 516 325 seriari
540 295 716 325 decernitur.
751 312 790 318 —-
823 295 883 326 Sub
906 305 997 335 poena

287 340 608 370 excommunicationis.
626 357 665 362 —
684 340 735 370 t't‘.
759 340 948 380 subscriptio.

249 396 365 427 Pam-hatis
397 399 518 435 episcopus
549 406 628 426 sertus
654 406 770 427 sertorum
796 397 848 431 Dei,
872 397 998 427 venerabili

287 440 437 470 Constantino
461 441 605 470 Raiellensis
631 441 746 470 Ecclesiae
769 441 885 479 episeopo.
903 444 925 469 et
946 449 998 470 suc·

287 484 416 514 cessorilnts
433 486 543 515 canonice
563 485 732 524 promovendis,
752 485 774 514 in
794 489 940 523 perpetuum.

298 546 371 581 Piae
388 547 557 594 postulatio
579 546 747 581 voluntatis
769 546 880 581 effectu
904 545 997 580 debet

249 605 459 643 prosequente
484 596 647 642 compleri,
669 603 824 642 quatenus
850 603 881 629 et
907 594 1000 630 devo—

248 646 343 679 tionis
368 645 532 680 sinceritas
560 644 757 679 laudabiliter
778 644 941 687 enitescat,
967 652 998 678 et

249 693 366 728 utilitas
395 693 548 740 postulata
573 694 652 728 vires
674 693 887 728 indubitanter
908 705 998 728 assu-

249 751 322 777 mat.
344 742 422 777 Tuis
443 754 517 788 ergo
541 742 816 789 postulationibus,
848 741 940 777 frater
967 742 996 776 in

248 790 374 826 Christo
398 791 584 826 venerabilis
610 791 818 826 Constantine
838 791 997 838 episcope,

247 840 419 875 clementer
433 841 616 884 annuimus,
639 841 711 887 quia
727 840 903 875 devotionis
926 848 998 874 tuae

247 889 458 924 sinceritatem
480 901 553 936 erga
569 902 770 924 communem
780 889 997 924 Ecclesiatum

249 946 379 973 matrem
401 938 579 974 Romanam
594 938 769 973 Ecclesiam
792 938 914 973 affectio
933 938 1000 972 diu-

248 988 312 1022 tina
352 987 536 1022 declaravit:
572 988 663 1022 cuius
700 987 850 1022 nimirum
887 987 998 1022 mei-ito

248 1036 398 1071 voluntati
435 1045 506 1072 tuae
539 1045 667 1071 auctore
701 1036 840 1071 Domino
869 1049 998 1071 accom-

249 1085 446 1120 moilatimus
477 1086 639 1141 affectu-m,
678 1094 709 1120 ut
743 1085 904 1121 Ecclesiae
944 1085 997 1119 tibi

248 1135 436 1169 commissae
461 1143 560 1170 status
587 1135 774 1169 inconcussa
802 1142 1000 1189 sempersta-

248 1183 367 1218 bilitate
407 1184 563 1230 persistat.
604 1184 664 1218 Per
692 1184 868 1231 praesentis
895 1184 999 1230 itaque

248 1231 366 1267 decreti
391 1233 535 1279 paginam
559 1232 766 1268 decernentes
788 1233 998 1273 decernimus,

250 1290 281 1315 ut
303 1281 499 1316 Ravellensis
520 1282 674 1321 Ecclesia,
702 1282 752 1316 eui
779 1294 833 1329 per
850 1282 907 1315 Dei
922 1293 999 1327 gra-

249 1330 338 1374 tian),
352 1337 383 1365 et
396 1331 647 1377 praedecessoris
663 1331 760 1365 nostri
777 1330 999 1374 ministerium,

251 1391 287 1414 ac
315 1391 428 1414 manns
463 1380 698 1426 impositionem
733 1379 913 1426 praesides,
952 1378 1001 1413 fa—

251 1428 412 1463 miliariori
448 1428 640 1475 benignitate
671 1440 796 1475 semper
822 1428 880 1463 sub
905 1428 1000 1475 Apo-

250 1477 381 1512 stolicae
402 1476 496 1512 Sedis
522 1478 655 1512 tuitione
681 1485 837 1512 servetur:
873 1485 903 1511 et
930 1478 1001 1524 qui-

249 1538 386 1573 cumque
425 1526 577 1574 deinceps
615 1526 835 1574 episcoporum
877 1525 998 1561 Ravell.

249 1575 428 1615 Ecclesiae,
453 1575 521 1610 Deo
548 1575 749 1622 disponente,
776 1576 999 1615 successerint,

249 1623 288 1658 ab
320 1624 462 1659 eiusdem
502 1625 701 1671 Apostolicae
727 1624 821 1660 Sedis
848 1624 1000 1659 Pontifice

249 1673 497 1709 consecrationis
518 1674 649 1720 gratiam
673 1674 855 1718 sortiantur,
882 1674 962 1708 sicut
983 1685 1000 1708 3

249 1731 376 1757 sanctae
388 1723 557 1757 memoriae
574 1721 869 1769 praedecessoribus
886 1722 1002 1757 nostris

249 1770 377 1806 Victore
399 1771 443 1806 Ill
465 1779 495 1806 et
530 1771 659 1806 Urbano
694 1771 723 1805 lt
755 1779 906 1806 statutum
932 1784 1001 1806 esse

250 1821 462 1865 cognoscitur.
489 1820 627 1855 Omnem
653 1832 779 1867 quoque
805 1820 1002 1855 Ravellensis

251 1869 416 1915 parochiae
437 1869 603 1908 ambitum,
626 1869 707 1904 sieut
722 1882 737 1903 a
761 1869 1002 1916 praedecessore

252 1926 305 1952 tuo
333 1918 552 1953 reverendae
546 1931 575 1952 m
596 1917 722 1953 Christo
744 1918 914 1952 memoriae
934 1918 1002 1953 U1-

251 1978 329 2002 sone
351 1979 494 2013 possessa
522 1976 580 2008 est,
603 1967 657 2001 tibi
686 1967 810 2014 tuisque
833 1967 863 2000 in
885 1979 1002 2013 perpe-

252 2023 339 2050 tuum
353 2016 591 2051 successoribus
605 2016 840 2050 confirmamus.
862 2016 910 2050 Ad
926 2016 1003 2051 baec

251 2064 402 2112 quiequid
426 2065 473 2099 vel
497 2065 703 2112 proprietario
731 2065 815 2103 iure,
843 2065 888 2099 vel
910 2077 1003 2111 paro-

252 2113 343 2148 chiali
370 2114 430 2148 iam
455 2114 588 2160 praefata
623 2113 762 2148 Ecclesia
791 2113 822 2147 in
852 2125 1003 2158 praesen—

254 2162 365 2197 tiarum
388 2162 519 2203 obtinet,
547 2163 612 2197 sive
634 2162 822 2196 infuturum
851 2162 1003 2207 largiente

253 2211 390 2245 Domino
412 2212 492 2246 iuste
514 2212 628 2258 poterit
648 2219 741 2257 atque
767 2211 918 2245 canonice
940 2211 1005 2245 adi-

255 2260 345 2305 pisci,
368 2260 466 2294 ]ibera
495 2260 551 2294 tibi
579 2261 702 2306 tuisque
723 2259 960 2294 successoribus
975 2268 1003 2293 et

256 2308 371 2343 illibata
395 2317 606 2356 permaneant.
630 2309 838 2343 Decet-nimus
861 2320 947 2353 crgo.
972 2316 1003 2342 ut

255 2357 332 2391 nulli
367 2357 498 2391 cumino
535 2357 699 2391 bominum
735 2357 826 2391 liceat
858 2357 1002 2391 eamdem

254 2405 431 2441 Ecclesiam
468 2414 584 2439 ninere
618 2405 822 2452 perturbare,
856 2414 909 2439 aut
936 2407 1004 2440 eius

257 2455 474 2509 possessiones
496 2454 630 2493 auferre,
654 2454 699 2488 vel
722 2454 840 2488 ablitas
857 2455 1004 2494 retinete,

257 2516 413 2557 minuere,
441 2503 487 2538 vel
510 2502 685 2538 temerariis
716 2502 934 2537 vix-,itionibus
958 2502 1005 2537 l'a-

257 2552 384 2598 tigare3
403 2551 461 2586 sed
490 2552 594 2586 omnia
618 2552 734 2597 integri
766 2559 1005 2594 conserventur

258 2609 319 2640 tam
341 2601 463 2644 vestris,
485 2613 577 2648 quam
602 2601 788 2635 clericorum
821 2608 851 2635 et
886 2612 1006 2647 paupe-

1668 236 1732 270 221

1040 309 1106 331 rum
1132 296 1242 332 usibus
1277 298 1449 345 profutura
1477 299 1511 336 Si
1539 313 1599 348 qua
1633 314 1708 337 sane
1734 314 1788 337 ee-

1039 345 1208 380 clesiistica
1231 348 1438 384 saecularisve
1466 362 1597 396 persona
1620 350 1702 386 lianc
1726 363 1786 385 no-

1039 404 1120 429 stiae
1138 396 1369 431 constitutionis
1384 410 1440 444 pag
1445 399 1526 433 inam
1542 400 1655 440 sciens
1678 409 1786 435 contra

1039 456 1106 478 eam
1143 453 1259 479 temere
1292 446 1397 481 venire
1431 449 1613 492 tentaverit,
1645 449 1788 484 secundo

1041 493 1169 528 tertiove
1195 495 1403 538 commonita,
1437 496 1461 530 si
1487 509 1549 531 non
1576 498 1788 534 satisfactione

1039 554 1180 597 congrua·
1199 543 1427 584 emendaverit,
1451 547 1612 591 potestatis
1634 547 1787 582 lionoris-

1039 603 1099 637 que
1134 592 1181 626 sui
1221 591 1370 638 dignitate
1410 603 1528 635 eareat,
1566 608 1713 643 reamque
1754 609 1789 632 se

1039 640 1144 674 divino
1167 640 1283 675 iudicio
1298 643 1434 676 existere
1456 642 1495 677 de
1523 653 1696 699 perpetrata
1724 645 1789 680 ini-

1039 689 1156 735 quitate
1183 699 1364 736 eognoscat,
1386 700 1415 725 et
1438 704 1453 725 a
1474 694 1685 728 saeratissimo
1713 694 1790 729 Cor-

1040 750 1118 793 pore.
1140 750 1176 773 ae
1197 738 1357 785 Sanguine
1372 740 1430 774 Dei
1453 748 1483 775 et
1499 741 1625 776 Domini
1647 742 1790 778 Redem-

1040 787 1137 834 pteris
1159 789 1255 822 nostri
1276 788 1344 823 lesu
1361 788 1480 824 Christi
1497 790 1595 825 aliena
1612 791 1675 831 fiat,
1693 800 1788 839 atque

1041 837 1071 870 in
1111 844 1252 871 extremo
1291 838 1435 873 examine
1476 839 1633 875 districtae
1675 841 1789 876 ultioni

1039 885 1210 920 subiaceat.
1233 886 1366 922 Cunctis
1379 895 1483 922 autem
1500 888 1602 923 eidem
1624 889 1716 924 loco
1710 899 1790 925 iusta

1039 935 1237 970 servantibus
1262 936 1301 970 sit
1324 948 1383 983 pax
1405 937 1444 971 D.
1466 937 1504 971 N.
1527 937 1550 972 I
1574 937 1611 973 C.
1635 947 1790 994 quatenus

1039 991 1069 1017 et
1096 984 1146 1018 hic
1161 984 1297 1019 fructum
1321 986 1420 1020 bonae
1446 986 1580 1022 actionis
1602 988 1790 1043 percipiant,

1039 1041 1069 1067 et
1096 1033 1179 1080 apud
1203 1033 1380 1069 districtum
1409 1034 1549 1070 ludicem
1578 1038 1715 1083 praemia
1736 1049 1792 1072 ae-

1041 1090 1147 1117 ternae
1188 1083 1276 1130 pacis
1309 1083 1480 1118 inveniant.
1518 1084 1633 1120 Amen.
1675 1086 1790 1121 Amen.

1040 1131 1155 1165 Amen.

1084 1180 1161 1235 ⁴Eeo
1194 1180 1379 1216 Pascmius
1419 1181 1591 1218 catholicae
1629 1183 1792 1220 Ecclesiae

1040 1240 1120 1276 epis.
1144 1241 1185 1263 ss.

1088 1278 1203 1312 Datum
1233 1278 1404 1314 Beneventi
1433 1292 1488 1327 per
1515 1292 1643 1315 manum
1673 1281 1792 1317 loban-

1041 1327 1090 1361 nis
1111 1327 1144 1362 S.
1168 1327 1206 1361 R.
1230 1327 1268 1361 E.
1284 1327 1406 1363 diaconi
1422 1330 1520 1370 card.,
1535 1342 1572 1364 111
1586 1330 1647 1364 kal.
1672 1331 1790 1371 octob..

1041 1375 1149 1410 indict.
1174 1389 1207 1415 x,
1230 1376 1350 1411 incarn.
1379 1377 1464 1412 dom.
1495 1391 1578 1413 anno
1605 1391 1690 1423 lucu,
1713 1392 1794 1426 pon-

1041 1425 1176 1459 tificatus
1202 1433 1307 1459 autem
1331 1426 1437 1460 domni
1459 1427 1621 1462 Paschalis
1638 1428 1675 1472 tl,
1698 1441 1743 1462 tv.

1061 1481 1121 1512 Dat.
1145 1481 1192 1511 die
1214 1482 1252 1512 29
1270 1483 1445 1522 septembris
1461 1493 1537 1514 anno
1555 1484 1671 1515 Domini
1688 1486 1774 1522 1102,

1290 1523 1392 1561 pontis.
1415 1533 1492 1553 anno
1510 1533 1547 1553 tv.

1380 1653 1466 1688 xllt.

1094 1730 1294 1774 Confirmatio
1326 1732 1530 1765 donationum
1562 1733 1747 1778 Melphi'ensi

1062 1785 1213 1817 Ecclesiae
1239 1796 1258 1817 a
1287 1785 1419 1828 Royerio
1441 1786 1516 1819 duce
1540 1788 1695 1830 factarum
1718 1790 1779 1830 (l).

1310 1861 1407 1892 SUMM
1412 1863 1430 1892 A
1436 1861 1524 1893 RtUtt

1043 1925 1073 1957 In
1097 1927 1227 1964 vittatis,
1257 1928 1427 1967 municipiis
1446 1932 1474 1957 et
1503 1929 1598 1967 parvis
1625 1928 1795 1958 civitatibus

1083 1981 1140 2001 non
1159 1972 1313 2001 ordinandi
1330 1973 1471 2010 episcopi.
1487 1988 1526 1993 —
1541 1971 1588 2001 Sic
1607 1973 1794 2002 statuendum

1082 2017 1117 2045 de
1145 2016 1252 2055 oppido
1275 2015 1430 2044 Lavellano
1449 2015 1499 2054 qui
1526 2015 1701 2054 Melpltiensi
1730 2017 1794 2055 epi-

1082 2069 1170 2098 seopo
1187 2059 1306 2088 omnino
1319 2058 1489 2088 subiicitur:
1506 2060 1553 2088 cui
1565 2063 1713 2098 praeterea
1727 2068 1797 2088 con-

1083 2103 1238 2132 firmantur
1266 2102 1322 2131 alia
1346 2102 1419 2131 bona
1443 2102 1479 2131 ad
1505 2102 1715 2141 Melphiensem
1743 2102 1796 2131 Ec-

1084 2147 1202 2176 clesiam
1224 2147 1413 2185 pertinentia,
1441 2155 1474 2175 ac
1497 2147 1655 2185 praecipue
1677 2147 1796 2176 donatio

1083 2189 1200 2227 Rogerii
1216 2191 1311 2219 ducis.
1327 2207 1367 2212 —
1384 2190 1454 2219 Cum
1472 2191 1597 2226 decreto,
1618 2195 1649 2219 ut
1665 2190 1798 2229 episcopi

1084 2244 1098 2262 a
1131 2234 1213 2263 Rem.
1242 2233 1348 2263 Ponat.
1371 2239 1591 2263 consecrentur.
1621 2251 1661 2256 —
1688 2234 1797 2264 Solitae

1083 2278 1246 2307 clausulae.
1263 2295 1302 2300 —
1319 2277 1373 2306 Pt‘.
1393 2277 1582 2316 subscriptio.

1045 2342 1162 2372 Pasclialis
1174 2344 1294 2382 episeopus
1305 2352 1384 2372 servus
1401 2351 1518 2372 serrorum
1531 2342 1581 2379 Dei,
1597 2341 1725 2372 venerabili
1736 2341 1801 2372 fratri

1085 2388 1203 2416 Gulielnto
1225 2387 1364 2426 llelpliiensi
1381 2388 1497 2425 episcopo,
1520 2388 1617 2424 eiusque
1631 2386 1802 2416 successoribus

1086 2433 1197 2461 canonice
1219 2432 1389 2470 promovendis,
1403 2432 1425 2460 in
1441 2435 1587 2469 perpclttttttt.

1094 2493 1155 2527 l‘et·
1176 2492 1308 2539 apostoli
1343 2491 1426 2526 Petri
1450 2491 1641 2538 discipulum
1666 2505 1800 2528 succes-

1046 2553 1168 2583 sorem,
1201 2541 1407 2579 Anaeletum,
1434 2543 1566 2587 apastoli
1594 2541 1678 2576 Petri
1707 2553 1802 2589 prae-

1084 2611 1123 2646 (l)
1142 2611 1227 2637 Edidit
1244 2610 1345 2645 Ughett.
1368 2610 1423 2637 ltal.
1442 2611 1500 2637 Sac.
1523 2614 1586 2647 tom.
1609 2619 1617 2646 ι

1813 258 1862 284 An·
1881 256 1910 285 C.
1930 257 1996 284 1¹02

1827 318 1870 339 Sub
1885 324 1911 344 po
1907 324 1952 339 ena
1964 325 1996 340 ex-

1833 351 1886 365 Ulmn
1881 352 1914 366 ιιυῐ
1918 346 1950 365 led
1953 349 1982 366 110

1813 372 1851 392 nis.

1844 1206 1886 1235 PF.
1910 1206 2003 1227 subscri—

1818 1234 1871 1259 ptto.
