2180 3205
31 250 78 276 Λιι.
99 247 126 273 C.
146 246 212 273 1078

57 740 135 766 Quibus
157 745 195 760 con
205 749 212 755 -

32 767 111 789 misisse
125 772 147 787 ne
162 767 213 786 dicit

33 793 154 820 Gregorius.
175 798 213 818 per

31 820 108 843 literas.
122 822 143 840 nt
157 824 212 846 quae

32 846 76 872 iou
85 845 111 867 do
127 847 213 866 nonnu-

39 873 64 894 tis
99 872 203 898 episcopis

32 898 198 926 conquerebatur
207 914 212 923 .

32 927 213 955 perscrutarentur

33 954 53 972 nt
65 957 165 972 canonico
182 958 212 972 iu-

32 977 131 1000 dicarent.

62 2325 132 2346 series
147 2327 202 2347 tacti.

806 238 829 260 S.
856 236 1044 259 curmontis
1072 237 1115 259 Ytl
1146 237 1193 259 ΙΨ.

242 294 323 329 aliud
346 306 361 328 a
384 293 483 331 vobis,
501 292 584 340 quod
604 292 695 332 absit,
718 299 825 338 agatur
848 290 992 337 tergiver-

242 344 362 378 satione
386 351 415 377 ct
439 343 526 389 suga,
549 342 757 376 conscientiae
784 341 938 375 scelernm
961 348 991 374 et

241 405 303 426 non
319 392 473 426 exactioni
493 392 629 426 iustitiae
648 400 677 425 et
703 390 867 437 aequitatis
883 402 896 423 a
919 389 990 436 plu-

242 441 329 475 ribus
342 441 548 476 adscribatur.
565 440 610 474 De
626 440 865 485 archiepiscopo
885 446 989 472 autem

239 490 424 535 Viennensi,
446 502 540 537 quem
556 488 785 536 conquerimini
802 488 831 521 in
852 487 988 522 dioecesi

238 550 339 574 vestra
366 547 397 574 et
417 539 601 587 deposuisse
631 537 842 585 presbyteros,
866 545 895 570 ct
918 548 990 571 cos—

238 588 310 623 dem
334 589 447 623 iterum
476 589 506 622 in
535 587 665 634 gradum
702 586 868 633 pristinum
898 586 990 619 resti-

237 639 352 672 tuisse:
388 646 418 672 et
452 637 490 672 de
529 636 687 683 episcopis
724 635 924 669 Lauduncnsi
960 643 990 669 ct

238 686 462 721 Suessionensi
484 685 689 731 suffragancis
705 685 826 728 restris,
849 684 902 730 qui
918 684 988 718 Am-

237 735 419 771 bianensem
442 735 649 781 episcopum,
685 733 773 767 vobis
802 733 989 767 inconsultis

236 792 269 819 et
303 784 543 828 nescientibus,
570 784 691 818 Romae
726 782 819 816 etiam
855 783 987 828 positis,

237 841 476 868 consecrarunt:
501 841 531 866 ct
553 833 591 867 (le
615 832 771 871 manasse,
795 831 846 878 qui
872 844 937 876 vos,
959 839 988 865 et

236 882 412 917 Ecclesiam
443 890 589 923 vestram,
623 881 694 928 quia
731 880 903 914 malefactis
926 893 986 914 non

237 939 350 978 potest,
385 931 563 966 maledictis
598 931 745 964 infestare
781 942 841 964 non
871 938 986 964 cessat:

237 988 269 1014 et
295 980 500 1015 de-eaeteris
527 979 700 1019 omnibus,
737 991 832 1025 snper
871 979 988 1026 quibus

236 1029 452 1076 quaestionem
478 1029 564 1063 robis
585 1028 765 1064 collibuerit
788 1029 898 1065 lacere,
929 1028 988 1062 mi-

237 1079 338 1113 simus
358 1078 463 1113 literas
485 1087 607 1113 nostras
633 1078 888 1113 commonuimus
910 1090 988 1111 eon-

236 1127 384 1162 fratribus
419 1128 559 1167 nostris,
596 1127 703 1162 Diensi
745 1127 887 1161 xidelieet
921 1127 988 1172 epi-

237 1188 345 1223 scopo,
377 1185 406 1212 et
442 1176 645 1211 Cluniacensi
669 1176 784 1213 abbati,
815 1183 846 1209 nt
875 1184 987 1210 cuncta

235 1226 383 1261 studeant
404 1225 571 1272 diligenter
598 1226 768 1272 inquirere,
797 1225 916 1259 solicite
938 1224 989 1258 di—

235 1283 373 1319 scutcrc,
407 1274 548 1309 discussa
584 1283 614 1309 et
638 1275 778 1319 indagata
807 1274 844 1308 ad
874 1286 986 1320 purum

235 1324 329 1368 iuste,
350 1323 491 1370 legaliter
513 1332 543 1358 et
576 1324 727 1358 canonice
755 1323 903 1357 iudicare.
933 1323 989 1357 llis

236 1373 353 1408 nostris
379 1373 507 1407 monitis
529 1372 783 1407 obsecundantes
807 1384 861 1419 per
882 1373 988 1406 omnia

234 1421 396 1456 beatorum
421 1421 635 1468 apostolorum
665 1421 746 1456 Petri
770 1430 799 1456 et
823 1421 909 1455 Pauli
933 1421 989 1455 be-

234 1471 414 1506 nedictione
437 1471 468 1505 in
496 1471 651 1518 praesenti
688 1470 848 1505 donemini
865 1498 872 1507 ,
900 1479 930 1505 et
958 1471 987 1504 iu

235 1520 340 1555 futuro
377 1532 392 1554 a
432 1528 631 1566 peccatorum
672 1520 814 1554 omnium
856 1519 989 1554 vinculis

234 1569 388 1613 absoluti,
422 1568 459 1603 ad
496 1581 604 1603 eorum
642 1570 834 1603 consortium
871 1569 988 1603 eisdem

236 1617 501 1653 interventoribus
528 1618 655 1664 provebi
692 1618 886 1652 mereamini.
910 1618 987 1652 Data

235 1667 272 1702 ad
294 1667 446 1701 Sanctum
470 1666 664 1701 Germanum
689 1667 857 1701 undecimo
881 1667 989 1701 kalen-

234 1716 291 1750 das
312 1715 513 1762 septembris,
537 1716 707 1751 indictione
730 1717 840 1762 prima.

282 1772 344 1802 Dat.
367 1773 414 1802 die
432 1773 466 1802 ⁶21
488 1774 603 1811 augusti
628 1783 704 1803 anno
723 1773 838 1802 Domini
861 1774 943 1809 1078,

487 1813 588 1852 pontis.
607 1823 682 1843 anno
702 1822 738 1842 vi.

555 1926 667 1961 XLllI.

237 1985 417 2018 Declaran'o
443 1986 625 2018 concordiae
657 1998 697 2018 ex
721 1993 878 2029 praet-opto
901 1987 990 2019 Sedis

288 2035 481 2076 Apostolicae
494 2035 687 2077 factaeinler
712 2037 883 2078 episcopum
910 2039 989 2067 ἐυα-

285 2083 435 2116 rt'nensem
460 2090 487 2116 et
510 2084 648 2116 abbatem
671 2085 705 2117 S.
731 2085 891 2116 Michaelis
913 2087 939 2126 (l
949 2095 969 2127 ).

509 2143 724 2173 smntanlmt

321 2194 418 2224 Series
446 2194 523 2224 facti.
545 2211 585 2217 —
601 2195 702 2225 Modus
728 2197 911 2225 concordiae.

337 2247 462 2286 Gregorius
478 2248 598 2287 episcopus
613 2258 690 2278 servus
703 2258 819 2278 servorum
835 2249 885 2278 Dei.

286 2301 403 2336 Notum
420 2309 482 2335 tam
510 2301 729 2348 praesentibus
751 2314 843 2348 quam
861 2303 991 2348 posteris

239 2350 304 2385 lieri
330 2350 493 2393 volumus,
521 2362 646 2384 causam
682 2350 844 2384 Cumbcrti
879 2352 991 2385 Tauri-

238 2399 346 2434 nensis
367 2399 521 2446 episcopi,
549 2406 579 2433 et
610 2399 731 2433 abbatis
761 2400 794 2433 S.
819 2399 990 2440 Michaelis,

238 2448 374 2495 qualiter
387 2448 557 2482 finiendam
577 2460 645 2482 esse
665 2448 840 2495 posuimus.
857 2449 993 2483 Venien-

240 2506 286 2531 tes
308 2496 396 2531 'enim
423 2505 494 2531 ante
517 2505 654 2531 nostram
679 2498 896 2544 1‘ir11eseiitia111,
925 2507 991 2545 post

241 2545 332 2592 plura
345 2549 500 2580 annorum
517 2546 684 2585 enrricula,
699 2546 815 2593 quibus
829 2548 992 2594 conquesti

277 2605 317 2643 (t)
337 2605 376 2632 Ex
392 2605 456 2633 edit.
475 2606 556 2633 Card.
576 2606 693 2634 Carasae.

1667 230 1727 262 tsst

1033 297 1105 324 sunt
1128 290 1205 325 alter
1227 291 1377 327 adversus
1399 291 1541 337 alterum,
1564 305 1602 328 cx
1627 293 1784 328 voluntate

1032 339 1280 386 acquiescentes,
1298 349 1327 375 et
1350 341 1532 377 obedientes
1555 343 1784 386 nostroiussui,

1034 400 1140 434 pacem
1166 389 1244 423 inter
1270 402 1303 424 se
1331 390 1422 425 nobis
1450 392 1715 439 praecipientibus
1738 393 1786 428 se-

1031 445 1151 471 cerunt.
1181 438 1308 479 Quibus
1335 452 1373 473 ex
1404 441 1587 476 auctoritate
1614 442 1783 488 apostolica

1032 486 1272 530 interdiximus,
1305 500 1342 522 ne
1371 488 1448 523 alter
1469 490 1555 524 alteri
1583 491 1782 526 occasionem

1031 535 1206 570 discordiae
1231 536 1358 570 ulterius
1382 538 1554 584 praeberet.
1578 540 1640 574 Sed
1664 541 1785 587 episco-

1031 597 1090 630 pus
1111 585 1229 629 abbati,
1244 594 1273 619 et
1292 587 1449 631 praedicto
1468 589 1657 623 monasterio
1674 602 1784 624 emen-

1030 633 1094 677 det,
1120 646 1200 681 quae
1222 635 1248 669 ei
1274 635 1412 678 abstulit,
1436 637 1494 671 nisi
1518 646 1668 684 qnantum
1687 639 1785 674 abbas

1029 682 1056 715 ei
1070 684 1302 718 condonaverit.
1313 684 1465 720 Similiter
1478 693 1507 721 et
1521 686 1618 721 abbas
1631 689 1782 735 episcopo

1031 731 1132 766 saciat.
1150 732 1188 766 Et
1223 732 1282 767 boc
1310 733 1340 767 in
1370 735 1571 770 extimatione
1593 739 1637 780 (i)
1667 737 1782 772 Asten-

1029 781 1071 814 sis
1093 781 1245 828 episcopi,
1268 790 1297 816 et
1319 783 1458 831 episcopi
1473 784 1643 831 Aquensis,
1660 799 1782 821 necnon

1029 838 1057 863 ct
1086 830 1205 865 abbatis
1234 830 1497 868 Fructuariensis.
1521 833 1554 867 Si
1583 842 1686 869 autem
1709 836 1785 882 epi-

1029 891 1146 927 scopns
1169 879 1299 914 voluerit
1322 888 1352 915 et
1375 883 1511 928 potuerit
1533 883 1682 929 probare,
1707 885 1783 919 illud

1030 929 1254 963 monasterium
1278 929 1307 964 in
1332 931 1520 977 proprietate
1541 941 1571 966 et
1593 933 1706 967 allodio
1734 935 1782 968 sui

1029 978 1178 1025 episcopii
1208 990 1276 1013 csse
1303 987 1540 1021 constructum,
1578 982 1606 1016 in
1638 984 1782 1029 sequenti

1028 1027 1148 1074 synodo
1173 1035 1305 1075 uterque
1332 1041 1365 1063 se
1400 1038 1614 1076 praesentent,
1640 1040 1670 1066 et
1694 1033 1723 1066 in
1747 1045 1784 1067 eo

1030 1076 1142 1110 iustam
1167 1084 1197 1111 et
1219 1076 1350 1123 legalem
1377 1077 1591 1114 definitionem
1614 1081 1783 1127 accipiant.

1029 1125 1062 1159 Si
1086 1137 1158 1160 vero
1184 1125 1290 1173 aliquo
1323 1126 1550 1173 impedimento
1580 1131 1783 1172 cessaverint,

1029 1173 1146 1219 legatos
1176 1187 1252 1209 suos
1285 1175 1446 1221 dirigant,
1474 1185 1631 1225 qnatenus
1653 1179 1699 1213 eis
1721 1180 1780 1225 ipsi

1029 1232 1200 1270 reportent,
1215 1224 1349 1270 qualiter
1370 1234 1399 1259 et
1419 1227 1545 1272 quando
1562 1227 1654 1262 linem
1671 1240 1780 1263 eorum

1029 1273 1154 1318 negotio
1186 1273 1396 1319 imponamus.
1420 1275 1512 1316 Quod
1544 1277 1568 1310 si
1599 1278 1779 1324 episcopus,

1028 1322 1153 1367 cognita
1177 1323 1318 1360 veritate,
1342 1325 1525 1369 cognoverit
1560 1325 1641 1360 idem
1671 1339 1782 1361 mona-

1028 1371 1157 1405 sterium
1183 1383 1244 1405 non
1272 1384 1341 1406 esse
1369 1382 1585 1409 constructum
1615 1375 1645 1409 in
1669 1375 1784 1410 allodio

1029 1420 1077 1453 sui
1111 1420 1325 1467 episcopatus:
1362 1422 1407 1455 vel
1443 1422 1540 1457 abbas
1568 1425 1782 1471 perpenderit,

1029 1468 1111 1516 quod
1124 1469 1293 1516 episcopus
1307 1470 1387 1505 circa
1402 1471 1460 1505 boc
1481 1473 1648 1518 negocium
1667 1474 1780 1508 iustam

1029 1527 1058 1552 et
1094 1530 1196 1553 reram
1230 1519 1343 1553 babeat
1378 1521 1549 1562 rationem,
1580 1522 1648 1557 sine
1681 1524 1782 1570 aliqua

1030 1567 1257 1614 disceptatione
1279 1569 1324 1603 vel
1348 1571 1571 1608 controversia,
1588 1572 1628 1609 ei,
1652 1573 1704 1618 qui
1731 1584 1783 1606 ve-

1031 1617 1150 1651 ritatem
1173 1625 1202 1651 ct
1225 1617 1373 1652 iustitiam
1398 1619 1559 1663 habuerit,
1584 1622 1780 1668 acquiescat:

1031 1666 1138 1712 procul
1169 1666 1267 1700 dubio
1295 1667 1449 1707 scientes,
1471 1669 1543 1715 quia
1567 1669 1595 1702 in
1619 1681 1704 1708 oum,
1726 1671 1780 1716 qui

1031 1715 1179 1749 iniustam
1202 1728 1327 1750 causam
1363 1717 1483 1752 habeus
1508 1717 1678 1754 defendere
1700 1728 1784 1753 tem-

1031 1765 1173 1810 ptaverit,
1200 1765 1246 1798 vel
1269 1765 1397 1812 aliquod
1426 1767 1635 1811 patrocinium
1665 1768 1709 1802 vel
1732 1781 1784 1815 po-

1031 1814 1157 1847 tentiam
1172 1826 1312 1860 speranS,
1326 1815 1478 1849 iniustum
1495 1816 1654 1862 negotium
1667 1817 1783 1863 agitare

1030 1874 1124 1897 ausus
1151 1862 1260 1902 suerit,
1284 1864 1418 1906 graviter
1445 1872 1475 1898 et
1502 1866 1700 1900 severissime
1724 1880 1784 1913 pu-

1031 1911 1165 1946 niemus.
1191 1912 1258 1946 Dat.
1281 1912 1493 1953 Romae,vnt
1508 1913 1567 1948 kal.
1591 1915 1783 1959 decembris,

1030 1960 1201 1994 indictione
1224 1961 1374 1996 secunda.

1049 2017 1110 2047 Dat.
1130 2018 1176 2047 die
1195 2018 1231 2048 224
1252 2018 1419 2049 novembris
1439 2029 1515 2049 anno
1535 2019 1650 2050 Domini
1671 2021 1764 2058 1078,

1278 2058 1378 2097 pontis.
1401 2068 1478 2088 anno
1500 2068 1538 2089 vi.

1350 2149 1462 2183 XLIV.
1507 2183 1518 2188 -

1032 2211 1210 2244 Declaracio
1224 2213 1420 2256 depositionis
1432 2214 1564 2257 episcopi
1581 2215 1784 2257 Ravennatis,

1080 2260 1111 2291 in
1141 2261 1280 2294 Romana
1309 2263 1426 2305 synodo
1446 2263 1562 2306 (accae,
1584 2264 1634 2295 cui
1661 2264 1781 2296 nullam

1077 2316 1234 2351 praestare
1271 2311 1473 2344 obedientiam
1512 2318 1673 2344 mouentur
1712 2312 1784 2346 Ra-

1080 2366 1220 2391 vennates
1243 2359 1300 2401 (⁶2).

1300 2422 1458 2453 Stant—tn}
1465 2424 1511 2454 ΕΜ

1033 2477 1208 2508 Ravennatis
1244 2479 1390 2508 Ecclesiae
1423 2481 1451 2509 in
1485 2481 1644 2511 Romanam
1678 2482 1784 2512 Sedem

1073 2523 1209 2556 perpetua
1234 2519 1399 2548 obedientia
1420 2525 1506 2559 atque
1534 2521 1730 2552 observantia.
1746 2539 1787 2545 -—-

1034 2607 1052 2634 C
1069 2574 1112 2635 U}
1127 2575 1246 2601 Fortasse
1265 2577 1456 2602 aestimatione.
1496 2577 1534 2612 (2)
1560 2578 1598 2604 Ex
1620 2578 1684 2604 edit.
1705 2578 1785 2606 Card-

1055 2617 1098 2635 dra
1111 2617 1151 2635 ae.

1805 249 1852 274 An.
1873 247 1901 275 C.
1921 247 1988 274 1078

1846 478 1920 498 Modu-

1806 505 1900 525 coeliae.

1941 484 1989 497 rnn-
