2180 3205
53 281 102 312 Au.
121 278 234 308 (3.1103

76 1702 126 1724 Cum
139 1703 224 1734 decreto

46 1732 158 1755 perpetuae
187 1736 225 1751 nn·

46 1756 158 1777 anninus.

42 2309 153 2358 ..ἔξωθε
167 2311 223 2333 clan—

887 266 1063 292 ptst‘nttts
1090 267 1112 289 lt
1139 268 1185 290 tm.

1681 263 1751 284 oo·-

1681 278 1746 295 ..-ί

255 320 288 357 8.
311 318 450 355 Gervasii
475 320 566 355 sitam
591 319 621 354 in
645 319 779 356 Soriano
804 333 876 356 cum
905 332 1008 365 eni-te,
1052 323 1168 357 indicio
1195 324 1328 360 existere
1361 326 1400 361 de
1435 335 1607 373 perpetrata
1637 328 1801 376 iniquitate.

255 370 378 418 plebem
401 369 434 404 S.
458 369 543 405 Petri
566 370 657 404 sitam
695 370 797 406 Casua
825 385 898 406 eum
923 381 1009 407 curte

254 426 286 454 et
309 426 394 464 parte
429 419 561 463 castelli,
597 419 682 466 qnod
712 429 838 455 vocatur
864 421 1008 464 Novum,

254 468 378 515 plebem
402 466 436 501 S.
459 468 576 502 Mariae
599 469 688 503 sitam
714 469 742 503 in
766 469 828 505 Sco
850 481 921 504 cnm
936 482 1008 504 cnr-

255 525 301 558 te,
325 516 449 563 plebem
473 517 507 552 S.
532 517 658 552 loannis
681 517 770 553 sitam
792 519 821 552 in
845 518 1006 565 Ca...plia,

254 565 378 613 plebem
406 565 438 600 S.
469 566 639 608 pancratii,
666 566 790 614 plebem
819 567 852 602 S.
877 567 1004 602 Romuli

253 626 325 650 cum
363 623 468 655 curte,
505 616 672 650 ecclesiam
705 615 738 650 S.
768 616 906 650 Miniaiis
934 629 1004 651 cnm

254 664 454 711 pertinentiis
480 665 559 705 suis,
587 664 751 699 ecelesiam
779 664 812 699 S.
837 665 954 700 Mariae
970 666 1006 699 si-

253 721 314 748 tam
344 714 372 747 in
396 712 590 760 Carpinione
617 725 687 748 cum
718 714 899 754 curticella,
937 714 1001 760 ple-

252 761 323 796 bem
347 762 380 797 S.
409 762 491 805 Viti,
529 762 652 809 plebem
688 762 818 797 Leonini
855 763 944 798 sitam
974 764 1004 798 in

251 810 401 852 Retiano,
426 811 549 858 plebem
587 811 620 846 S.
657 811 817 846 Laurentii
851 824 922 847 eum
950 824 1004 847 ca-

251 859 342 895 stello
368 868 398 895 et
419 868 521 905 curte,
545 860 667 908 plebem
695 861 727 896 S.
753 861 890 896 Miniatis
911 862 1003 896 sitam

252 909 282 944 in
309 909 474 950 Rubiano,
511 910 634 957 plebem
656 913 700 953 (l)
723 910 805 945 Petri
828 923 899 945 eum
917 919 1003 946 curte

250 959 342 994 sitam
367 959 397 994 iu
419 959 580 1000 Cimona,
608 959 771 994 ecclesiam
801 959 834 993 S.
858 959 932 994 Iusti
960 961 1003 995 si-

251 1015 313 1043 tam
346 1008 377 1042 in
405 1008 511 1043 Monte
538 1008 679 1052 Dantuli‚
714 1008 835 1055 plebem
856 1008 888 1043 S.
919 1009 1002 1044 Petri

249 1057 340 1092 sitam
365 1058 395 1091 in
411 1057 543 1098 Sillano,
569 1057 690 1104 plebem
713 1058 747 1092 S.
773 1057 892 1092 Creseii
910 1059 1000 1093 sitam

250 1106 281 1140 in
308 1106 438 1147 Novole,
475 1107 598 1154 plebem
625 1105 658 1141 S.
682 1106 816 1141 Leonini
849 1107 938 1142 sitam
970 1108 1000 1142 in

249 1155 397 1190 Penzano
424 1168 496 1190 cum
535 1165 635 1200 curte,
662 1156 826 1191 ecclesiam
862 1156 895 1190 S.
928 1156 1001 1191 Eu-

251 1204 391 1251 plirosini
419 1217 491 1240 cum
527 1213 631 1246 curte,
658 1205 824 1240 ecclesiam
847 1204 881 1240 S.
910 1205 998 1240 Pauli

248 1265 322 1288 cum
357 1263 465 1298 curte,
509 1267 589 1301 quae
619 1263 666 1289 est
700 1255 798 1301 posita
827 1255 911 1288 iuxta
946 1267 1000 1289 ca-

248 1311 348 1337 strum
377 1303 527 1348 Coi-buli,
555 1303 678 1351 plebem
711 1303 744 1338 S.
773 1303 887 1338 Mariae
910 1312 938 1338 et
965 1304 997 1338 S.

249 1351 333 1387 Petri
349 1353 440 1387 sitam
470 1353 500 1387 in
531 1354 694 1395 Avanano,
718 1352 840 1399 plebem
864 1353 898 1388 S.
926 1353 997 1387 lusti

249 1413 320 1436 cum
348 1411 453 1445 curte,
477 1401 599 1448 plebem
627 1401 661 1436 S.
688 1401 777 1436 Pauli
801 1414 872 1436 eum
901 1410 998 1439 cutte.

251 1450 378 1497 plebem
405 1450 438 1486 S.
467 1450 600 1485 Leonini
634 1451 663 1484 in
697 1450 838 1492 Collina,
875 1451 995 1497 plebem

247 1499 281 1535 S.
306 1500 422 1535 Mariae
445 1501 473 1534 in
501 1499 608 1534 Monte
630 1499 794 1543 Milliario,
817 1500 941 1547 plebem
963 1500 996 1534 S.

247 1549 372 1584 Martini
402 1550 431 1584 in
466 1549 629 1584 Tertinulo
656 1561 727 1584 cum
761 1558 869 1589 curte,
896 1549 998 1584 eccle·

247 1599 324 1634 siam
347 1598 381 1634 S.
404 1599 621 1633 Mammilliani
644 1610 715 1633 cum
738 1606 842 1639 curte,
873 1598 995 1645 plebem

246 1646 280 1682 S.
303 1647 389 1682 Petri
411 1647 570 1683 Ormenae
597 1660 668 1682 cum
692 1657 790 1687 curte,
816 1647 939 1694 plebem
962 1647 995 1682 S.

246 1697 342 1731 Marci
365 1698 394 1732 in
416 1697 572 1735 Stilliana.
595 1696 754 1744 Quicquid
776 1704 934 1743 praeterea
950 1697 995 1731 vel

247 1746 278 1780 in
305 1745 478 1781 Fesulanae
511 1746 673 1781 Ecclesiae
702 1745 867 1793 parochia,
895 1745 942 1780 vel
965 1746 995 1780 in

245 1795 376 1830 aliarum
412 1795 615 1830 ecclesiarum
656 1795 813 1842 parochiis
847 1795 996 1841 praedicti

245 1852 461 1880 antecessores
487 1845 529 1878 tui
553 1845 706 1878 hactenus
737 1843 914 1891 possedisse
946 1844 998 1877 vi-

246 1893 372 1937 dentur,
401 1893 454 1928 tibi
478 1893 602 1940 tuisque
630 1893 777 1939 legitimis
803 1893 998 1927 successori-

247 1942 306 1978 bus
333 1943 450 1978 illibata
484 1955 610 1978 manere
642 1943 813 1977 sancimus.
842 1942 996 1977 Decerni—

247 2004 317 2026 mus
351 1992 462 2039 igitur,
490 2000 522 2027 ut
558 1991 634 2026 nulli
667 1992 795 2026 omnino
830 1991 995 2026 hominum

246 2041 348 2086 liceat,
370 2041 512 2076 eamdem
535 2041 709 2076 Ecclesiam
733 2049 850 2076 temere
872 2049 998 2088 pertur-

246 2089 338 2131 bare,
366 2099 418 2125 aut
440 2091 508 2125 eius
536 2091 753 2138 possessiones
781 2090 922 2133 anferre,
949 2090 995 2124 vel

246 2139 364 2175 ablatas
400 2148 516 2177 tenere.
552 2140 712 2183 minuere7
746 2139 794 2174 vel
821 2139 998 2173 temerariis

247 2188 463 2223 vexationibus
481 2189 630 2235 fatigare;
653 2188 707 2223 sed
730 2189 861 2223 omnino
878 2189 995 2234 integra

244 2249 430 2273 conservare
458 2247 519 2272 tam
544 2238 667 2278 vestris,
689 2250 784 2284 quam
809 2237 995 2272 clericorum

247 2286 357 2321 usibus
384 2286 555 2332 profutura.
589 2286 622 2321 Si
650 2298 709 2333 qna
737 2298 814 2321 sane
847 2285 998 2320 eeclesia-

244 2335 320 2371 stica
343 2335 579 2383 saecularisque
603 2347 748 2382 persona,
772 2335 852 2369 lianc
875 2342 998 2369 nostrae

244 2385 483 2420 constitutionis
528 2385 672 2430 paginam
713 2384 838 2427 sciens,
881 2391 997 2417 temere

244 2442 353 2469 eontra
391 2446 458 2468 eam
496 2435 602 2468 venire
640 2433 821 2472 tentaverit,
860 2432 998 2467 secundo

245 2483 378 2518 tertiove
406 2483 615 2523 commonita,
644 2483 666 2516 si
698 2494 758 2516 non
787 2481 999 2516 satisfactione

245 2544 386 2578 congrua
406 2531 632 2576 emendaverit,
655 2531 818 2578 potestatis
835 2531 999 2565 honorisve

247 2581 294 2615 sni
319 2589 424 2615 careat
459 2580 627 2626 dignitate,
662 2592 808 2627 reamque
835 2591 869 2614 se
891 2579 1000 2614 divino

281 2641 320 2678 (ι)
339 2641 415 2669 Adde
432 2642 458 2669 s,
498 2642 541 2678 (a.
559 2640 603 2676 T.)

1050 381 1235 417 cognoscat.
1263 382 1293 408 et
1315 387 1330 409 a
1358 376 1570 411 saeratissimo
1596 376 1739 424 Corpore
1769 388 1801 414 et

1049 419 1210 466 Sanguine
1252 422 1308 457 Dei
1343 436 1377 459 ac
1412 424 1539 460 Domini
1577 425 1800 473 Redemptoris

1050 470 1146 503 nostri
1177 469 1245 505 lesu
1278 471 1394 507 Clu-isti
1429 474 1529 509 aliena
1552 475 1615 518 liat,
1651 484 1744 523 atque
1767 478 1797 512 in

1048 527 1189 553 extremo
1215 522 1358 556 examine
1380 522 1536 558 districtae
1565 525 1672 559 ultioni
1695 526 1800 561 subia-

1048 575 1124 602 ceat.
1149 567 1281 603 Cunctis
1303 579 1406 605 autem
1430 571 1531 606 eidem
1560 572 1628 608 loco
1651 575 1716 609 iura
1735 588 1799 610 ser·

1049 616 1192 652 vantibus
1213 618 1251 664 sit
1275 631 1333 665 pax
1352 619 1479 655 Domini
1499 623 1595 656 nostri
1619 622 1688 658 Iesu
1708 624 1797 659 Chri-

1047 665 1098 705 sti,
1127 675 1283 713 quatenus
1302 677 1332 702 et
1355 668 1404 703 hie
1424 669 1559 704 fructum
1583 671 1683 708 bonae
1702 674 1797 708 actio-

1048 715 1094 749 nis
1118 716 1308 763 percipiant,
1344 726 1373 752 et
1394 718 1478 765 apud
1502 718 1679 755 districtum
1708 722 1797 757 ludi-

1046 776 1113 798 cem
1150 766 1285 811 praemia
1318 775 1463 802 aeternae
1498 769 1583 815 pacis
1623 770 1794 807 inveniant.

1046 813 1162 858 Amen,
1189 826 1293 850 amen.

1094 862 1255 910 Scriptum
1298 877 1353 912 per
1391 878 1520 901 manum
1556 866 1639 902 Petri
1681 870 1795 905 notarii

1047 912 1224 958 regionarii,
1250 922 1279 948 et
1302 915 1457 950 scriniarii
1485 917 1564 951 sacri
1594 918 1709 964 palatii.

1046 961 1115 996 EGO
1137 961 1319 998 Pascnaus
1346 964 1517 1000 catholicae
1544 965 1703 1002 Ecclesiae
1730 967 1794 1003 ΡΙ).

1093 1010 1277 1059 subscripsi.

1042 1059 1111 1105 Ego
1133 1060 1360 1097 Praenestinus
1386 1064 1481 1110 episc.
1506 1076 1547 1099 ss.

1043 1109 1109 1155 Ego
1132 1109 1334 1146 Crescentius
1355 1112 1541 1148 Salunensis
1563 1114 1660 1161 episc.
1689 1128 1729 1150 ss.

1042 1158 1109 1204 Ego
1131 1157 1308 1195 Ricliardus
1335 1161 1526 1197 Athanensis
1552 1164 1649 1210 episc.
1672 1177 1713 1199 ss.

1041 1207 1108 1254 Ego
1131 1208 1315 1244 Anastasius
1336 1211 1420 1245 card.
1449 1211 1482 1245 S.
1505 1212 1678 1248 Clementis
1700 1214 1790 1249 subs.

1090 1256 1165 1291 Data
1210 1258 1353 1293 Laterani
1390 1272 1445 1306 per
1483 1274 1607 1296 manum
1644 1262 1794 1298 loli-annis

1041 1305 1073 1340 S.
1109 1305 1270 1342 Romanae
1302 1308 1461 1343 Ecclesiae
1496 1310 1619 1345 diaconi
1663 1324 1682 1346 v
1721 1312 1793 1348 idus

1042 1356 1154 1399 martii,
1184 1356 1291 1391 indict.
1316 1370 1362 1402 xi,
1386 1358 1482 1393 incar.
1510 1359 1686 1395 dominicae
1708 1374 1793 1397 anno

1040 1416 1137 1444 ueni,
1164 1406 1363 1452 pontificatus
1385 1416 1487 1443 autem
1509 1408 1549 1443 D.
1579 1409 1740 1445 Paschalis
1763 1411 1792 1446 tl

1030 1453 1144 1500 ‘Papae
1172 1467 1215 1489 lv.

1091 1511 1152 1541 Dat.
1172 1512 1218 1541 die
1245 1513 1274 1542 11
1301 1514 1397 1543 martii
1417 1524 1493 1544 anno
1516 1515 1632 1546 Domini
1649 1516 1735 1554 1203,

1288 1553 1390 1592 pontif.
1413 1564 1490 1584 anno
1509 1563 1536 1584 lv

1041 1742 1259 1775 .¹llonas!er1'um
1290 1744 1461 1777 Bantz'uum
1487 1745 1519 1777 in
1545 1746 1662 1789 Apulia
1691 1747 1791 1779 Ache-

1086 1793 1203 1824 rmili‘n.
1231 1793 1371 1826 dioecesis
1403 1795 1456 1826 sub
1486 1796 1673 1839 protectione
1701 1796 1791 1829 Sedis

1087 1842 1280 1884 Apostolicae
1306 1843 1461 1886 recipitur,
1487 1845 1571 1888 eique
1592 1845 1671 1877 bona
1685 1847 1791 1878 omnia

1087 1891 1311 1935 confirmantur
1334 1893 1394 1935 (l).

1305 1955 1519 1987 smtstantml

1038 2010 1204 2041 Exordium.
1222 2028 1261 2033 —
1283 2011 1400 2042 monast.
1420 2013 1475 2043 sub
1494 2013 1579 2043 Sedis
1604 2013 1789 2053 Apostolicae

1079 2056 1258 2094 protectione
1281 2057 1431 2095 recipitur.
1450 2074 1489 2079 —
1502 2057 1594 2096 Eique
1613 2058 1791 2087 confirman-

1078 2104 1124 2129 tur
1146 2100 1220 2129 bona
1250 2101 1366 2137 omnia,
1389 2105 1473 2140 prout
1497 2102 1544 2130 hic
1567 2102 1788 2131 describuntur.

1075 2160 1115 2166 —
1145 2143 1298 2174 Decretum
1331 2145 1526 2174 immunitatis
1555 2155 1568 2174 a
1601 2153 1789 2184 quacumque

1078 2189 1225 2219 molestia:
1243 2207 1283 2212 —
1299 2190 1421 2220 Abbatis
1448 2191 1552 2220 electio
1575 2200 1664 2230 penes
1688 2200 1790 2219 mona-

1077 2234 1148 2262 chos
1165 2233 1307 2263 facienda.
1325 2251 1365 2255 —
1380 2234 1451 2263 Eius
1468 2235 1649 2264 confirmatio
1671 2239 1698 2264 et
1719 2244 1789 2264 con-

1079 2278 1203 2306 secratio
1229 2287 1242 2307 a
1271 2278 1401 2308 Romano
1424 2277 1565 2308 Pontifiee
1594 2279 1726 2317 petenda.
1748 2294 1788 2299 —

1079 2320 1265 2350 Sacramenta
1294 2331 1362 2351 vero
1390 2322 1425 2351 ab
1449 2323 1598 2352 ordinario
1622 2323 1691 2352 loci:
1710 2322 1791 2351 ordi—

1079 2365 1212 2394 nationes
1228 2370 1323 2394 antem
1337 2366 1366 2394 in
1378 2366 1441 2404 ipso
1454 2367 1630 2396 monasterio
1643 2376 1789 2405 peragen-

1079 2409 1141 2438 dae.
1159 2426 1197 2431 —
1217 2409 1264 2438 Ius
1286 2410 1451 2448 appellandi
1473 2411 1508 2440 ad
1529 2411 1556 2440 S.
1569 2411 1600 2440 A.
1616 2428 1656 2433 —
1675 2411 1789 2441 Census

1080 2462 1195 2482 annuus
1228 2454 1323 2482 eidem
1356 2454 1576 2492 persolvendus.
1608 2472 1648 2476 —
1680 2455 1788 2485 Solitae

1080 2498 1230 2528 clausulae
1247 2498 1394 2537 poenales.
1416 2515 1456 2520 -
1472 2498 1623 2528 Pasclialis
1640 2499 1694 2528 1³1¹.
1714 2499 1789 2529 sub-

1080 2543 1209 2581 scriptio.

1076 2601 1114 2635 (1)
1139 2600 1178 2626 Ab
1203 2598 1347 2633 exemplari
1368 2599 1557 2634 transcriptum
1579 2598 1660 2626 edidit
1686 2599 1788 2634 Ugliell.

1042 2641 1097 2668 Ital.
1119 2640 1177 2667 Sac.
1197 2643 1260 2666 tom.
1282 2646 1331 2665 vn.

1825 283 1874 309 An.
1887 283 1914 309 C.
1937 284 2005 310 1102

1840 983 1946 1003 Paeae-batin
1961 984 2001 1006 1³0*

1820 1012 1841 1031 ot
1855 1013 1945 1037 quatuor
1958 1017 2004 1033 car-

1820 1037 1919 1058 dinanum
1935 1038 1956 1059 S.
1977 1038 2002 1060 fl.

1820 1063 1843 1084 Ε.
1868 1066 2004 1091 subscriptio·

1820 1095 1864 1111 nan.
