2180 3205
404 251 468 286 864
985 263 1169 290 anthimum
1187 264 1338 289 nomnium

472 325 636 368 proprium
661 324 772 357 habeat
797 324 996 368 episcopum.
1022 326 1136 369 Iusque
1160 326 1444 369 nwtropolitmuun
1468 325 1494 358 ei
1518 326 1707 360 conceditur
1728 333 1755 360 et
1778 338 1853 360 usus
1870 328 1938 371 pal-

472 369 515 404 tit.
541 369 604 401 2³83
623 370 649 401 h.

381 423 589 464 oldegarius,
614 423 862 456 Tarraconensis
889 424 1170 468 archiepiscopus,
1196 425 1318 467 legatus
1343 425 1432 458 Sedis
1463 425 1664 458 Aiostolicae
1695 425 1732 457 ad
1766 425 1940 458 moi-citum

471 473 583 500 contra
604 467 781 501 Saracenos
802 469 833 500 in
854 468 1015 512 Hispaniis
1033 475 1180 512 paratum
1204 469 1420 505 constituitur,
1441 469 1495 502 322:
1527 470 1544 501 b
1565 476 1592 503 et
1614 481 1677 514 seq.

381 520 551 561 Olirolensi
574 521 733 554 Ecclesiae
756 521 825 555 iura
845 522 966 558 omnia,
993 523 1212 556 immunitates
1232 529 1261 556 et
1283 523 1369 555 bona
1390 523 1635 564 confirmantur,
1660 522 1724 556 488
1744 535 1763 556 a
1785 530 1811 557 et
1834 534 1897 568 seq.

381 574 532 607 Omnium
553 575 743 607 Sanctorum
765 576 962 609 monasterio
980 576 1217 610 confirmantur
1239 577 1457 609 immunitates
1478 587 1591 610 omnes
1611 578 1650 611 ab
1669 578 1810 622 episcopi
1825 578 1938 611 Baren.

470 629 652 654 concessae.
677 620 769 663 eique
791 632 805 653 a
827 621 944 653 Calisto
966 622 988 654 ll
1011 622 1067 654 Pr.
1094 622 1248 654 nonnulla
1271 622 1330 654 ntia
1353 622 1471 655 dantur
1491 622 1668 665 privilegia,
1686 621 1750 654 :3:39
1772 623 1788 654 b
1809 629 1837 655 et
1859 632 1938 666 seq..

470 662 534 696 503
560 664 587 697 b.

381 717 605 751 Ordinationes
629 719 728 760 gratis
749 730 807 762 per
826 719 1021 753 simoniacos
1043 722 1161 757 lactan,
1189 721 1393 756 tolerandae.
1422 722 1476 753 scd
1500 721 1529 753 in
1552 727 1716 764 posterum
1739 731 1802 754 non
1825 720 1941 754 admit-

470 762 596 801 tendae,
620 762 662 795 023
684 764 711 796 b.
736 764 796 797 Per
815 765 933 798 saltum
956 775 1019 798 non
1041 771 1113 798 sunt
1136 765 1312 801 faciendae,
1337 765 1379 798 54
1400 766 1426 798 h.

380 815 460 849 Osca
479 815 588 849 civitas
609 827 667 860 per
686 817 814 850 Petrum
834 819 1015 861 Aragoniae
1036 829 1144 861 regem
1163 829 1180 851 a
1201 820 1435 853 Saracenorum
1456 820 1624 864 tyrannide
1645 819 1810 855 liberatur.
1833 817 1890 851 187
1908 829 1938 851 α.

471 860 666 905 Episcopalis
687 862 826 905 dignitas
847 863 874 896 ei
896 863 1075 896 restituitur
1093 875 1165 897 cum
1188 863 1434 897 confirmatione
1456 864 1628 899 bonorum,
1653 864 1733 896 ibid.

385 913 626 948 Osterhovensis
646 915 799 957 Ecclesia,
823 915 886 949 537
904 928 934 949 a.

381 966 454 1001 Otto
474 968 721 1011 Bambergensis
738 969 909 1014 episcopus
934 971 1073 1014 propriis
1095 972 1277 1015 sumptibus
1297 971 1328 1004 iu
1350 971 1488 1004 dioecesi
1509 982 1566 1004 sua
1597 971 1791 1005 monasteria
1813 972 1939 1011 fundat,

469 1012 535 1046 344
555 1013 582 1046 b.
608 1014 691 1047 llaec
710 1015 768 1047 sul»
790 1015 994 1059 Apostolicae
1013 1015 1104 1049 Sedis
1125 1017 1325 1060 protectione
1346 1016 1585 1060 suscipiuntur.
1609 1017 1689 1049 ibid.
1714 1016 1801 1049 Bona
1821 1016 1942 1050 eisdem

471 1057 716 1099 confirmantur,
738 1065 769 1093 et
789 1070 902 1093 eorum
924 1071 1002 1093 cura
1022 1060 1175 1105 episcopo
1196 1061 1424 1104 Bambergensi
1446 1061 1694 1101 demandantur,
1711 1060 1776 1094 345
1786 1071 1817 1098 α,
1831 1060 1897 1093 414
1909 1071 1939 1094 α.

471 1102 786 1181 Decretumcoll'itinet
809 1111 841 1137 ut
864 1105 894 1137 in
918 1105 1119 1138 monasteriis
1141 1106 1180 1138 ab
1202 1105 1270 1149 ipso
1292 1106 1432 1139 fundatis
1452 1105 1537 1139 idem
1558 1116 1686 1149 semper
1714 1106 1794 1139 ordo
1815 1115 1943 1138 conser-

472 1153 572 1185 vetur,
596 1147 660 1181 46)
705 1177 709 1181 .

381 1200 453 1234 Otto
474 1212 582 1235 comes
611 1202 773 1236 Palatinus
801 1203 974 1237 Ecclesiam
1007 1204 1036 1237 S.
1070 1204 1153 1237 Petri
1182 1204 1212 1238 in
1242 1205 1424 1239 ttndesdort
1451 1204 1661 1247 Frisingensis
1689 1203 1845 1237 dioecesis
1868 1214 1944 1237 con-

470 1246 574 1286 struit,
596 1245 659 1279 :367
680 1257 710 1280 a.

382 1297 454 1332 Otto
476 1299 726 1334 Constantiensis
743 1301 914 1346 episcopus
936 1309 1068 1347 propter
1095 1303 1347 1337 inobedientian·1
1370 1310 1397 1337 et
1422 1303 1632 1338 rebellionem
1650 1303 1834 1348 deponitur,
1859 1302 1943 1336 eius-

472 1355 535 1388 que
556 1345 660 1379 clerus
681 1352 712 1379 et
731 1347 872 1390 populus
892 1347 932 1380 ab
953 1347 1138 1381 obedientia
1158 1348 1186 1381 ei
1208 1349 1400 1392 praestanda
1417 1349 1603 1388 absolvitur,
1627 1347 1669 1381 73
1688 1359 1708 1382 a
1728 1353 1759 1382 et
1779 1348 1806 1380 b.

383 1396 491 1430 Ottoni
513 1398 552 1432 de
572 1399 680 1433 Castro
701 1399 799 1443 Iringi
820 1400 954 1434 facultas
974 1401 1069 1435 datur
1099 1402 1320 1436 aedificandae
1349 1402 1509 1436 Ecclesiae
1539 1403 1570 1436 in
1596 1402 1731 1446 praedio
1761 1411 1820 1435 suo
1851 1401 1942 1434 Puri-

472 1442 585 1485 bergh,
607 1449 636 1477 et
655 1445 863 1478 construendi
884 1446 1071 1480 monasterii
1091 1447 1151 1480 sub
1172 1447 1266 1481 certis
1287 1447 1540 1488 conditionibus,
1560 1445 1624 1480 318
1644 1457 1665 1480 a
1685 1453 1715 1480 et
1734 1447 1760 1479 b.

1146 1635 1185 1675 P

384 1793 470 1837 Pagii
493 1793 626 1827 iunioris
649 1794 760 1827 notitia
782 1795 821 1828 de
843 1795 1018 1838 diplomate
1038 1795 1244 1829 investiturae
1263 1795 1353 1838 regni
1374 1795 1499 1829 Siciliae
1519 1796 1657 1839 Rogerio
1678 1796 1769 1831 datae
1790 1797 1829 1831 ab
1850 1798 1944 1831 Inno-

474 1838 580 1872 centio
599 1839 624 1872 ΙΙ
642 1839 714 1878 ΡΡ.,
738 1838 803 1872 443
825 1840 852 1872 b.
882 1838 914 1872 V.
940 1845 1005 1874 not.
1031 1840 1071 1873 ad
1092 1840 1169 1874 calc.
1192 1840 1311 1874 colum.
1336 1841 1492 1875 eiusdem.

385 1891 619 1970 Palladii3cglla
642 1893 763 1926 Romae
795 1893 966 1927 abbatibus
992 1894 1234 1927 Cassinensibus
1263 1894 1293 1927 in
1326 1894 1503 1939 hospitium
1531 1895 1645 1935 datur,
1669 1895 1734 1928 184
1761 1896 1794 1936 b,
1818 1895 1883 1930 235
1903 1896 1941 1936 b,

474 1941 530 1969 ἔμ’
584 1965 589 1970 .
1510 1948 1512 1950 ’

386 1990 474 2023 Pallii
496 2001 572 2024 usus
593 1997 622 2024 et
644 1991 852 2034 significatio,
876 1991 974 2025 2831)
992 1998 1022 2026 et
1039 2003 1103 2037 seq.
1125 1992 1200 2026 Eius
1221 1993 1370 2036 dignitas,
1394 1993 1459 2027 333
1478 2004 1508 2027 α.

385 2044 544 2078 Pancratii
570 2045 630 2088 (S.)
651 2045 791 2079 Ecclesia
817 2046 847 2079 in
873 2046 1077 2080 Ronshoven.
1109 2047 1168 2080 sub
1223 2047 1398 2081 rotectione
1419 2047 1509 2082 Sedis
1535 2048 1738 2095 Apostolicae
1767 2048 1832 2082 reci
1858 2049 1941 2088 itur,

474 2089 607 2134 eiusque
637 2090 722 2123 bona
742 2091 850 2123 onmia
871 2091 1129 2129 confirmantur,
1153 2058 1218 2125 548
1237 2103 1258 2125 a
1275 2099 1302 2126 et
1325 2103 1389 2137 seq.
1414 2093 1609 2127 Dioecesano
1629 2094 1782 2138 episcopo
1802 2102 1838 2127 su
1864 2093 1945 2127 ieeta

475 2134 668 2175 declaratur,
689 2134 753 2167 6:37
779 2135 805 2168 Ιι.

386 2188 597 2230 Pannagium,
621 2188 698 2232 quid
719 2188 769 2226 sit.
794 2188 858 2222 665
878 2189 905 2222 l».
936 2190 969 2223 V.
994 2196 1060 2224 not.
1085 2191 1124 2224 ad
1146 2191 1266 2224 calcem
1286 2192 1403 2225 colum.
1430 2191 1584 2226 eiusdem.

387 2240 613 2274 Panormitana
633 2241 775 2274 Ecclesia
795 2253 812 2274 a
830 2242 1066 2276 Saracenorum
1089 2243 1238 2277 manilius
1258 2244 1428 2282 vindicata.
1453 2244 1516 2277 ι116
1537 2244 1563 2278 b.
1588 2245 1812 2279 Restituuntur
1830 2246 1859 2279 ei
1879 2246 1944 2280 sus-

478 2285 649 2328 sraganeae.
670 2286 846 2325 Ecclesiae,
869 2287 947 2320 ibid.
971 2287 1068 2331 Regia
1090 2288 1199 2322 onmia
1218 2289 1386 2332 privilegia
1417 2289 1653 2323 confirmantur
1667 2318 1674 2327 ,
1703 2289 1780 2323 ibid.
1804 2289 1944 2334 Eiusque

476 2338 740 2384 archiepiscopus
760 2340 858 2383 pallio
881 2347 1065 2377 exornatur,
1087 2342 1164 2375 ibid.
1190 2348 1218 2375 et
1243 2342 1253 2375 'l
1267 2342 1303 2375 17
1324 2354 1353 2376 a.
1378 2343 1618 2377 Confirmantur
1637 2344 1664 2377 ei
1686 2344 1770 2378 bona
1791 2350 1821 2377 et
1841 2344 1939 2388 privi-

477 2383 570 2426 legia,
593 2383 658 2417 332
679 2385 705 2417 Ι).

389 2437 535 2480 Papiensi
554 2438 706 2482 episcopo
724 2439 811 2483 pallii
834 2446 864 2473 et
884 2440 988 2474 crucis
1018 2451 1093 2474 usus
1120 2442 1344 2478 confirmatur.
1368 2441 1432 2475 ⁹2:38
1450 2441 1476 2474 b.
1500 2441 1741 2477 Confirmantur
1760 2452 1889 2486 quoque
1914 2443 1942 2475 ei

476 2482 616 2525 plurima
637 2483 700 2516 alia
720 2484 900 2527 privilegia,
925 2485 1001 2518 ibid.
1026 2491 1055 2518 et
1077 2496 1140 2528 seq.

388 2532 565 2568 Parisiense
586 2535 771 2575 concilium,
795 2535 860 2570 363
879 2548 910 2570 a.
1100 2566 1111 2574 ,

388 2586 575 2619 Parisiensis
596 2588 755 2623 Ecclesiae
776 2591 918 2634 capitulo
940 2592 1025 2625 bona
1045 2592 1168 2629 omnia,
1193 2593 1443 2627 consuetudines
1474 2604 1509 2627 ae
1536 2594 1711 2638 praecipue
1740 2593 1944 2644 praebendae

476 2631 507 2664 S.
530 2631 711 2666 Genovet'ae
730 2634 977 2676 confirmantur,
1006 2636 1070 2669 742
1090 2636 1116 2670 b.
1141 2637 1311 2671 Decretum
1332 2648 1521 2672 eoncessum
1539 2648 1599 2682 pro
1619 2638 1792 2671 residentia
1813 2637 1943 2672 cartoni-

479 2685 590 2707 corum
614 2676 859 2715 forinsecorum,
885 2678 948 2712 745
968 2680 994 2713 b.
