2180 3205
34 247 80 274 Aa.
101 246 120 273 C
152 247 215 273 tt5'i

43 2249 178 2273 manentis

15 2281 116 2334 tantu
130 2282 201 2308 ‹ngui-

831 249 1021 272 ANASTASH'S
1048 250 1081 271 tv

1110 250 1158 272 ΙΨ.
1654 238 1717 271 621
1793 247 1838 272 An.
1859 246 1884 272 C.
1909 247 1970 272 tim

231 309 392 357 iniquitate
431 318 622 356 cognoscat,
662 318 691 344 el
718 322 734 344 a
769 309 980 343 sacratissimo
1021 304 1120 339 (livini
1150 306 1289 340 intineris
1321 306 1460 353 iargilale
1488 306 1568 341 beati
1596 305 1679 340 Petri
1713 317 1773 339 ea-

228 362 368 410 Corpore
390 376 425 398 ac
450 363 611 410 Sanguine
636 365 692 399 Dei
712 373 741 398 ei
768 363 894 398 Domini
914 363 980 398 Re-
1021 358 1164 393 tiiedram
1201 368 1382 399 tenuerunt,
1414 360 1639 395 monasterium
1668 359 1770 406 ipsuin
1933 371 1946 385 ⁰

226 416 400 465 demptoris
427 418 524 453 nostri
552 418 620 453 lesu
648 418 763 453 Christi
792 418 890 451 aliena
915 417 978 460 iiat,

225 479 317 518 atque
333 471 363 505 in
379 479 520 506 extremo
533 472 676 506 examine
693 471 851 506 districtae
865 470 976 504 ultioni

223 525 393 560 subiaceat.
421 525 553 561 Cunctis
575 533 677 560 autem
705 525 807 558 eidem
832 525 899 557 ioco
921 536 976 558 sua

224 579 288 613 iura
323 580 521 614 servantibus
554 580 593 614 sit
625 592 681 626 pax
718 578 844 614 Domini
879 578 974 612 nostri

223 632 291 667 lesu
327 633 465 677 Christi,
500 642 656 681 quatenus
685 642 715 668 et
753 633 804 667 iiic
839 632 973 667 fructum

222 686 322 722 bonae
342 687 476 722 actionis
498 687 690 735 percipiant.
714 695 744 721 et
765 686 847 734 apud
864 686 973 720 distri-

220 749 305 775 ctum
329 741 467 776 Iudicem
491 742 628 788 praemia
651 749 795 776 aeternae
824 741 907 788 pacis
930 741 974 775 in-

220 795 355 829 veniant.
385 796 497 835 Amen,
519 807 623 834 amen,
645 807 749 830 amen.

268 848 381 884 Datum
415 849 560 884 Laterani
595 862 650 897 per
676 862 803 884 manum
833 849 966 884 Rolandi

218 902 252 936 S.
277 901 313 937 R.
342 902 378 937 E.
404 903 575 951 presbytcri
599 903 768 938 cardinalis
788 914 816 939 et
838 904 969 938 cancel—

218 955 298 1000 larii,
312 969 361 991 xii
381 956 504 992 kalend.
523 957 713 997 novembris,
731 958 902 992 indictione
918 970 968 997 ιιι,

219 1011 441 1046 incarnationis
480 1011 657 1046 dominicae
684 1024 802 1053 nour,
836 1012 969 1059 pontiti-

217 1074 306 1100 catus
327 1065 434 1100 domui
458 1066 613 1100 Anastasii
642 1066 681 1099 tv
703 1078 784 1100 anno
808 1078 843 1100 ιι.

252 1122 313 1154 Dat.
331 1124 379 1154 die
401 1123 434 1153 ⁹21
461 1123 590 1153 octobris
612 1133 687 1153 anno
711 1123 825 1153 Domini
849 1124 931 1154 1¹5¹».

465 1168 567 1208 pontif.
590 1177 665 1198 anno
693 1177 722 1198 ιι.

548 1349 631 1385 xvi.

217 1422 392 1457 Cassinensi
420 1424 560 1456 coenobio
582 1424 805 1468 confirmantur
830 1423 966 1456 ecclesiae

263 1488 283 1510 a
320 1477 474 1511 Verulano
505 1484 531 1510 et
566 1479 733 1521 Anaqm'no
768 1478 913 1522 episcopis
939 1479 968 1510 ei

262 1532 405 1570 donatae,
439 1538 466 1565 et
492 1539 613 1565 tantum
645 1539 742 1565 terrae
765 1533 793 1564 in
818 1532 965 1565 Pulliuno

262 1586 416 1619 territorio
452 1587 619 1631 Anaynino
654 1588 782 1623 dantur,
816 1593 964 1630 quantum

264 1640 380 1673 duobus
403 1641 535 1685 paribus
557 1642 667 1674 bonum
691 1641 852 1673 annuatim
874 1641 963 1685 suffi-

262 1706 324 1728 cere
345 1695 449 1728 debeat
475 1695 517 1727 ad
542 1695 694 1727 arandum
720 1696 780 1737 (l).

481 1764 695 1794 Smntatut'ii

212 1830 397 1862 Cassinensis
432 1830 566 1860 coenobii
603 1830 740 1869 dignitas.
775 1847 814 1852 —
845 1830 964 1861 Donatio

255 1875 301 1914 (de
325 1885 376 1914 qua
404 1875 432 1904 in
455 1875 588 1913 rubi-ica),
610 1884 685 1914 quae
703 1875 904 1904 confirmatur.
926 1893 965 1898 —

252 1919 408 1950 Decretum
421 1919 758 1956 iinmuniiaiis‚a‹tieciis
775 1920 870 1950 solitis
887 1920 964 1950 clau-

253 1963 338 1994 sniis.

213 2030 374 2059 Anastasius
385 2031 526 2067 episcopus
541 2039 635 2060 servus
646 2039 784 2060 servorum
800 2033 855 2066 Dei,
867 2034 966 2062 dilecto

257 2079 314 2108 filio
330 2080 459 2108 Rainaldo
471 2081 497 2108 S.
511 2081 643 2109 Romanae
656 2081 789 2110 Ecclesiae
806 2084 966 2118 presbytero

258 2129 392 2158 cardinali
411 2131 440 2158 et
460 2130 614 2158 cassinensi
625 2131 728 2163 abbati.
743 2131 852 2167 eiusque
867 2131 964 2160 fratri·

257 2179 317 2212 bus,
337 2179 454 2208 salutem
485 2181 513 2208 et
540 2180 717 2216 apostolicam
742 2181 964 2210 benedictionem.

263 2242 348 2277 luter
373 2244 535 2278 universas
561 2243 722 2279 Ecclesias
749 2245 836 2279 orbis
857 2245 965 2279 Cassi-

213 2309 312 2332 nense
345 2296 532 2332 coenobium
561 2298 760 2344 Apostolicae
783 2298 857 2333 Sedi
886 2307 965 2333 tam-

213 2363 307 2398 quam
324 2351 460 2398 speciale
478 2352 652 2386 membrum
669 2364 792 2399 semper
806 2352 963 2394 adhaesit3

213 2412 245 2440 et
265 2405 347 2440 sicut
373 2405 402 2440 ei
436 2406 537 2439 extitit
563 2407 719 2440 vicinitate
746 2406 804 2440 lori
835 2408 965 2454 propin-

213 2471 326 2506 quum,
358 2461 396 2494 iia
435 2472 503 2494 eam
531 2460 653 2495 devotis
679 2459 799 2494 studuit
830 2462 964 2496 servitiis

213 2511 423 2560 frequentare.
448 2512 539 2548 Unde
565 2522 596 2548 et
617 2513 661 2555 hi,
683 2515 736 2561 qui
761 2525 831 2549 ante
854 2527 911 2550 nos
926 2528 963 2551 ex

249 2590 289 2626 (1)
309 2592 347 2618 Ex
363 2592 482 2627 originaii
497 2592 579 2620 edidit
594 2593 711 2626 Gamala,
731 2595 796 2621 Hist.
814 2594 961 2628 Cassinen.,

214 2643 283 2663 saec.
303 2644 350 2664 vn.

1019 412 1145 447 sincero
1168 413 1344 448 dilexerunt
1373 414 1498 455 affectu,
1526 422 1557 449 et
1590 414 1772 462 temporali-

1019 464 1078 499 bus
1112 479 1148 500 ac
1183 467 1400 512 spiritualibus
1433 468 1594 503 beneficiis
1619 468 1770 516 ampliare

1018 518 1094 554 iliud
1125 521 1238 566 iugiter
1265 522 1470 562 studuerunt3
1501 523 1540 557 ita
1574 523 1701 570 quidem
1731 523 1769 558 de

1016 573 1117 619 ipsius
1152 586 1321 621 augmento
1344 589 1376 610 se
1405 576 1544 611 solicitos
1570 577 1767 622 exhibentes,

1015 635 1047 662 ut
1070 628 1178 663 studio
1200 641 1308 663 eorum
1333 638 1362 663 et
1385 642 1480 676 opere
1501 638 1529 664 et
1549 642 1627 665 nova
1642 643 1768 678 semper

1014 681 1207 717 incrementa
1232 684 1418 730 perciperet,
1441 692 1470 718 et
1494 693 1639 732 percepta
1664 686 1765 720 firmi-

1013 743 1059 771 ter
1081 746 1291 772 conservaret.
1319 738 1462 779 Quorum
1487 739 1634 774 nimirum
1657 748 1685 775 et
1707 753 1764 776 nos

1011 791 1139 837 vestigia
1163 804 1235 838 erga
1265 792 1344 826 beati
1374 793 1554 833 Benedicti,
1588 802 1617 828 et
1645 794 1762 830 Eccle-

1010 844 1074 879 siae
1100 858 1176 880 suae
1204 847 1409 888 reverentiam
1446 847 1623 892 imitantes,
1660 849 1762 884 eccle-

1009 899 1086 934 siam
1115 899 1148 934 S.
1178 899 1288 935 luiiani
1311 901 1403 936 sitam
1440 901 1470 936 in
1499 903 1656 937 territorio
1684 903 1762 940 Fre-

1009 953 1139 988 senonis
1164 966 1236 989 cum
1260 955 1459 1002 pertinentiis
1491 957 1568 997 suis,
1591 969 1684 1004 quam
1709 973 1762 994 ve—

1009 1007 1159 1043 nerabilis
1180 1007 1274 1044 frater
1302 1018 1408 1044 noster
1430 1009 1493 1045 Leo
1520 1011 1710 1054 Verulanus‚
1731 1023 1761 1048 et

1008 1061 1173 1097 ecclesiam
1197 1062 1230 1098 S.
1259 1063 1404 1099 Caesarei
1432 1065 1524 1100 sitam
1553 1066 1582 1100 in
1606 1067 1760 1103 suburbio

1007 1121 1173 1167 Anagnino
1195 1135 1288 1169 supra
1317 1123 1434 1157 Lacum
1458 1122 1640 1168 Claranum,
1665 1138 1758 1173 quain

1008 1178 1100 1214 frater
1144 1189 1248 1215 noster
1296 1181 1500 1217 Eleutherius
1546 1183 1756 1231 ¹anagninus,

1006 1238 1169 1286 episcopi,
1206 1239 1296 1274 vobis
1338 1242 1454 1276 nostris
1501 1243 1648 1290 precibus
1691 1258 1759 1280 me-

1006 1296 1165 1332 diantibus
1182 1308 1419 1345 concesseruut,
1442 1303 1632 1337 monasterio
1657 1313 1758 1340 restro

1005 1357 1188 1393 auctoritate
1223 1360 1395 1406 apostolica
1438 1361 1685 1403 confirmamus,
1727 1373 1757 1399 et

1006 1424 1157 1463 perpetuo
1191 1417 1279 1452 vobis
1312 1419 1488 1466 vestrisque
1519 1422 1756 1458 successoribus

1005 1475 1088 1510 iuxta
1111 1477 1349 1512 concessionem
1381 1490 1488 1513 eorum
1518 1479 1650 1515 illibatas
1684 1494 1756 1528 per-

1005 1546 1131 1570 manere
1152 1536 1320 1570 sancimus.
1351 1537 1447 1572 Alteri
1477 1550 1608 1584 quarum
1636 1540 1755 1574 Eccie-

1004 1593 1132 1635 siarum,
1147 1595 1308 1630 Ecclesiae
1328 1596 1470 1632 videlicet
1488 1597 1595 1633 Sancti
1615 1599 1752 1636 Caesarii

1800 749 1887 771 Donati*
1907 754 1941 772 ..⁴12

1779 788 1803 807 qn
1813 790 1816 799 i
1827 788 1846 801 in
1858 782 1927 802 rubrir
1937 787 1962 808 i),

1778 818 1830 837 rin-e
1848 815 1934 833 contirm
1943 822 1961 833 ι-

1777 845 1817 863 iiii.

1004 1653 1220 1698 concedimus,
1244 1663 1273 1689 et
1303 1657 1476 1702 praesentis
1502 1657 1610 1704 scripti
1640 1660 1753 1705 pagina

1004 1712 1240 1750 confirmamus.
1264 1722 1383 1749 tantum
1409 1724 1507 1750 terrae
1531 1717 1560 1750 in
1595 1717 1752 1757 Puiiiano,

1004 1779 1155 1817 quantum
1184 1772 1307 1807 'duobus
1324 1774 1452 1820 paribus
1475 1774 1567 1809 boum
1592 1778 1751 1812 annuatim

1005 1830 1115 1865 debeat
1142 1830 1284 1866 sufficere
1310 1832 1347 1866 ad
1377 1833 1542 1867 arandum.
1572 1835 1653 1870 Nulli
1678 1850 1752 1884 ergo

1782 1850 1891 1870 Decretum
1911 1857 1936 1870 un

1767 1883 1881 1904 munitatis.
1900 1883 1949 1901 iilam

1767 1914 1806 1932 cti>
1816 1913 1883 1932 salitis
1895 1912 1939 1932 riiz.

1767 1943 1825 1963 sniis.

1005 1890 1134 1923 omnino
1170 1890 1332 1924 hominum
1374 1891 1480 1933 liceat,
1519 1892 1600 1927 haue
1628 1903 1750 1930 nostrae

1005 1947 1252 1983 confirmationis
1288 1949 1433 1995 paginam
1474 1953 1639 1986 temerario
1672 1966 1750 1989 ausu

1005 2006 1186 2052 iusi-ingere,
1222 2008 1266 2041 vet
1298 2008 1324 2042 ei
1360 2011 1616 2056 praesumptione
1647 2013 1752 2060 aliqua

1005 2064 1170 2099 contraire.
1198 2064 1232 2100 Si
1269 2065 1339 2112 quis
1371 2075 1474 2100 autem
1510 2067 1539 2101 id
1567 2077 1752 2117 attemptare

1006 2123 1267 2169 praesumpserit,
1289 2124 1429 2158 secundo
1458 2126 1585 2161 tertiove
1607 2140 1751 2164 eornmo—

1006 2181 1100 2220 nitus,
1127 2181 1186 2215 nisi
1215 2189 1333 2215 reatuin
1357 2194 1450 2216 suum
1473 2195 1610 2230 congrua
1634 2189 1753 2223 satisfa-

1005 2240 1106 2274 ctione
1133 2241 1314 2279 correxerit,
1343 2241 1588 2287 indignationem
1605 2248 1752 2294 omnipo-

1005 2298 1098 2332 tentis
1135 2297 1201 2338 Dei,
1233 2307 1263 2332 et
1290 2298 1452 2335 beatorum
1481 2301 1564 2337 Petri
1597 2313 1625 2339 et
1660 2305 1749 2341 Pauli

1004 2358 1216 2404 apostotorum
1250 2358 1317 2393 eius
1346 2360 1494 2402 incurrat,
1516 2370 1609 2409 atque
1637 2363 1665 2397 in
1694 2377 1752 2399 ex-

1006 2424 1104 2450 tremo
1118 2416 1261 2451 examine
1274 2416 1433 2452 districtae
1450 2418 1559 2454 ultioni
1579 2421 1749 2457 subiaceat.

1053 2475 1166 2509 Datum
1196 2474 1314 2509 Romae
1345 2477 1427 2523 apud
1458 2476 1492 2511 S.
1520 2477 1648 2514 Mariam
1679 2480 1751 2516 Ro-

1005 2533 1146 2578 tundam,
1170 2547 1192 2568 ιι
1217 2534 1276 2569 kal.
1302 2536 1493 2571 novembris.

1041 2590 1102 2621 Dat.
1126 2591 1173 2622 die
1195 2592 1228 2622 31
1255 2594 1383 2622 octobris
1401 2603 1478 2623 anno
1491 2593 1605 2625 Domini
1628 2597 1710 2634 1154,

1251 2639 1355 2677 pontif.
1376 2648 1452 2669 anno
1474 2648 1494 2669 11
