2180 3205
175 226 222 252 An.
243 225 271 251 C.
289 225 357 251 1¹35

191 712 344 731 liswimationes

179 745 182 763 i
201 749 234 761 su<
252 743 361 767 episcopa-

265 780 298 799 «φ.
314 773 360 792 sine

194 810 267 824 ,vettius
284 808 361 829 porso-

178 844 181 852 =
206 842 216 855 ,ἱ
232 835 312 855 laicalis
325 836 360 854 in-

178 873 181 887 t
194 876 205 879 >·
214 871 276 886 ventu
291 866 360 886 admi-

178 899 261 918 mutari
278 897 358 917 statuit.

202 1097 271 1120 tuos,
296 1101 348 1123 quae

181 1129 268 1148 <phin-le
312 1127 362 1147 oriri

181 1162 286 1186 interant,
295 1158 364 1178 ecete-

181 1198 188 1206 κ
205 1191 266 1209 istic-1
284 1192 363 1208 tantuin

181 1223 258 1241 rust-io
281 1221 363 1240 deliniri

181 1252 246 1273 iubet.

204 1425 344 1446 Eoi-testarum

183 1463 233 1477 vero
280 1455 366 1482 paroch.

184 1495 254 1509 ruram
277 1487 367 1514 presby-

184 1525 187 1539 t
200 1517 368 1544 ›risaregutari-

184 1552 221 1570 ton<
265 1549 368 1575 eligendis

185 1587 223 1607 per
243 1579 310 1599 solum
326 1579 369 1605 epi-

185 1617 272 1638 conpum
288 1615 369 1630 conce—

185 1641 368 1664 ‹t;i.ni>im‹·1mchi

186 1673 272 1699 -peciali
297 1672 371 1692 (ruau-

186 1709 219 1724 tnr
235 1704 296 1723 Sedis
312 1704 371 1730 Apo-

187 1737 275 1756 stutime
304 1736 372 1762 priri-

188 1768 250 1793 legio.

204 1970 316 1989 Rubor-atio
335 1969 374 1989 dc·-

192 2002 244 2021 rreti
261 2001 333 2025 huius;

211 2403 290 2422 &alitae
306 2401 365 2421 clau-

258 2429 323 2449 sulae.

423 215 491 245 592

373 279 435 322 tiis,
446 286 580 313 castrum
593 272 864 318 Summae—Ripae
879 283 949 305 cum
965 270 1031 304 suis
1050 282 1120 316 per-

372 332 523 371 tinentiis,
554 329 753 364 Caiarascum
777 339 848 361 cum
881 324 1029 359 omuibus
1056 323 1121 358 suis

373 385 580 433 pertiuentiis,
602 392 750 425 castrum,
777 379 860 427 quod
895 378 1009 413 dicitur
1033 377 1122 411 titon-

372 440 485 479 taldus,
512 438 693 473 comitatum
717 444 747 470 et
776 441 939 480 receptum
970 430 1121 474 Pollensi,

372 495 553 529 comitatum
576 491 710 527 civitatis
738 498 768 525 et
799 489 896 523 totius
923 487 1122 535 episcopatus

373 562 444 584 cum
469 546 602 594 publicis
630 543 856 583 functionibus,
891 551 921 578 et
948 553 1028 589 quae
1062 541 1122 574 lar-

373 603 490 649 gitione
531 601 755 647 imperatorum
798 597 922 633 astensi
965 594 1123 629 Ecclesiae

374 655 601 692 rationabiliter
627 653 736 689 collata
752 664 820 687 csse
845 658 1027 685 noscuntur.
1047 648 1125 682 San-

375 712 474 746 cimus
501 717 672 756 praeterea,
700 715 731 741 ut
761 718 871 741 omnes
899 703 1124 739 decimationes

377 765 468 800 vestri
491 764 703 811 episcopatus,
730 761 868 807 exceptis
902 760 950 803 iis,
977 770 1056 805 quae
1087 756 1125 789 ‹le

375 818 536 855 laboribus
551 817 628 857 suis,
653 828 734 863 quos
757 814 893 863 propriis
917 812 1062 847 manibus
1078 810 1123 845 vel

375 873 555 921 sumptibus
596 870 763 910 excolunt,
792 867 955 903 monachis
990 879 1005 901 a
1042 865 1126 900 Sede

375 927 558 976 Apostolica
585 925 724 960 indultae
751 931 836 964 sunt,
871 921 1044 957 secundum
1075 933 1127 955 sa-

375 995 500 1018 crorum
536 993 694 1016 canonum
727 979 868 1013 instituta
895 977 964 1012 sine
993 975 1127 1010 alicuius

376 1035 624 1072 contradictione
643 1035 675 1068 in
692 1042 791 1067 vestra
819 1031 1027 1078 dispositione
1049 1041 1127 1064 con-

377 1092 498 1126 sistant.
522 1089 615 1131 Quod
646 1089 672 1123 si
696 1086 809 1122 feudali
832 1083 1062 1120 consuetudine
1089 1083 1128 1117 ‹le

378 1146 509 1181 decimis
532 1145 602 1178 lites
616 1141 813 1185 emerserint,
835 1139 1049 1174 ecclesiastico
1065 1147 1129 1172 tan-

378 1208 442 1234 tum
473 1198 589 1233 iudicio
621 1197 839 1232 terminentur.
863 1194 968 1228 Liceat
1001 1205 1128 1239 quoque

380 1254 478 1297 vohis,
496 1253 685 1296 exactiones,
698 1263 778 1298 quae
793 1250 851 1284 sub
866 1256 1026 1296 praetextu
1044 1247 1127 1282 feudi

381 1308 426 1344 rel
449 1308 506 1343 alia
523 1307 687 1342 occasione
709 1306 738 1339 in
756 1303 897 1339 ecclesiis
914 1302 994 1337 fiunt
1011 1314 1027 1336 a
1041 1301 1129 1336 laicis

381 1375 551 1398 removere.
572 1360 605 1395 ln
631 1359 860 1407 parochialibus
882 1370 954 1392 vero
977 1357 1127 1395 ecclesiis,

381 1430 458 1466 quas
486 1417 515 1450 in
551 1423 653 1450 restro
687 1414 869 1461 episcopatu
906 1412 1049 1446 monachi
1073 1424 1128 1446 seu

383 1472 539 1518 regulares
561 1469 702 1505 canonici
728 1474 845 1510 tenent,
862 1467 946 1501 iuxta
969 1465 1129 1501 decretum

384 1524 635 1572 praedecessoris
677 1522 771 1557 nostri
813 1516 913 1555 felicis
960 1521 1131 1556 memoriae

383 1582 487 1628 Papae
508 1579 626 1615 Urbani
657 1577 856 1626 presbyteros
883 1574 1011 1621 eligant7
1034 1583 1064 1609 et
1084 1587 1133 1610 ro-

386 1636 433 1670 bis
456 1641 666 1682 praesentent,
688 1631 815 1679 quibus,
834 1630 859 1664 si
884 1629 989 1665 idonci
1006 1628 1132 1674 suerint,

386 1690 559 1724 animarum
576 1699 681 1722 curam
709 1698 762 1720 ros
784 1684 903 1719 debetis
917 1684 1131 1724 committere;

343 1781 349 1786 ,
388 1753 418 1778 nt
440 1744 478 1778 de
502 1742 602 1790 plebis
628 1740 756 1788 quidem
780 1750 854 1774 cura
883 1737 971 1772 vobis
999 1750 1134 1784 respon-

386 1799 491 1837 deant,
523 1798 568 1831 eis
603 1808 673 1830 vero
709 1807 764 1842 pro
792 1792 886 1827 rebus
908 1792 1136 1840 temporalibus

387 1853 424 1888 ad
447 1863 555 1887 eorum
576 1850 641 1885 loca
659 1847 890 1896 pertinentibus
911 1846 1039 1893 dignam
1059 1847 1136 1881 sub-

389 1907 553 1942 iectionem
569 1903 752 1939 exhibeant:
773 1901 858 1936 salvo
881 1901 1030 1935 nimirum
1048 1901 1137 1948 Apo-

388 1961 518 1996 stolicae
533 1958 625 1993 Sedis
649 1956 822 2004 privilegio.
839 1955 1048 1990 Decernimus
1063 1968 1137 2002 ergo

391 2024 423 2050 ut
437 2015 511 2049 nulli
525 2013 656 2048 omnino
670 2011 833 2046 hominum
849 2009 952 2050 liceat,
968 2009 1136 2056 praefatam

390 2069 562 2104 Ecclesiam
595 2075 712 2101 temere
747 2063 947 2112 perturbare,
974 2071 1027 2098 aut
1072 2063 1139 2098 eius

391 2123 608 2172 possessiones
628 2120 761 2158 auferre,
789 2119 834 2153 vel
853 2117 970 2152 ablatas
994 2116 1139 2157 retinere,

391 2179 554 2214 minuere,
589 2184 641 2210 aut
667 2173 824 2221 aliquibus
852 2171 1069 2207 vexationibus
1088 2171 1141 2206 fa-

392 2234 504 2279 tigare,
531 2231 586 2266 sed
607 2228 712 2264 omnia
748 2228 866 2273 integra
897 2233 1140 2267 conserventur,

394 2299 514 2330 eorum,
537 2297 592 2332 pro
614 2295 749 2331 quorum
776 2279 1006 2327 gubernatione
1027 2287 1057 2313 et
1071 2278 1144 2313 sub-

395 2339 581 2375 stentatione
612 2349 760 2373 concessa
800 2342 890 2375 sunt,
925 2334 1035 2369 usibus
1073 2345 1144 2367 om-

396 2395 470 2428 nino
498 2392 673 2439 profutura:
708 2391 731 2424 si
768 2401 828 2437 qua
858 2389 953 2435 igitur
990 2389 1020 2422 in
1058 2387 1146 2422 futu-

399 2460 465 2482 rum
499 2445 707 2481 ecclesiastica
743 2443 952 2478 saecularisve
989 2453 1145 2489 persona,

396 2501 478 2536 hane
489 2509 611 2535 nostrae
625 2498 856 2534 constitutionis
870 2497 1014 2544 paginam
1030 2496 1146 2539 sciens,

399 2564 506 2591 contra
550 2567 617 2589 eam
663 2562 778 2588 temere
819 2552 925 2586 venire
962 2549 1146 2590 tentaverit,

399 2609 539 2646 secundo
561 2608 689 2644 tertiove
713 2605 915 2650 commonita,
944 2604 969 2639 si
1001 2616 1062 2638 non
1090 2615 1148 2638 sa·-

957 213 1143 238 nt‘1.t..-ttttt'.u
1172 212 1262 235 ROMA
1268 211 1334 234 Nt‘M

1162 266 1337 301 tisl'actione
1373 276 1510 309 congrua
1553 262 1790 303 emendaverit,
1821 269 1910 309 pote-

1161 320 1250 355 statis
1283 319 1475 365 honorisque
1513 318 1561 352 sui
1605 317 1756 363 dignitate
1787 325 1911 358 careat,

1163 385 1311 420 reamque
1336 386 1370 408 se
1407 372 1512 407 divino
1549 371 1666 406 iudicio
1702 371 1835 405 existere
1872 369 1912 404 de

1164 436 1338 475 perpetrata
1367 426 1529 473 iniquitate
1562 433 1745 471 cognoscat,
1767 433 1798 458 et
1824 437 1839 458 a
1861 436 1912 458 sa-

1163 483 1338 517 cratissimo
1364 481 1506 528 Corpore
1540 492 1576 514 ac
1602 478 1764 525 Sanguine
1794 478 1850 513 Dei
1878 491 1913 513 ac

1165 536 1385 583 Redemptoris
1417 534 1514 570 nostri
1548 534 1619 568 Iesu
1658 532 1775 568 Christi
1813 533 1912 567 aliena

1165 592 1216 626 fiat
1233 620 1240 632 ,
1284 599 1377 638 atque
1419 590 1448 624 in
1491 597 1630 623 extremo
1677 588 1820 623 examine
1865 587 1914 620 di-

1164 647 1290 680 strictae
1318 644 1428 679 ultioni
1462 642 1636 682 subiaceat3
1663 641 1786 676 cunctis
1809 649 1912 675 autem

1165 700 1267 735 eidem
1308 699 1377 734 loco
1417 699 1497 732 iusta
1536 695 1736 731 servantibus
1777 696 1817 730 sit
1856 707 1913 742 pax

1166 754 1292 789 Domini
1316 753 1413 789 nostri
1450 752 1517 786 lesu
1541 750 1677 790 Christi,
1707 758 1863 797 qnatenus
1885 759 1916 784 et

1167 808 1218 842 liic
1240 807 1375 842 fructum
1398 807 1496 841 bonae
1519 805 1652 840 actionis
1675 804 1859 852 percipiant,
1885 812 1916 838 et

1167 862 1249 910 apud
1273 862 1446 897 districtum
1461 860 1601 895 Iudicem
1619 859 1755 906 praemia
1771 867 1915 894 aeternae

1168 916 1253 963 pacis
1275 915 1443 950 inveniant.
1466 914 1581 957 Amen,
1608 925 1711 957 amen,
1738 925 1841 948 amen.

1216 970 1288 1005 Eoo
1311 970 1476 1006 Euoenius
1490 967 1662 1003 catholicae
1677 967 1834 1002 Ecclesiae
1853 965 1917 1012 epi-

1169 1037 1293 1071 scopus.

1217 1078 1284 1126 Ego
1322 1077 1489 1114 Conradus
1522 1076 1708 1111 Sabinensis
1747 1075 1918 1122 episcopus

1168 1133 1352 1180 subscripsi.

1219 1187 1286 1233 Ego
1307 1186 1382 1221 Otto
1403 1186 1484 1221 diac.
1507 1185 1589 1220 card.
1613 1184 1647 1219 S.
1666 1183 1795 1230 Georgii
1809 1182 1848 1218 ad
1865 1182 1921 1218 Ve-

1170 1241 1234 1275 lum
1257 1242 1395 1276 Aureum
1410 1253 1452 1275 ss.

1219 1295 1286 1340 Ego
1314 1295 1448 1329 loannes
1473 1293 1674 1329 Tusculanus
1699 1293 1796 1340 episc.
1813 1291 1919 1327 subsc.

1221 1349 1287 1394 Ego
1313 1348 1418 1383 Guido
1445 1348 1599 1384 diaconns
1625 1347 1708 1382 card.
1744 1347 1778 1382 S.
1806 1346 1921 1381 Mariae

1172 1403 1202 1437 in
1226 1403 1353 1437 Porticu
1376 1415 1419 1438 ss.

1222 1457 1290 1504 Ego
1311 1456 1386 1492 Otto
1402 1457 1481 1492 diac.
1505 1457 1590 1492 card.
1612 1456 1646 1492 S.
1663 1456 1780 1491 Nicolai
1797 1455 1827 1490 in
1843 1454 1922 1490 Car-

1172 1524 1243 1547 cere
1270 1511 1416 1546 Tulliano
1442 1524 1483 1546 ss.

1222 1566 1289 1612 Ego
1311 1566 1404 1613 Hugo
1425 1566 1583 1600 Ostiensis
1605 1566 1773 1612 episcopus
1793 1577 1835 1600 ss.

1223 1625 1290 1671 Ego
1312 1625 1381 1660 GG.
1406 1624 1510 1672 presb.
1533 1625 1617 1659 card.
1631 1625 1678 1658 tit.
1693 1624 1728 1659 S.
1744 1623 1865 1659 Callisti
1881 1636 1923 1658 ss,

1224 1684 1292 1731 Ego
1319 1683 1424 1719 Guido
1448 1683 1552 1730 presb.
1584 1683 1752 1718 cardinalis
1779 1683 1858 1718 tituli
1887 1683 1924 1717 R.

1175 1742 1288 1790 Chrys.
1311 1756 1352 1777 ss.

1226 1801 1294 1847 Ego
1321 1800 1464 1837 Ubaldus
1488 1802 1648 1850 presbyter
1674 1802 1757 1837 card.
1787 1802 1820 1838 S.
1850 1802 1927 1838 Pra-

1177 1860 1263 1894 xedis
1285 1860 1389 1894 subsc.

1227 1918 1294 1965 Ego
1315 1919 1498 1954 Mansredus
1531 1920 1634 1967 presb.
1657 1920 1823 1955 cardinalis
1848 1920 1926 1954 tituli

1178 1978 1211 2013 S.
1240 1977 1376 2012 Sabinae
1399 1990 1441 2012 ss.

1228 2037 1297 2083 Ego
1312 2037 1478 2072 Aribertus
1494 2038 1597 2085 presb.
1621 2039 1705 2073 card.
1726 2039 1770 2073 tit.
1793 2038 1827 2074 S.
1845 2039 1930 2073 Ana-

1180 2096 1293 2131 stasiae
1321 2095 1426 2130 subse.

1229 2155 1295 2202 Ego
1306 2182 1385 2189 .....
1415 2154 1518 2202 presb.
1542 2154 1711 2190 cardinalis
1739 2156 1785 2190 tit.
1813 2155 1847 2190 S.
1872 2155 1931 2190 Pa-

1182 2223 1275 2250 storis
1299 2227 1340 2249 ss.

1232 2273 1346 2308 Datum
1367 2271 1503 2307 -Romae
1531 2271 1613 2320 apud
1647 2271 1681 2307 S.
1716 2271 1844 2307 Petrum
1879 2283 1934 2319 per

1184 2344 1313 2367 manum
1342 2331 1480 2367 Rolandi
1509 2331 1678 2379 presbyteri
1705 2330 1872 2366 cardinalis
1898 2342 1933 2365 ac

1185 2391 1375 2432 cancellarii,
1402 2402 1468 2425 xm
1492 2390 1552 2425 kal.
1586 2390 1675 2431 iunii,
1698 2389 1804 2424 indict.
1833 2402 1856 2428 r,
1885 2389 1935 2423 in·

1186 2464 1270 2487 carn.
1289 2451 1381 2486 Dom.
1398 2463 1479 2485 anno
1494 2461 1610 2488 arcun.
1626 2449 1665 2483 D.
1680 2448 1814 2496 Eugenii
1832 2448 1934 2495 Papae

1187 2522 1270 2544 ssssssO
1297 2522 1340 2544 lx.

1248 2566 1310 2597 Dat.
1335 2566 1382 2596 die
1406 2566 1438 2596 lt')
1457 2565 1537 2603 maii,
1555 2574 1631 2595 anno
1652 2563 1767 2593 Domini
1793 2563 1876 2601 1153,

1447 2616 1525 2650 pont.
1547 2618 1624 2640 anno
1641 2617 1678 2638 rx.

1924 206 1973 232 An.
1991 204 2018 232 C.
2041 206 2105 233 1¹55

1952 980 2038 1007 augenti
2055 979 2086 1000 ΙΨ

1933 1091 1954 1108 et
1967 1086 1989 1107 S.
2004 1085 2027 1106 R.
2043 1085 2114 1106 Eccle-

1933 1119 1978 1139 siae
2016 1117 2115 1137 cardina-

1934 1149 1983 1169 tium
2020 1147 2115 1168 subscri—

1934 1180 2026 1207 prienes.
