2180 3205
192 264 238 288 An.
257 264 286 290 C.
307 263 371 289 lton

221 965 338 986 Exordium.

200 1216 330 1242 SJracusaua
340 1214 377 1235 Ec-

194 1248 258 1268 clesia
279 1246 318 1266 soli
334 1245 376 1266 Ro-

194 1285 266 1299 manae
275 1277 377 1299 sedime-

195 1310 297 1336 tropolico
331 1310 375 1329 iure

194 1341 302 1365 subiecta;

209 1610 249 1630 Sub
285 1609 378 1629 eiusdem

197 1641 329 1667 protectione
343 1645 379 1659 su-

197 1672 295 1698 §cipitur3

213 1809 308 1829 Eiusdem
333 1808 381 1834 epi-

199 1842 256 1867 scopi
269 1839 330 1866 pallio
343 1839 382 1859 do·-

199 1875 281 1892 uantur.

439 252 506 282 708

427 317 626 354 §monsontio
651 313 752 347 sactae,
773 326 811 332 —-
828 309 899 338 Cum
923 307 1061 337 omnibns
1080 307 1131 336 de-

427 361 520 391 cimis.
538 376 577 380 ——
596 357 816 393 l‘rivilegiortnn
840 352 1002 383 concessio.
1019 368 1058 374 -
1080 350 1132 380 Se-

428 406 542 445 pultura
567 400 751 441 parochianis
780 408 834 428 non
865 397 1050 427 concedenda
1074 395 1131 425 nisi

427 451 504 479 salva
529 447 636 477 institia
662 444 855 475 Ecclesiarum
880 443 914 472 ad
948 451 1020 481 quas
1043 441 1133 480 perti-

427 498 503 523 nent.
521 509 560 513 —
582 490 732 519 Decretum
757 497 807 527 pro
826 487 1008 526 exemptione
1030 496 1044 515 a
1062 495 1134 524 qua—

428 545 553 575 cnmqnc
577 535 616 571 vi,
639 534 772 563 molestia
796 537 850 562 etc.
872 549 910 554 ——
926 531 1033 560 Solitae
1052 531 1134 560 clan-

427 583 510 611 snlae
533 580 680 620 poenales.
702 595 742 600 —
760 577 914 607 Alexandri
931 576 985 605 ΡΡ.
1006 581 1033 605 et
1054 575 1082 605 S.
1102 575 1133 604 R.

428 625 574 655 Ecclesiae
597 623 792 653 cardinalium
813 621 1057 660 subscriptiones.

387 697 535 726 Alexander
556 696 696 731 episcopus
720 700 814 721 servus
831 699 968 721 servorum
986 691 1042 724 Dei,
1058 698 1134 719 vene·

433 747 512 776 rabili
543 745 627 773 fratri
650 744 780 772 Richardo
808 744 973 778 Syracusano
998 741 1134 777 episcopo,

431 798 540 833 eiusque
564 794 761 824 successoribus
780 793 904 821 canonice
929 791 1134 824 substituendis,

432 848 460 876 iu
479 847 648 883 perpetuum.

438 910 486 945 Ex
508 909 652 944 iniuncto
674 906 767 941 nobis
788 917 804 939 a
826 904 893 939 Deo
916 903 1032 938 summi
1058 915 1136 950 apo-

388 960 517 997 stolatus
540 958 653 1001 officio,
676 955 810 1002 singulis
845 953 998 989 Ecclesiis
1030 961 1061 987 et
1083 965 1137 987 ec-

388 1009 571 1046 clesiasticis
607 1006 748 1054 personis
782 1012 907 1051 paterna
944 1003 1033 1037 nobis
1059 1015 1136 1037 con-

388 1060 472 1096 venit
507 1058 685 1105 provisione
706 1054 888 1095 consulere3
917 1062 960 1093 ut,
983 1052 1137 1099 quemad-

389 1109 518 1146 modum
539 1107 649 1142 Patrcs
679 1117 827 1140 vocamur
852 1116 890 1138 ex
917 1103 1062 1146 nomine,
1097 1102 1137 1136 ita

391 1158 598 1194 nibilominus
621 1157 651 1191 in
679 1166 775 1203 opere
790 1153 1047 1198 comprobemur.
1075 1151 1138 1186 Ea-

392 1217 535 1257 propter,
573 1204 761 1241 venerabilis
794 1205 825 1239 in
864 1202 992 1238 Christo
1026 1202 1137 1241 frater,

391 1260 452 1294 tuis
479 1257 568 1292 iustis
599 1254 801 1302 petitionibus
827 1253 998 1288 clementer
1023 1252 1139 1286 annui-

391 1322 474 1352 mus,
495 1316 525 1342 et
547 1306 775 1354 Syracusanam
798 1302 985 1342 Ecclesiam,
1013 1302 1062 1336 cui
1082 1313 1140 1335 au-

392 1367 477 1394 ctore
499 1357 565 1391 Deo
587 1354 765 1403 praesides,
795 1365 876 1400 quae
897 1352 956 1386 soli
979 1351 1140 1386 Ecclesiae

391 1408 564 1447 Romanae,
591 1413 623 1440 et
650 1404 726 1439 nulli
750 1403 801 1438 alii
824 1404 889 1437 inre
910 1401 1140 1448 metropolitico

392 1458 533 1493 noscitur
559 1455 738 1492 subiacere,
762 1453 850 1488 cuius
880 1452 1049 1499 episcopus
1076 1463 1139 1485 non

394 1508 452 1542 nisi
481 1519 498 1541 a
529 1506 674 1540 Romano
709 1503 861 1538 Pontilice
895 1500 1141 1536 consecrationis

392 1569 508 1592 munus
535 1555 675 1602 recipere
708 1553 812 1593 debet,
839 1551 899 1586 sub
934 1551 971 1585 Β.
995 1550 1079 1585 Petri
1107 1562 1141 1584 ac

396 1616 499 1642 nostra
528 1604 720 1652 protectione
755 1602 960 1648 suscipimus,
996 1609 1026 1634 et
1052 1612 1142 1647 prae-

394 1657 491 1692 sentis
513 1654 619 1701 scripti
644 1652 806 1700 privilegio
828 1650 1072 1686 communimus.
1093 1648 1141 1683 Ad

395 1707 471 1741 baec
508 1704 704 1752 prudentiam
742 1711 773 1736 et
805 1702 1000 1735 honestatem
1036 1709 1142 1738 tuam,

396 1769 454 1791 nec
486 1767 547 1790 non
575 1761 606 1788 et
627 1751 837 1794 devotionem,
873 1762 966 1797 quam
1002 1761 1074 1795 erga
1105 1748 1141 1782 B.

397 1806 523 1841 Petrum
546 1812 577 1839 et
603 1815 660 1838 nos
687 1803 772 1849 ipsos
806 1799 1022 1847 multipliciter
1055 1798 1144 1833 exbi-

397 1856 463 1899 bes,
490 1853 698 1893 attendentes,
721 1864 774 1898 per
801 1851 895 1885 liuius
922 1849 1020 1884 nostri
1043 1848 1145 1896 privi-

396 1905 469 1951 legii
499 1904 654 1951 paginam,
679 1901 807 1949 pallium
842 1900 898 1934 tibi
925 1907 955 1934 et
981 1910 1146 1934 successo-

399 1955 486 1989 ribus
511 1955 572 1988 tuis
600 1953 630 1986 in
658 1959 846 1999 perpetuum
881 1948 1053 1997 apostolica
1087 1960 1146 1982 au-

398 2004 539 2039 ctoritate
560 2001 782 2042 concedimus,
809 2000 899 2034 cuius
920 2010 1014 2033 usum
1036 1997 1146 2032 frater-

399 2055 481 2088 nitas
503 2062 552 2087 tna
581 2052 660 2086 infra
686 2050 863 2086 Ecclesiam
896 2048 934 2084 ad
961 2060 1046 2083 sacra
1070 2048 1148 2082 mis-

400 2115 505 2138 sarum
532 2101 684 2137 solemnia
711 2112 744 2135 se
768 2099 889 2134 noverit
922 2098 1076 2135 obtinere,
1111 2097 1148 2131 iis

401 2153 543 2187 videlicet
570 2151 698 2186 diebus:
722 2149 886 2184 Nativitate
908 2147 1047 2187 Domini,
1070 2146 1149 2193 Epi-

403 2202 528 2250 phania,
556 2200 662 2236 Coena
697 2199 845 2239 Domini,
883 2196 1149 2240 Resurrectiouc,

402 2252 607 2294 Asccnsione,
631 2250 826 2289 Pentecoste,
850 2248 880 2281 in
900 2246 1150 2282 solemnitatibus

403 2302 440 2335 B.
485 2301 541 2334 Dei
579 2299 751 2334 Genitricis
785 2309 972 2345 semperque
1011 2295 1151 2340 Virginis

404 2351 530 2394 Mariae,
550 2349 581 2384 in
599 2349 734 2384 natalitio
758 2348 815 2382 Bb.
840 2347 1051 2394 apostolorum
1067 2345 1150 2379 Petri

405 2409 436 2434 et
458 2399 559 2440 Pauli,
587 2400 617 2433 in
642 2398 799 2432 nativitate
826 2397 860 2430 B.
888 2396 1015 2431 loannis
1043 2395 1153 2442 Bapti-

406 2457 483 2493 stae,
511 2450 541 2483 in
561 2448 639 2483 festo
665 2448 702 2482 B.
726 2447 850 2481 loannis
873 2445 1097 2491 Evangelistae,
1121 2444 1152 2478 in

407 2498 704 2532 commemoratione
723 2497 872 2531 Omnium
896 2495 1103 2537 Sanctorum,
1123 2494 1152 2527 in

409 2547 596 2582 Inventione
628 2555 658 2581 et
689 2546 885 2581 Exultatione
906 2545 939 2579 S.
963 2544 1090 2584 Crucis,
1122 2543 1152 2576 in

408 2596 488 2631 sesto
522 2596 555 2631 S.
589 2596 768 2636 Trinitatis,
803 2596 833 2629 iu
867 2591 1155 2629 consecrationibus

409 2645 625 2688 ecclesiarum,
648 2644 923 2681 benedictionibus
944 2643 1104 2684 abbatum,
1125 2649 1153 2676 et

965 252 1065 275 BULLA
1072 251 1153 273 utrm
1181 250 1292 272 ROMAN
1299 250 1342 272 tut!

1931 247 1979 273 An,
1999 246 2027 272 C.
2044 246 2108 272 ¹¹69

1170 304 1421 340 ordinationibus
1453 304 1651 345 clericorum,
1679 306 1709 339 in
1739 305 1914 351 praecipuis

1171 354 1388 389 festivitatibus
1406 381 1414 394 ,
1456 361 1487 388 et
1526 353 1724 390 dedicatione
1763 356 1914 391 ecclesiae

1171 413 1253 444 tuae,
1285 416 1342 438 nec
1366 415 1427 438 non
1449 411 1479 438 et
1505 404 1716 439 anniversario
1741 411 1812 440 tuae
1837 417 1915 440 con—

1171 454 1355 488 secrationis
1377 453 1438 487 die.
1466 453 1597 488 Studeat
1626 467 1699 500 ergo
1722 463 1772 489 tua
1795 455 1914 490 disere·
1942 460 1971 480 Ad
1986 458 2110 480 ¹¹⁵⁹¹¹³¹⁴¹¹¹⁰

1173 505 1232 548 tio,
1257 502 1452 550 plenitudiue
1473 511 1574 538 tantae
1587 504 1747 551 dignitatis
1759 513 1915 552 suscepta,
1928 496 2050 542 {ss'f’iffi'sm
2071 491 2110 510 δά-

1173 554 1214 588 ita
1253 562 1379 588 strenue
1412 561 1523 597 cuncta
1563 566 1727 601 peragere,
1761 562 1918 601 quatenus

1174 616 1296 638 morum
1320 610 1445 638 tuorum
1468 612 1649 638 ornamenta
1675 603 1777 639 eidem
1800 604 1920 639 valeant

1173 653 1362 694 convenire3
1399 654 1438 687 sit
1471 653 1532 687 vita
1559 662 1609 688 tua
1643 653 1779 689 subditis
1810 665 1920 688 exem-

1174 703 1274 750 plum,
1300 711 1336 737 ut
1358 715 1411 750 per
1437 715 1504 738 earn
1527 712 1699 749 agnoscant
1724 703 1798 750 quid
1821 715 1921 751 appe-

1174 761 1239 787 tere
1260 752 1404 792 debeant,
1439 761 1471 788 et
1502 753 1578 800 quid
1605 761 1758 800 cogantur
1784 753 1918 788 evitare:

1174 810 1241 837 esto
1275 801 1463 838 discretione
1498 803 1698 851 praecipuus,
1735 803 1921 849 cogitatione

1175 851 1323 896 mundus,
1353 852 1475 887 actione
1501 865 1616 900 purus,
1644 852 1797 887 discretus
1818 853 1848 886 in
1876 853 1921 887 si-

1175 901 1282 944 lentio,
1310 902 1396 938 utilis
1417 903 1448 937 in
1471 902 1582 937 verbo:
1613 914 1687 937 cura
1714 902 1754 937 sit
1774 902 1829 936 tibi
1855 914 1922 937 rna-

1175 951 1223 996 gis
1246 952 1428 987 bominibus
1459 952 1617 999 prodesse,
1650 965 1745 999 quam
1769 964 1920 998 praeesse:

1177 1014 1239 1037 non
1277 1002 1308 1036 in
1337 1010 1366 1036 te
1401 1009 1583 1048 potestatem
1615 1001 1672 1036 sed
1703 1002 1921 1048 aequalitatem

1176 1060 1298 1099 oportet
1319 1064 1449 1098 pensare
1461 1051 1663 1086 conditionis:
1686 1051 1789 1094 stude,
1808 1064 1847 1086 ne
1863 1052 1924 1086 vita

1177 1102 1350 1136 doctrinam
1375 1102 1526 1142 destruat,
1549 1113 1587 1136 ue
1613 1113 1739 1136 rursum
1760 1102 1842 1136 vitae
1863 1101 1922 1135 do-

1177 1152 1274 1186 ctrina
1297 1151 1505 1186 contradicat:
1533 1162 1628 1198 super
1656 1151 1761 1186 omnia
1783 1151 1924 1186 studium

1178 1201 1231 1235 tibi
1255 1201 1304 1241 sit,
1327 1201 1526 1248 Apostolicae
1543 1200 1636 1235 Sedis
1657 1200 1779 1235 decreta
1796 1201 1926 1235 firmiter

1179 1250 1355 1291 observare,
1391 1251 1483 1298 eique
1510 1260 1657 1297 tanquam
1687 1250 1778 1285 Matri
1813 1259 1843 1284 et
1865 1250 1927 1285 Do-

1179 1301 1282 1335 minae
1297 1309 1368 1335 tuae
1388 1299 1547 1335 humiliter
1562 1299 1706 1341 obedire,
1725 1312 1805 1348 quae
1821 1300 1926 1335 omnia

1180 1350 1280 1395 facile,
1307 1349 1433 1385 Christo
1459 1349 1646 1394 adiuvante,
1682 1350 1798 1397 poteris
1823 1349 1926 1384 adim-

1181 1401 1276 1446 plere,
1298 1401 1324 1435 si
1350 1401 1500 1434 virtutum
1523 1400 1667 1434 omnium
1693 1399 1874 1434 charitatem
1897 1408 1929 1434 et

1181 1450 1386 1484 bumilitatem
1410 1450 1590 1495 magistram
1613 1449 1771 1493 habueris,
1798 1458 1828 1484 et
1841 1448 1927 1496 quod

1181 1500 1255 1534 soris
1271 1499 1384 1534 babere
1398 1499 1556 1544 ostendes,
1579 1500 1664 1533 intus
1681 1499 1822 1534 habebis.
1837 1499 1930 1534 Prae-

1181 1558 1264 1584 terea
1279 1561 1493 1596 quascumque
1515 1549 1741 1595 possessiones,
1763 1560 1930 1596 quaecum·
1955 1556 2023 1592 Bona,
2057 1557 2127 1591 ommja

1181 1611 1241 1647 que
1261 1599 1338 1634 bona
1367 1599 1500 1646 praefata
1524 1598 1662 1633 Ecclesia
1691 1599 1929 1645 impraesentia-
1942 1587 2128 1642 ξξξῇζζζωῗω

1183 1662 1250 1683 rum
1275 1649 1353 1683 iuste
1380 1656 1410 1683 et
1439 1649 1588 1683 canonice
1623 1648 1777 1694 possidet,
1812 1655 1866 1683 aut
1898 1648 1928 1682 iu

1182 1698 1321 1733 futurum
1356 1699 1558 1733 concessione
1583 1697 1794 1742 Pontificum,
1829 1697 1932 1744 largi-

1183 1749 1267 1783 tione
1305 1760 1412 1794 regum
1454 1748 1500 1782 vel
1535 1747 1733 1794 principum,
1773 1747 1932 1782 oblatione

1184 1797 1336 1842 fidelium,
1359 1810 1413 1832 seu
1429 1797 1498 1832 aliis
1517 1797 1605 1832 iustis
1621 1797 1733 1840 modis,
1756 1804 1933 1843 praestante

1184 1848 1331 1887 Domino,
1355 1848 1468 1894 poterit
1488 1847 1632 1894 adipisci,
1656 1847 1742 1881 firma
1772 1846 1829 1881 tibi
1852 1847 1934 1882 tuis-

1185 1910 1245 1945 que
1266 1897 1504 1932 successoribus
1525 1906 1555 1931 et
1577 1896 1691 1930 illibata
1711 1903 1932 1943 permaneaut3

1186 1949 1215 1982 in
1239 1947 1355 1994 quibus
1380 1947 1456 1981 baec
1484 1946 1618 1994 propriis
1650 1945 1799 1981 duximus
1821 1945 1935 1994 expri-

1186 1997 1300 2032 menda
1333 1996 1507 2032 vocabulis:
1536 1995 1684 2031 ecclesias
1717 1996 1933 2043 Syracusanae
1947 1996 2052 2048 nffflg‘ffi
2075 2001 2131 2046 ἓξὲξ

1187 2047 1331 2090 civitatis,
1352 2055 1382 2081 et
1400 2058 1480 2094 quae
1502 2046 1559 2080 fuit
1578 2046 1608 2079 iu
1624 2046 1777 2080 territorio
1791 2045 1932 2081 eiusdem
1947 2059 2132 2083 meraniunnquo

1187 2109 1260 2131 cum
1282 2096 1431 2131 omnibus
1454 2095 1648 2143 pertinentiis
1669 2096 1752 2139 suis,
1784 2087 2133 2145 ecclesias{ssag‘TJJn‘ssssssI

1188 2146 1333 2190 Lentini,
1366 2154 1396 2181 et
1417 2158 1496 2193 quae
1518 2153 1591 2180 sunt
1619 2146 1650 2179 in
1673 2146 1827 2180 territorio
1848 2146 1934 2180 eius-
1948 2151 2043 2172 tinentiis
2057 2149 2114 2174 ΝΜ

1189 2196 1258 2230 dem
1282 2207 1354 2230 cum
1381 2195 1530 2230 omnibus
1552 2195 1748 2242 pertinentiis
1768 2195 1846 2239 suis,
1880 2206 1935 2230 ec-

1189 2246 1314 2280 clesiam
1332 2245 1437 2280 Sancti
1455 2244 1573 2279 Nicolai
1590 2245 1628 2279 de
1640 2244 1758 2279 Tribus
1769 2243 1934 2285 Fontibus,

1191 2303 1220 2330 et
1246 2295 1407 2329 ecclesiam
1431 2294 1628 2340 Pelagoniae,
1650 2302 1681 2328 et
1706 2294 1855 2328 ecclesias
1873 2293 1936 2328 Ca-

1192 2344 1328 2379 lataelfar
1349 2352 1428 2378 enm'
1441 2344 1591 2379 omnibus
1606 2343 1801 2390 pertinentiis
1816 2355 1936 2384 earum,

1192 2394 1338 2429 ecclesias
1358 2393 1493 2433 Maneae,
1520 2402 1549 2428 et
1575 2405 1655 2440 quae
1682 2401 1757 2428 sunt
1783 2394 1813 2428 in
1841 2393 1938 2428 terri-

1193 2444 1271 2478 torio
1294 2443 1435 2478 eiusdem
1464 2455 1535 2478 cum
1567 2442 1716 2478 omnibus
1743 2442 1937 2489 pertinentiis

1193 2493 1275 2537 suis,
1301 2493 1448 2528 ecclesias
1474 2492 1592 2534 Bizini,
1626 2500 1657 2527 et
1689 2505 1770 2540 quae
1803 2501 1877 2527 sunt
1905 2491 1936 2526 in

1194 2543 1349 2577 territorio
1375 2542 1514 2577 eiusdem
1542 2554 1614 2577 cum
1642 2543 1840 2589 pertinentiis
1860 2536 1937 2586 'suiS,

1193 2592 1341 2627 ecclesias
1366 2592 1539 2627 Bueheriae
1553 2604 1625 2626 cum
1647 2592 1842 2639 pertinentiis
1859 2592 1937 2631 suis,

1194 2641 1342 2677 ecclesias
1375 2641 1628 2689 Calatagerouis,
1657 2650 1688 2676 et
1708 2653 1788 2688 quae
1808 2649 1883 2676 sunt
1905 2640 1938 2675 iu
