2180 3205
169 205 220 232 Au.
238 205 267 233 C.
284 206 349 233 titii

179 587 318 611 ἔοι-10513131,
328 590 349 608 et

175 622 269 641 rationes
280 622 339 639 nti-a-

181 657 220 678 que
236 656 261 671 ex
276 653 335 676 parte

193 683 315 708 productae

417 198 486 230 454

405 260 602 290 controversia
625 259 758 297 delegati.
787 276 827 282 -
849 258 1011 289 Concordia
1042 260 1115 289 inter

405 309 557 343 utramque
579 308 688 342 partein
707 304 788 333 inita:
803 320 843 326 —
856 303 1016 334 Concordia
1043 305 1113 334 tinec

404 359 417 378 a
438 348 578 377 pontifice
597 348 797 378 confirmatur.

362 413 508 443 lnnorentiiis
530 414 651 452 episcopiis
669 422 746 442 servus
763 422 879 442 serrorum
901 412 957 451 Dei,
980 413 1071 443 dilectis
1085 413 1113 443 11·

403 458 440 486 liis
454 456 541 489 abbati.
552 461 574 486 ot
585 457 707 486 conventui
723 457 802 495 Clau„
816 457 914 487 salutent
926 461 947 487 et
962 458 1111 497 apostolicam

403 501 599 531 benedictionem.

412 567 621 602 Venientibus
634 568 670 602 ad
693 567 908 615 Apostolicam
927 568 1043 603 Sedem
1063 569 1113 603 di-

364 617 452 652 lectis
474 617 546 651 filiis
559 618 606 659 S.,
623 618 776 652 monacho
799 626 914 661 vestro,
937 630 973 652 ac
988 618 1027 652 H.
1051 630 1112 653 ino-

364 667 487 702 nasterii
515 667 547 701 S.
572 667 734 701 Benedicti
762 679 855 713 super
878 667 1011 712 Padum,
1038 680 1113 714 pio-

363 715 583 759 curatoribus,
621 717 702 751 idem
737 716 770 750 S.
807 717 973 772 proposuit
1006 729 1111 752 coram

364 765 466 810 nobis,
489 765 574 812 quod
600 778 673 801 cuin
696 766 920 800 monasterium
951 776 1112 801 memora-

363 823 428 849 tum
449 827 463 849 a
479 814 578 850 felicis
600 815 825 850 recordationis
847 815 885 850 G.
914 815 998 862 Papa
1023 828 1112 863 prae-

362 864 528 899 decessore
566 872 685 905 30530,
720 864 844 911 Hngoni
879 865 1111 911 praedecessori

363 922 428 958 tuo,
448 914 490 948 lili
513 913 621 954 abbas,
644 922 674 949 et
695 915 935 949 successoribus
948 915 1027 953 eius,
1045 914 1113 949 sue-

363 963 402 998 rit
424 963 542 998 dudum
570 964 787 1004 commissum,
807 972 840 998 ut
862 964 892 998 in
915 964 982 998 eius
1001 964 1115 1009 guber-

363 1012 490 1048 natione
516 1021 609 1060 atque
630 1013 773 1048 custodia
802 1021 984 1060 potestatem
1017 1013 1113 1047 liabe-

364 1071 444 1103 rent,
472 1070 502 1097 et
528 1062 667 1097 studium
691 1070 919 1108 procurationis
947 1062 1114 1109 impende·
1133 1094 1136 1120 ζ
1158 1107 1270 1144 posmo
1298 1099 1482 1139 ἱῃῐρνςνεῃίῑ
1507 1106 1539 1132 ut
1561 1111 1632 1133 cum
1661 1111 1691 1133 m
1714 1099 1905 1133 mfflmfflfflio
1951 1096 2070 1119 Concordia

365 1121 450 1146 rent:
473 1124 510 1146 ac
524 1111 662 1147 obcunte
674 1111 786 1147 abbate
804 1112 902 1158 ipsius
918 1112 989 1154 loci,
1003 1124 1112 1147 eoi-uin

364 1211 448 1245 iuxta
483 1210 564 1246 beati
602 1210 762 1246 Benedicti
801 1211 941 1257 regulam
980 1223 1114 1257 persona

364 1260 586 1306 subrogaretur
613 1260 742 1301 idoiiea·‚
767 1268 796 1295 et
822 1260 973 1308 quicquid
997 1261 1026 1294 in
1045 1273 1116 1295 nio-

365 1310 501 1344 nasterio
535 1310 565 1344 in
597 1318 803 1357 augmentum
831 1319 861 1344 et
883 1311 1114 1345 observantiam

364 1359 556 1394 monasticae
579 1359 738 1406 religionis
754 1359 873 1394 institui
890 1359 937 1394 vel
953 1359 1113 1394 emendari

364 1409 457 1443 etiam
491 1416 661 1456 oporteret,
692 1421 801 1444 eorum
832 1421 958 1456 semper
979 1409 1116 1455 disposi-

365 1458 448 1492 tione
469 1470 504 1493 ac
528 1458 706 1504 magisterio
736 1458 931 1506 impleretur,
965 1467 1058 1505 prout
1086 1459 1114 1493 in

365 1507 464 1542 seticis
486 1508 655 1542 memoriae
676 1508 762 1542 Lucii
782 1516 812 1542 et
831 1507 1015 1547 Clementis,
1035 1520 1117 1554 prae-
1136 1523 1138 1531 =

367 1556 570 1591 decessorum
583 1565 761 1592 nostrorum
780 1557 968 1592 authenticis
983 1558 1116 1592 assernit

364 1606 536 1646 contineri;
559 1606 655 1641 abbas
677 1614 707 1641 et
729 1607 838 1641 fratres
862 1608 1043 1641 monasterii
1067 1620 1117 1641 su-

366 1655 496 1702 pradicti
519 1655 656 1690 debitam
672 1656 746 1697 tibi,
766 1656 807 1690 1111
830 1655 925 1690 abbas
956 1664 987 1691 et
1008 1656 1117 1691 Eccle-

366 1705 429 1739 siae
452 1712 522 1739 tuae
541 1704 751 1740 obedientiam
772 1713 802 1740 et
825 1705 1030 1740 reverentiam
1046 1705 1117 1740 snb·
1137 1718 1138 1746 3
1245 1741 1249 1746 ,
1312 1741 1316 1745 ,
1535 1742 1540 1747 ‚

1159 1740 1369 1775 obedientiam
1407 1749 1615 1787 repromittam
1649 1750 1679 1775 et
1713 1748 1787 1775 tunc
1813 1740 1907 1775 Clun.

365 1754 537 1794 trabentes,
559 1766 657 1801 super
679 1755 871 1802 praemissis,
898 1763 929 1789 et
954 1756 1033 1795 aliis,
1062 1755 1116 1788 in-

365 1803 475 1838 iuriosi
502 1803 557 1838 tibi
586 1812 616 1838 et
643 1816 753 1850 graves
778 1804 927 1839 existunt.
955 1812 986 1839 et
1013 1817 1030 1839 a
1065 1812 1117 1839 tua

365 1860 395 1887 et
416 1852 578 1888 Ecclesiae
593 1861 664 1888 tuae
685 1853 884 1888 subiectione
907 1866 940 1888 se
955 1866 990 1888 ac
1005 1866 1119 1888 mona·
1138 1888 1139 1894 ,

365 1902 493 1937 sterium
508 1915 601 1937 suum
618 1902 801 1938 subtrahere
817 1903 1000 1944 molientes3
1022 1903 1116 1938 iidem

365 1963 493 1998 quoque
520 1951 630 1986 fratres
653 1952 794 1987 abbatem
829 1952 888 1987 sibi
916 1953 1033 1999 eligere
1056 1965 1117 1987 non
1138 1969 1140 1986 1

367 2000 536 2035 formidant
562 2001 681 2048 absque
704 2009 754 2036 tua
782 2013 811 2037 et
838 2001 967 2036 fratrum
993 2011 1117 2037 tuorum

366 2050 560 2085 coniiventia
579 2059 609 2085 et
634 2063 802 2085 consensu.
830 2051 1020 2086 Procurator
1046 2064 1119 2087 vero

367 2099 548 2134 monasterii
575 2099 609 2134 S.
637 2099 800 2135 Benedicti
831 2101 996 2156 proposuit
1017 2102 1140 2136 end-⁴
1185 2135 1190 2140 ,
1292 2135 1296 2140 ,
1627 2135 1632 2141 .
1655 2135 1660 2141 .
1843 2135 1848 2140 .

1139 2157 1140 2160 =
1161 2135 1317 2170 discordia
1340 2135 1507 2175 celebrata,
1531 2147 1585 2182 pro
1603 2135 1780 2170 dirimendo
1797 2135 1909 2170 liuius-

369 2198 415 2232 5us
441 2205 471 2232 et
507 2198 728 2245 leopljfflsseffl
763 2199 924 2234 Ecdeme
956 2200 1119 2235 Romanae
1139 2197 1141 2238 ζ
1160 2182 1244 2219 modi
1268 2184 1473 2219 dissensionis
1489 2185 1619 2220 articulo
1641 2185 1679 2219 ad
1694 2184 1809 2219 Sedem
1826 2184 1909 2231 Apo·

368 2161 468 2192 xeiso,
495 2149 578 2196 quod
605 2161 675 2184 cum
705 2150 930 2186 monasterium
954 2151 1055 2197 ipsum
1079 2147 1117 2185 ad

369 2252 544 2298 pertineat,
573 2260 604 2287 et
642 2264 697 2299 per
737 2253 896 2299 privilegia
928 2253 1117 2289 Pontificum

368 2305 583 2340 Romanorum
612 2306 704 2341 fuerit
740 2306 778 2341 ab
818 2307 948 2354 antiquo
977 2307 1119 2343 libertate

369 2358 530 2400 donamm'
559 2359 613 2394 [¹¹³¹
642 2360 686 2394 γε,
711 2359 870 2395 Eoe'es'ae
897 2369 968 2396 tuae
989 2362 1120 2397 snbesse
1139 2417 1141 2421 ,
1160 2381 1226 2416 suis
1248 2381 1284 2415 ad
1316 2381 1486 2427 capitulum
1509 2381 1719 2416 Cluniacense
1746 2381 1907 2416 transmit-

1139 2469 1141 2472 ,
1162 2438 1237 2469 tant,
1260 2431 1311 2478 qui
1334 2431 1438 2465 audiat
1460 2438 1490 2465 et
1511 2431 1659 2478 recipiat,
1687 2442 1766 2478 quae
1789 2429 1905 2464 ibidem

370 2411 416 2446 vel
440 2413 630 2459 respondere
653 2414 684 2448 in
707 2414 811 2461 aliquo
834 2415 962 2450 minime
990 2415 1120 2450 teneba-

371 2474 439 2506 tur·,
465 2467 607 2513 quinimo
625 2467 662 2501 ad
686 2466 795 2502 fratres
816 2468 956 2502 eiusdem
979 2468 1037 2502 loci
1057 2476 1117 2503 tam

370 2518 534 2566 dispositio
555 2523 600 2564 (1)
625 2532 718 2567 quam
741 2521 863 2557 abbatis
884 2521 995 2557 electio
1022 2523 1120 2570 perti-

405 2583 446 2620 (1)
463 2584 541 2612 Forte
556 2587 688 2618 depositio.

945 205 1134 229 ammaim!
1161 206 1323 229 ROMANUM

364 1161 525 1207 diligentia
552 1161 741 1208 providem,
766 1169 797 1196 m
819 1161 849 1195 iu
866 1161 935 1196 1000
953 1161 1115 1207 regminis
1134 1161 1136 1198 ῑς
1155 1147 1336 1195 saepedicto
1348 1148 1440 1182 suerit
1453 1127 1574 1182 abbitis
1584 1147 1694 1182 electio
1706 1148 1905 1189 celebianda,
1920 1163 2001 1187 pinam
2016 1160 2078 1181 iuna.

1923 205 1972 232 An.
1990 204 2010 232 C
2035 205 2099 232 ¹1!ss

1158 259 1266 299 neliat;
1289 259 1450 298 adiiciens,
1472 259 1568 306 quod,
1596 267 1625 295 et
1646 260 1671 295 si
1705 261 1752 295 ius
1779 260 1905 306 aliquod

1157 308 1385 354 praedictorum
1419 309 1652 355 privilegiorum
1680 310 1794 345 intuitu
1809 310 1904 345 Clnn.

1156 358 1315 392 Ecclesiae
1353 359 1571 405 competierit,
1608 358 1684 393 illud
1714 360 1838 404 penitus
1860 367 1906 394 cst

1155 407 1351 454 absorptum,
1385 420 1457 441 cum
1486 407 1639 441 liactenus
1667 408 1839 454 neglexerit
1862 409 1904 443 uti

1154 457 1306 500 eistl),et
1322 457 1546 491 monasterium
1557 457 1772 502 supradictum
1785 458 1905 503 longis-

1154 506 1234 540 sinio
1261 513 1402 553 tempore
1426 505 1515 552 plena
1544 506 1634 540 fuerit
1657 506 1797 540 libertate
1819 507 1907 552 gavi-

1153 568 1235 589 sum.
1264 555 1432 601 proposuit
1464 555 1605 602 insuper,
1633 555 1715 589 idem
1745 563 1906 590 monaste-

1155 605 1234 639 rium
1252 617 1346 651 super
1365 605 1510 651 capitulis
1526 605 1712 649 praenotatis
1735 617 1790 651 pei·
1806 604 1906 640 bonae

1155 655 1326 688 memoriae
1352 654 1486 709 Eugenii
1518 654 1623 701 Papae
1656 654 1906 701 praedecessoris

1155 704 1250 738 nostri
1282 704 1469 738 sententiam
1504 703 1695 738 absolutum.
1725 702 1806 738 Cum
1831 715 1906 750 ergo

1154 765 1250 800 super
1276 752 1337 808 liis,
1364 761 1395 787 et
1429 753 1618 800 quibusdam
1646 752 1726 796 aliis,
1756 765 1905 799 procura·
1932 767 2016 791 iudices
2037 775 2101 797 nuper

1154 810 1238 837 tores
1261 803 1318 848 ipsi
1348 815 1409 836 non
1433 803 1612 837 desinerent
1630 803 1783 846 atter-caii,
1802 810 1833 837 et
1852 814 1906 850 per
1920 799 2103 852 fflssffiff‘dffig·

1156 851 1348 886 ieneiabiles
1376 852 1484 887 siffatics
1511 859 1634 887 nostros
1658 852 1678 885 1.
1699 830 1974 887 S·il)iiiensenis··ti

1154 909 1184 935 ct
1212 901 1249 936 N.
1278 901 1505 944 Tusculanum,
1532 902 1709 948 episcopos,
1744 901 1783 936 de
1811 914 1907 936 nian-

1155 950 1227 985 dato
1251 959 1357 984 nostro
1384 950 1475 985 suerit
1497 951 1536 984 dc
1568 950 1723 985 amicabili
1747 952 1905 996 composi-

1157 999 1239 1034 tione
1252 1007 1429 1043 tractatuni,
1446 999 1536 1034 nobis
1551 999 1761 1034 mediantibus
1777 1000 1904 1034 deinum

1157 1049 1236 1083 inter
1263 1058 1481 1104 procuratores
1501 1049 1586 1096 ipsos
1609 1048 1789 1084 huiusmodi
1818 1062 1906 1084 coin-

1920 1130 1975 1149 intei·
1991 1131 2100 1154 utramqi.

1156 1197 1266 1232 fratres
1296 1197 1437 1232 eiusdem
1466 1197 1526 1232 loci
1555 1197 1617 1232 abs
1614 1209 1674 1244 pie
1702 1197 1906 1244 requisitione

1158 1255 1256 1281 vestra
1281 1259 1446 1293 personam
1470 1247 1614 1281 idoneam
1638 1247 1821 1293 regulariter
1847 1247 1905 1281 sibi

1156 1296 1273 1342 'eligant
1307 1297 1335 1330 in
1373 1296 1535 1339 abbatem,
1559 1296 1610 1342 qni
1646 1297 1670 1330 si
1709 1296 1909 1331 concorditer

1157 1346 1276 1380 clectus
1298 1346 1446 1390 extiterit,
1475 1358 1589 1380 munus
1616 1346 1846 1381 benedictionis
1862 1358 1908 1380 ac-

1157 1395 1270 1442 cipiat,
1293 1403 1323 1429 et
1351 1395 1446 1430 libere
1474 1395 1684 1435 administret,
1708 1395 1790 1429 nulla
1814 1407 1908 1441 snper

1159 1444 1206 1478 1115
1233 1457 1249 1479 3
1273 1444 1360 1479 vobis
1388 1445 1444 1479 lici
1436 1452 1510 1479 ntia
1534 1445 1683 1491 expetita:
1708 1445 1747 1478 ita
1765 1444 1908 1479 videlicet

1158 1494 1242 1540 quod
1278 1494 1314 1534 is,
1347 1494 1401 1540 qui
1430 1494 1521 1528 sueiit
1554 1495 1584 1528 in
1608 1494 1751 1528 abbatem
1775 1493 1906 1538 electus,

1160 1544 1239 1578 i··itia
1261 1543 1397 1590 spatium
1422 1544 1513 1590 primi
1540 1544 1614 1578 anni
1638 1556 1737 1577 unuin
1762 1543 1806 1577 iel
1827 1544 1907 1578 dnos

1137 1592 1268 1627 iratres
1295 1605 1365 1627 cuin
1407 1593 1473 1627 suis
1500 1593 1595 1627 literis
1628 1592 1664 1626 ad
1702 1605 1756 1627 105
1782 1592 1907 1638 dirigat,

1160 1642 1189 1675 in
1213 1642 1327 1688 quibus
1345 1641 1413 1681 tibi,
1437 1642 1478 1676 tili
1501 1642 1609 1681 abbas,
1628 1650 1657 1676 et
1672 1642 1908 1677 successoribus

1158 1691 1233 1731 tuis,
1261 1703 1356 1738 super
1378 1691 1574 1725 observantia
1604 1691 1767 1726 monastici
1789 1691 1909 1725 ordinis

1159 1789 1257 1824 abbas
1280 1789 1325 1824 vel
1349 1802 1404 1837 per
1429 1802 1475 1834 se,
1498 1791 1542 1825 vel
1567 1802 1622 1837 per
1648 1790 1755 1828 alium,
1777 1789 1815 1824 ad
1840 1801 1909 1824 ino-

1160 1839 1329 1874 nasteriuni
1351 1847 1559 1874 memoratum
1582 1841 1720 1883 accedat,
1742 1838 1781 1874 ab
1796 1838 1909 1874 abbate

1160 1888 1257 1935 ipsius
1284 1888 1341 1923 loci
1364 1889 1558 1935 corporalem
1586 1901 1681 1936 super
1708 1888 1829 1923 ordinis
1850 1888 1910 1922 ob-

1159 1938 1312 1972 servantia
1355 1938 1566 1972 obedientiam
1611 1945 1811 1985 recepturus3
1859 1937 1907 1972 vel

1160 1987 1357 2022 transmissas
1390 1987 1449 2022 sibi
1482 1988 1605 2031 literas,
1640 1987 1666 2022 si
1695 1987 1849 2027 maluerit,
1877 1987 1907 2021 in

1161 2037 1373 2071 testimonium
1413 2036 1609 2071 obedientiae
1648 2036 1706 2071 sibi
1739 2036 1910 2083 promissae

1161 2094 1306 2121 reservet.
1330 2086 1423 2127 Quod
1446 2086 1471 2120 si
1499 2086 1620 2120 abbatis
1639 2085 1748 2121 electio
1770 2085 1908 2121 su'eritin

1160 2234 1298 2268 stolicam
1323 2234 1500 2268 recurratis,
1524 2234 1600 2268 Item
1623 2233 1720 2268 abbas
1741 2242 1771 2268 et
1798 2246 1908 2268 inona-

1140 2282 1209 2317 etii
1245 2283 1416 2329 supradicti
1457 2283 1517 2317 loci
1555 2283 1594 2318 de
1630 2283 1838 2330 quadriennio
1876 2284 1907 2317 in

1160 2332 1399 2378 quadriennium
1439 2332 1574 2379 aliquem
1614 2344 1653 2367 ex
1699 2332 1908 2367 confratribus

1162 2479 1275 2514 fuerint
1296 2491 1391 2526 super
1412 2480 1607 2515 observantia
1636 2479 1754 2515 ordinis
1780 2479 1906 2514 consti-

1161 2536 1237 2563 tuta.
1254 2528 1417 2563 Praeterea
1433 2529 1575 2576 quolibet
1587 2529 1793 2576 quadriennio
1808 2528 1904 2563 Clun.

1195 2590 1233 2624 (t)
1255 2590 1332 2617 Forte
1346 2598 1384 2616 eo.
1423 2590 1461 2625 (3.
1481 2590 1522 2625 τ.)
