2180 3205
52 226 99 253 Λη.
120 224 147 251 C.
168 224 233 249 iou»

895 204 1040 227 CRBANI'S
1062 205 1083 226 11
1108 205 1156 226 ΡΡ.

1682 194 1750 228 1ὃὸ

259 259 346 294 noris
385 259 517 294 eandem
554 260 792 295 Narbonensem
833 260 1006 294 Ecclesiam
1050 259 1114 293 Nos
1155 272 1281 306 quoqne
1321 261 1494 306 praesentis
1530 260 1647 295 decreti
1684 262 1796 308 pagina

257 309 432 356 antiquitus
467 311 533 344 iure
566 309 713 344 habuisse
747 309 922 343 constiterit
949 311 1006 352 (i).

291 412 330 446 (1)
347 411 431 445 Quam
450 412 567 447 Impensa
584 413 751 440 solicitudine
767 411 925 439 servandam
938 411 1007 436 Nar-

255 452 380 479 bonensis
409 453 540 479 Ecclesiae
564 453 716 486 dignitatem
730 473 737 484 ‚
767 452 918 486 tuendaque
952 450 1008 476 eius

255 492 323 518 bona
348 493 483 519 curaverit
509 493 631 520 Urbanus
652 493 699 519 ri‘.
725 500 756 519 ex
778 494 909 527 praesenti
936 497 1007 528 patet

254 532 424 559 documento.
454 533 524 559 Duas
549 532 656 566 insuper
687 535 803 566 praestat
829 533 927 560 referre
946 534 1005 568 epi-

253 570 334 597 stolas
350 571 375 597 in
391 572 511 598 eamdem
531 579 586 598 rein
606 572 639 598 ab
655 572 747 598 eodem
766 572 889 599 pontifice
914 573 1004 605 (latas,

253 620 367 647 quarum
394 613 476 646 prima
505 611 651 638 Raimundo
676 612 764 638 comiti
786 612 903 639 Narbon.
926 616 1006 648 atquc

251 653 387 680 Ainierico
405 653 550 678 vicecomiti
573 652 669 686 scripta
686 652 800 678 decimas
818 652 943 680 Dalmatio
959 661 1004 678 ar-

252 691 421 726 chiepiscopo
437 691 520 722 solvi,
538 690 660 725 bonaque
675 690 708 716 ab
721 690 768 716 hac
781 691 893 718 Ecclesia
911 692 1006 718 iniusto

252 739 267 758 a
285 731 375 766 pravis
392 730 543 757 hominibus
558 731 643 757 ablata
661 731 762 757 restitui
787 731 902 763 mandat,
923 732 1005 758 altera

252 779 333 806 quam
350 770 482 806 Raynerio
498 770 526 797 S.
546 770 575 796 it.
594 770 623 796 Ε.
642 770 767 796 cardinali
784 774 810 797 et
827 771 911 805 legato
922 771 1004 803 dedit,

252 809 370 837 eiusdem
388 809 514 836 Ecclesiae
534 809 698 844 dignitatem,
718 810 829 845 eiusque
854 812 1000 839 auctorita-

253 853 306 877 tem
323 850 347 876 in
363 849 502 885 episcopos
516 849 669 884 provinciae
681 850 886 878 Tarraconensis
902 855 1000 878 tuetur.

252 889 324 916 Illam
344 889 498 916 subiicimus
523 889 619 916 editam
646 898 658 916 a
677 890 886 917 Samniarthanis
907 892 1005 918 Galliae

252 929 415 956 Christianae
438 929 561 964 antiquae
576 929 708 962 editionis,
730 933 794 956 totn.
813 938 836 963 i,
859 938 916 965 pag.
935 931 1003 964 575,

253 969 352 996 tenoris
366 969 412 1004 qui
431 969 567 1004 sequitur:

473 1063 513 1097 In
548 1065 675 1098 candem
706 1076 782 1098 rem.

253 1141 358 1173 Urbanus
380 1142 499 1182 episcopus
527 1151 604 1172 seritis
629 1151 745 1172 servorum
767 1142 819 1181 Dei,
843 1143 904 1173 clero
920 1146 942 1173 et
964 1152 1003 1182 po-

291 1187 346 1226 pulo
363 1187 516 1226 Narbonensi,
542 1187 672 1216 Raiiiitiiiilo
698 1187 804 1216 videlicet
828 1188 906 1216 comiti
935 1192 1004 1226 atque

291 1232 405 1262 Aimerico
419 1232 558 1266 vicecomiti,
579 1231 701 1262 carissimis
722 1230 792 1269 filiis,
805 1232 954 1270 apostolicam
966 1231 1003 1261 be-

292 1276 460 1307 nediciionein.

301 1337 491 1373 Venientem
535 1337 572 1372 ad
608 1350 666 1372 nos
704 1337 1001 1372 reverendissimum

253 1387 353 1423 filium
376 1394 518 1422 nostrum
541 1386 733 1421 Dalmatiam
759 1395 922 1421 vestratem
952 1400 1003 1421 ar—

253 1437 492 1484 chiepiscopum
527 1436 630 1471 debita
670 1436 862 1482 benignitate
893 1449 1003 1471 snsce-

253 1487 371 1534 pinius,
394 1487 525 1533 eiusque
550 1485 736 1532 religionem
760 1494 790 1520 et
813 1485 1000 1533 probitatem

253 1535 440 1571 iamdudum
463 1544 688 1581 agnoscentes,
716 1535 818 1582 ipsum
841 1535 1001 1569 dilectioni

253 1593 374 1620 vestrae
402 1584 602 1632 Apostolicae
623 1584 716 1619 Sedis
737 1585 888 1631 operibus
915 1597 1002 1619 cotii-

253 1634 450 1670 mendamus.
478 1634 541 1669 Vos
567 1635 612 1675 ei,
642 1642 674 1667 ut
701 1633 813 1668 devoto
840 1642 870 1669 et
892 1633 1002 1668 catho-

254 1684 315 1719 lico
347 1684 427 1731 patri
460 1683 565 1718 dilecti
605 1683 659 1717 filii
687 1682 825 1723 obedite,
853 1695 1002 1718 reveren-

253 1735 328 1768 tiam
350 1742 380 1768 et
401 1732 537 1768 debitam
560 1732 801 1773 subiectionem,
826 1740 857 1767 ut
873 1732 1001 1767 Domini

253 1782 370 1823 vicario
398 1783 430 1817 in
465 1782 614 1816 omnibus
652 1781 820 1826 exhibete,
863 1782 1002 1816 decimas

254 1832 426 1879 unicuique
448 1831 610 1866 Ecclesiae
633 1831 838 1878 pertinentes,
860 1843 898 1866 ex
920 1831 1001 1865 inte-

253 1894 310 1928 gro
337 1881 470 1922 reddite,
495 1889 525 1915 et
558 1892 778 1928 quaecumque
814 1880 1001 1928 episcopalis

253 1930 389 1965 institiae
402 1938 476 1965 sunt
491 1930 608 1975 integra
624 1930 682 1965 sibi
700 1938 897 1964 conservate:
921 1941 1002 1976 quae

254 1987 359 2014 autem
380 1979 469 2015 vobis
495 1992 532 2014 ex
558 1979 625 2014 Deo
646 1979 771 2023 dixerit,
797 1991 854 2026 pro
875 1978 1002 2013 Christo

254 2029 340 2063 enim
361 2029 516 2075 legatione
538 2028 679 2075 fungitur
700 2029 781 2063 inter
803 2041 869 2068 vos,
892 2028 1002 2062 obser-

254 2090 331 2112 vans
353 2090 409 2125 pro
431 2077 559 2113 Christo
587 2086 621 2112 iit
648 2077 895 2112 reconciliemini
923 2077 1001 2121 Deo,

257 2127 359 2174 ipsum
385 2127 479 2173 igitur
504 2127 585 2161 sicut
611 2127 713 2161 Deum
736 2127 945 2170 honorantes,
972 2134 1003 2161 et

255 2176 440 2220 audientes,
477 2188 581 2210 mores
622 2183 741 2210 vestros
784 2176 947 2222 corrigite,
986 2187 1001 2209 a

255 2225 339 2260 vitiis
363 2224 528 2265 abstinete,
556 2224 624 2259 Deo
651 2225 680 2259 in
705 2224 854 2259 omnibus
881 2224 1003 2271 placere

257 2282 378 2316 curate,
400 2275 425 2309 si
454 2274 539 2308 enim
566 2274 634 2308 Deo
653 2274 683 2308 in
708 2273 855 2308 omnibus
882 2274 1003 2320 placere

256 2323 458 2363 studueritis,
487 2331 641 2370 pastorem
665 2322 803 2369 profecto
830 2323 1003 2369 placentem

256 2372 325 2408 Deo
358 2372 532 2413 habebitis,
567 2380 598 2406 et
632 2384 791 2407 summum
829 2384 885 2419 pro
917 2372 1012 2406 vobis·

256 2422 397 2457 Iudicem
425 2421 648 2469 interpellans,
678 2421 737 2455 nisi
764 2430 865 2456 vestra
891 2421 1004 2456 delicta

258 2471 452 2518 impedient,
485 2471 647 2518 copiosius
680 2470 834 2506 audietur.
861 2471 917 2505 Eis
942 2483 1005 2505 au-

261 2528 343 2561 tem,
380 2521 434 2568 qui
474 2520 554 2554 bona
589 2520 806 2555 Narbonensis
843 2520 1005 2554 Ecclesiae

260 2569 375 2606 iniuste
402 2569 565 2612 detinent,
599 2577 630 2605 et
662 2569 817 2605 violenter
842 2569 1005 2614 auserunt,

1051 308 1273 343 inconcussum
1308 318 1338 344 ct
1361 310 1539 346 inviolabile
1562 321 1714 358 perpetuo
1737 323 1798 345 ina-

1048 412 1278 449 denunciamus
1316 416 1443 450 nomine
1479 415 1605 450 Domini
1640 415 1727 457 Iesu,
1766 425 1797 451 ct

1047 463 1216 509 apostolica
1242 463 1431 499 authoritate
1457 465 1683 512 praecipimus,
1717 479 1797 513 qua-

1048 518 1139 545 tenus
1165 524 1200 546 ca
1222 512 1459 560 archiepiscopo
1488 514 1638 556 reddant,
1664 523 1718 550 aut
1740 528 1796 563 pa-

1047 567 1130 594 cium
1170 573 1242 595 cuin
1269 573 1307 596 eo
1343 562 1402 596 tale
1436 562 1566 607 saciant,
1611 565 1695 610 quod
1735 565 1794 610 ipsi

1047 609 1159 644 debeat
1192 611 1404 657 complacere,
1432 623 1471 646 ne
1494 612 1573 647 bona
1602 613 1715 648 iniuste
1736 615 1795 650 de-

1048 659 1176 693 tinendo
1198 667 1228 694 et
1250 659 1420 695 auferendo
1446 668 1585 705 terrena,
1617 670 1647 696 et
1673 663 1795 698 animae

1047 708 1207 742 incurrant
1230 710 1423 753 periculum,
1451 718 1479 745 ct
1507 710 1598 746 bonis
1633 712 1795 758 priventur

1046 757 1191 792 aeternis.
1219 758 1313 800 Quod
1335 760 1360 794 si
1389 767 1492 794 nostra
1521 768 1686 807 praecepta
1720 774 1794 797 con-

1047 807 1251 854 tempseritis,
1279 820 1350 843 cum
1386 809 1493 844 iterata
1520 809 1559 844 ad
1587 822 1644 844 nos
1665 811 1792 857 querela

1047 857 1239 902 pervenerit,
1279 870 1336 892 nos
1371 869 1528 893 canonum
1564 859 1731 900 ultionem,
1764 869 1795 896 et

1045 905 1184 951 gladium
1222 906 1351 953 spiritus
1387 907 1570 943 afferemus:
1610 908 1795 945 obedientes

1046 967 1100 989 vos
1128 955 1255 990 monitis
1290 957 1405 992 nostris
1437 957 1542 993 divina
1576 958 1792 994 misericordia

1045 1004 1204 1040 custodiat
1224 1007 1279 1050 (i).

1275 1087 1313 1120 In
1338 1089 1463 1121 eandem
1490 1100 1563 1122 rem.

1045 1155 1148 1186 Urbanus
1163 1157 1282 1196 episcopiis
1298 1167 1375 1188 serviis
1392 1168 1508 1189 servorum
1523 1159 1579 1197 Dei,
1595 1160 1712 1191 carissimo
1723 1164 1793 1200 atque

1084 1201 1217 1231 dulcissimo
1238 1202 1301 1232 fratri
1317 1203 1425 1233 Rainerio
1441 1204 1536 1234 Sanctae
1547 1204 1664 1234 Romanae
1676 1205 1793 1235 Ecclesiae

1084 1245 1216 1285 presbytero
1239 1247 1349 1276 cardinali
1370 1252 1439 1286 atque
1466 1248 1554 1287 legato,
1573 1249 1672 1279 salutem
1695 1253 1718 1279 et
1738 1258 1793 1289 apo·

1082 1290 1187 1319 stolicam
1206 1290 1402 1321 benedictionem.

1091 1351 1253 1394 Quantum
1275 1353 1312 1388 de
1328 1362 1380 1388 tua
1402 1354 1554 1401 religione
1581 1355 1790 1401 considentes,

1043 1414 1103 1447 qua
1127 1402 1200 1446 side,
1233 1415 1295 1449 qua
1322 1404 1460 1448 caritate,
1493 1404 1524 1439 in
1543 1413 1651 1452 partes
1673 1406 1742 1440 illas
1762 1414 1792 1441 te

1043 1451 1271 1497 direxerimus,
1298 1453 1365 1500 ipse
1393 1461 1437 1494 tu,
1460 1453 1682 1499 dilectissime,
1705 1467 1794 1490 reco-

1043 1501 1179 1545 gnoscis.
1202 1501 1269 1548 Age
1291 1515 1367 1548 ergo
1390 1515 1445 1549 pro
1467 1516 1534 1550 spe,
1557 1516 1651 1551 quam
1674 1504 1712 1539 de
1738 1513 1789 1540 tua

1044 1550 1209 1596 prudentia
1236 1551 1394 1598 gerimus,
1428 1561 1458 1587 et
1486 1554 1609 1600 negotia
1644 1566 1787 1601 quaeque

1045 1599 1160 1644 poteris
1180 1599 1318 1636 Domino
1345 1601 1512 1637 adiuvante
1545 1604 1696 1638 canonice
1734 1603 1792 1638 de-

1044 1648 1133 1683 finire
1161 1662 1306 1696 procura,
1342 1663 1378 1685 ea
1414 1651 1549 1686 maxime
1585 1665 1641 1699 pro
1675 1652 1792 1700 quibus

1043 1698 1220 1744 specialiter
1242 1700 1357 1735 missus
1379 1712 1424 1744 es,
1448 1701 1591 1736 videlicet
1609 1714 1688 1748 quae
1712 1703 1792 1737 inter

1044 1747 1279 1783 Narbonensem
1311 1759 1342 1783 et
1378 1750 1616 1785 Tomeriensem
1643 1751 1788 1786 abbatem

1044 1797 1215 1831 iactantur:
1244 1798 1373 1833 veniens
1406 1800 1561 1846 siquidem
1584 1812 1656 1834 cum
1679 1800 1791 1836 Barci-

1044 1847 1175 1881 nonensi
1203 1847 1296 1882 fratre
1320 1856 1427 1883 nostro
1450 1849 1617 1883 venerabili
1639 1850 1791 1897 episeopo

1044 1896 1316 1932 reverentissimus
1337 1897 1431 1932 frater
1449 1906 1555 1933 noster
1576 1898 1791 1934 Narbonensis

1043 1945 1309 1993 archiepiscopus,
1337 1959 1432 1993 quem
1455 1947 1638 1983 iamdudum
1668 1948 1726 1983 vita
1761 1956 1791 1983 et

1043 1994 1195 2040 religione
1237 2005 1411 2042 spectatum
1452 1997 1621 2041 habemus,
1656 1997 1790 2044 plurima

1043 2043 1191 2078 adversus
1209 2044 1446 2080 Tonieriensem
1471 2046 1614 2081 abbatem
1632 2059 1791 2094 conquae-

1043 2101 1110 2127 stus
1144 2101 1208 2134 est,
1243 2094 1378 2134 scilicet,
1414 2095 1497 2142 quod
1533 2095 1683 2130 ecclesias
1716 2109 1791 2131 stiae

1044 2141 1199 2177 dioecesis
1224 2143 1438 2178 saecularibus
1461 2145 1667 2191 potestatibus
1694 2145 1791 2180 fultus

1045 2191 1179 2229 invadat,
1201 2193 1285 2238 quod
1308 2195 1596 2228 excommunicatos
1617 2194 1707 2228 alico
1723 2195 1792 2230 siue

1044 2240 1128 2273 omni
1151 2241 1220 2275 eius
1246 2241 1444 2276 absolutione
1480 2244 1627 2289 recipiat,
1650 2243 1735 2290 quod
1759 2244 1790 2278 in

1044 2288 1171 2323 Iaceiitii
1198 2290 1273 2324 sede
1293 2291 1361 2325 sine
1382 2292 1428 2326 sui
1452 2292 1574 2326 lii-entia
1597 2292 1703 2326 fecerit
1723 2293 1792 2339 epi·-

1044 2350 1175 2385 scopum
1202 2342 1391 2381 consecrari,
1414 2341 1562 2388 qnodque
1589 2341 1697 2375 auditu
1716 2341 1792 2377 hor-

1047 2388 1177 2422 rendum
1213 2397 1278 2429 est,
1313 2397 1471 2424 mortuum
1509 2390 1567 2424 sub
1593 2392 1792 2426 ana—themate

1080 2462 1119 2497 (l)
1136 2462 1211 2495 Quod
1224 2463 1351 2497 epocham
1368 2463 1446 2490 huius
1461 2464 1586 2498 epistolae
1596 2469 1706 2499 spectat,
1723 2465 1793 2492 riiilla

1047 2502 1071 2528 in
1090 2504 1146 2529 eius
1162 2503 1231 2529 calce
1257 2503 1350 2537 legit-ir
1367 2508 1424 2530 nota
1442 2504 1640 2539 chronologica:
1664 2506 1708 2531 scd
1735 2510 1795 2531 ante

1046 2551 1142 2569 annum
1163 2544 1227 2569 tout}
1244 2544 1330 2569 datam
1348 2544 1425 2570 fuisse
1440 2544 1580 2569 dicendum
1606 2548 1665 2577 est,
1686 2552 1746 2571 cuiii
1761 2553 1793 2571 eo

1046 2590 1114 2610 anno
1130 2583 1224 2610 obierit
1240 2583 1383 2610 Dalmatius
1398 2584 1622 2620 archiepiscopus.

1827 222 1875 248 An.
1888 220 1916 247 C.
1937 220 2007 249 1095
