2180 3205
169 221 217 248 Λη.
235 220 263 248 C.
287 221 353 248 1126

194 1369 245 1389 Eius
257 1373 350 1389 examen

166 1400 241 1442 {ciram
256 1395 352 1416 Honorio

430 213 500 245 558

383 276 498 310 multae
533 273 774 309 christianorum
803 269 1008 317 captivitates,
1050 279 1131 314 pec-

380 327 458 360 catis
483 323 699 369 exigentibus,
723 321 940 364 contigerunt·,
962 326 993 353 et
1014 317 1130 352 debac-

382 373 496 408 chandi
534 373 564 406 in
599 371 786 407 christianos
818 367 1000 403 Sarracenis
1034 366 1129 400 multa

379 423 475 457 crevit
496 421 635 456 audacia.
659 421 823 455 Praeterea
836 418 1007 453 lanuenses
1024 415 1062 450 ad
1082 428 1130 450 ur-

379 472 449 506 bem
473 472 644 515 venientes,
676 480 841 504 romanum
868 467 988 502 clerum
1015 473 1046 499 et
1073 477 1129 511 po-

380 521 490 567 pulum
525 520 692 555 sollicitare
735 517 884 553 attentius
921 515 1127 555 studuerunt,

378 570 547 604 suadentes
588 569 634 604 eis
671 580 819 613 magnum
859 577 927 600 esse
965 564 1127 599 Romanae

378 619 537 654 Ecclesiae
559 619 796 660 detrimentum,
822 615 880 650 nisi
908 626 1058 649 concessa
1077 612 1127 646 di—

377 669 479 713 gnitas
506 669 638 703 pisanae
664 667 838 702 auferretur
863 663 1034 699 Ecclesiae.
1070 662 1128 696 As-

377 717 523 752 serebant
537 717 621 752 euim
644 717 819 751 Romanam
836 713 1010 748 Ecclesiam
1032 711 1126 746 huius

377 779 509 813 guerrae
536 779 661 802 causam
683 775 713 800 et
735 765 909 799 fomentum
928 762 1079 801 existere;
1097 769 1126 795 et

377 817 402 850 si
425 816 669 851 Corsicanorum
692 815 912 861 episcoporum
932 809 1125 846 consecratio

373 866 411 900 ad
440 867 601 913 proprium
624 864 801 900 dominium
818 862 980 896 Romanae
1003 871 1126 894 revoca-

374 923 461 949 retur
486 915 659 958 Ecclesiae,
687 912 900 948 indubitanter
933 910 1014 944 inter
1039 921 1073 943 se
1094 916 1125 942 et

373 964 505 999 Pisanos
538 976 645 1010 pacem
668 971 697 997 et
723 960 922 996 concordiam
946 958 1120 1005 provenire.

372 1013 430 1048 His
458 1014 553 1060 igitur
574 1012 679 1048 causis
705 1010 854 1045 dominus
874 1008 959 1055 Papa
981 1007 1124 1042 Calixtus

373 1063 460 1109 pacis
485 1070 605 1097 amator
631 1060 791 1103 inductus,
818 1058 1019 1093 donatiouem
1040 1056 1123 1090 illam

374 1111 505 1147 pisanae
539 1110 700 1146 Ecclesiae
727 1121 742 1144 a
771 1109 837 1143 suis
871 1105 1124 1142 antecessoribus

371 1161 495 1202 factam,
517 1169 548 1195 et
574 1173 590 1195 a
617 1172 652 1195 se
674 1160 742 1207 ipso
768 1158 935 1200 firmatam,
963 1155 1048 1203 pacis
1068 1155 1123 1188 in-

371 1211 452 1245 tuitu
477 1209 644 1254 revocavit,
669 1218 701 1243 et
727 1207 834 1254 scripti
863 1206 909 1241 sui
934 1205 1047 1252 pagina
1075 1204 1123 1238 ir-

371 1260 484 1294 ritavit.
502 1259 671 1295 Caeterum
686 1269 790 1304 neque
803 1256 881 1300 suis,
896 1266 998 1301 neque
1008 1254 1123 1288 nostris

372 1309 580 1356 temporibus,
603 1309 684 1342 inter
696 1307 828 1341 Pisanos
846 1313 877 1339 et
891 1304 1062 1345 Ianuenses
1077 1310 1124 1336 est

372 1358 477 1393 adbuc
499 1357 666 1393 concordia
683 1363 862 1391 consecuta.
885 1354 959 1388 Post
973 1352 1122 1387 commis-

371 1420 441 1442 sum
463 1420 536 1442 vero
552 1407 644 1441 nobis
665 1418 682 1441 a
703 1406 771 1440 Deo
785 1404 947 1439 Romanae
963 1401 1123 1436 Ecclesiae

375 1458 535 1503 regimen,
557 1465 601 1496 tu,
628 1456 721 1490 frater
742 1453 859 1499 Rogeri
887 1452 1000 1486 Pisane
1019 1450 1123 1485 archi-

370 1507 537 1553 episcope,
552 1513 582 1540 et
601 1505 748 1540 consules
769 1503 807 1537 ad
830 1514 887 1536 nos
902 1501 1074 1554 venientes,
1090 1507 1123 1533 ut

371 1556 410 1589 tle
448 1554 686 1590 consecratione
719 1552 964 1587 Corsicauorum
998 1561 1123 1596 episco-

375 1617 507 1648 porum,
536 1616 616 1651 quae
638 1603 773 1637 Pisanae
808 1599 968 1634 Ecclesiae
990 1610 1007 1633 a
1030 1609 1122 1644 prae-

370 1653 591 1688 decessoribus
624 1651 740 1686 nostris
767 1649 908 1689 Urbano,
933 1647 1061 1682 Gelasio
1092 1655 1120 1681 et

371 1703 442 1737 aliis
464 1702 574 1737 collata
603 1701 713 1744 suerat,
747 1707 778 1734 et
804 1700 872 1733 siue
905 1696 1122 1744 praecedentia

373 1753 513 1798 ipsorum
542 1751 729 1785 Pisanorum
753 1748 856 1794 culpa,
879 1754 909 1781 et
935 1745 1055 1792 absque
1075 1746 1123 1779 iu-

371 1801 456 1835 dicio
482 1801 601 1843 ablata,
630 1799 780 1834 iustitiam
818 1798 1014 1839 faceremus,
1047 1807 1123 1839 sup-

372 1850 495 1896 pliciter
517 1849 691 1896 rogavistis,
715 1845 932 1895 praesentibus
954 1845 1046 1878 etiam
1070 1842 1124 1877 Pi-

372 1900 467 1934 sanis.
495 1899 668 1933 lanueuses
703 1905 808 1943 postea
840 1895 878 1929 ad
916 1893 1121 1940 praesentiam

371 1949 546 1987 venientes,
572 1955 604 1982 ut
626 1947 728 1981 eidem
750 1956 836 1979 sacra
858 1943 991 1983 ablatio,
1007 1955 1022 1976 a
1037 1942 1122 1988 Papa

374 1997 499 2032 Calixto
519 1996 609 2037 sacta,
639 2007 693 2042 per
716 2007 773 2029 nos
796 1994 1004 2031 firmaremur,
1028 1990 1124 2024 nibil—

371 2047 498 2081 ominus
526 2045 734 2092 postularunt.
757 2043 822 2077 Nos
848 2050 952 2077 autem
976 2049 1124 2086 utrosque

370 2096 407 2130 ad
444 2107 551 2142 pacem
587 2093 761 2129 faciendam
791 2091 960 2137 diligenter
997 2089 1126 2123 monui-

369 2158 453 2185 mus,
480 2144 535 2179 sed
559 2156 666 2190 pacem
695 2142 733 2177 ab
749 2141 794 2175 eis
810 2139 955 2187 precibus
974 2139 1022 2172 vel
1050 2150 1125 2172 mo—

370 2195 443 2228 nitis
490 2194 658 2239 impetrare
699 2190 910 2237 nequivimus.
953 2188 1126 2222 Ianuenses

369 2244 471 2283 enim,
506 2242 561 2289 qui
589 2242 627 2276 ad
663 2252 721 2275 nos
748 2246 910 2282 venerant,
937 2250 970 2271 se
1005 2237 1042 2271 ati
1066 2236 1126 2270 lioc

373 2305 435 2326 uon
458 2304 527 2326 esse
551 2304 567 2325 a
591 2289 707 2337 populo
729 2301 786 2323 suo
799 2288 924 2329 missos,
942 2299 1043 2331 neque
1059 2298 1127 2319 eius

371 2341 514 2375 mandata
540 2352 633 2387 posse
657 2337 832 2384 transgredi
853 2335 1044 2370 asscrebant.
1060 2334 1125 2368 Ha-

371 2390 435 2424 bito
454 2390 548 2435 igitur
564 2389 693 2423 fratrum
709 2397 887 2421 nostrorum
901 2385 1125 2431 episcoporum

372 2448 402 2473 et
440 2439 647 2473 cardinalium
685 2435 841 2474 consilio,
876 2433 960 2481 quod
997 2441 1128 2478 uterque

373 2488 513 2535 populus
541 2487 579 2520 ad
603 2498 710 2533 pacem
741 2485 808 2531 cogi
837 2484 956 2517 ratione
985 2481 1128 2524 deberet,

946 213 1135 238 BULLARIUM
1161 211 1325 235 nonaxon

1171 266 1307 321 scriptis·
1321 266 1435 301 nostris
1451 265 1580 302 lauuam
1600 276 1630 303 et
1650 269 1739 305 Pisas
1763 270 1920 315 misimus,

1173 323 1411 362 praecipientes,
1439 324 1473 351 ut
1496 316 1525 350 in
1550 329 1643 352 manu
1659 319 1726 353 eius
1742 320 1920 355 iuramento

1172 364 1343 408 firmarent,
1369 373 1400 399 et
1421 365 1460 400 de
1482 377 1568 400 sacra
1584 365 1741 407 Corsica&
1760 377 1790 402 et
1805 381 1919 415 guerra

1944 218 1995 244 An.
2014 215 2042 245 c.
2059 215 2128 246 μω

1171 424 1270 460 usque
1292 414 1330 448 ad
1353 422 1426 449 tunc
1443 415 1620 462 proximum
1636 415 1740 451 Sancti
1755 417 1920 453 Michaelis
1952 428 1954 430 '

1171 463 1283 497 festum
1328 464 1442 498 nostris
1478 464 1670 500 iussionibus
1709 466 1838 501 obedire
1861 470 1916 511 (l).

1169 511 1339 547 Transacto
1363 512 1466 560 itaque
1499 513 1654 555 termino,
1683 523 1814 562 utraque
1847 528 1920 562 pars

1168 561 1207 595 ad
1230 571 1368 596 nostram
1386 562 1470 596 veuit
1485 563 1704 608 praesentiam.
1727 563 1791 598 Nos
1812 572 1919 599 autem

1168 610 1308 657 diligenti
1323 611 1427 646 studio
1442 611 1477 645 ad
1494 624 1602 658 pacem
1618 612 1698 647 inter
1715 625 1770 647 eos
1784 620 1921 648 statuen-

1167 659 1252 704 dam,
1279 661 1422 707 quamvis
1445 672 1506 694 non
1530 661 1768 708 profecerimus,
1790 662 1916 697 labora-

1168 709 1283 750 vimus3
1311 709 1438 744 demum
1461 722 1533 744 cum
1556 710 1594 744 ab
1615 711 1661 745 eis
1683 723 1918 758 quaereremus,

1168 766 1201 792 ut
1217 759 1391 793 iuramento
1415 760 1586 800 firmarent,
1608 772 1642 794 se
1658 761 1773 795 nostris
1787 760 1918 796 obedire

1168 808 1340 848 mandatis,
1374 808 1542 843 Iauueuses
1575 821 1608 843 se
1636 809 1665 844 id
1695 809 1826 856 implere
1853 823 1916 845 nou

1167 869 1259 902 posse
1280 857 1442 901 dixerunt,
1469 870 1507 892 eo
1534 858 1618 904 quod
1653 859 1699 893 sui
1734 858 1917 894 consulatus

1167 907 1318 940 terminus
1339 915 1420 941 esset
1442 906 1595 953 expletus.
1623 907 1714 942 Tunc
1735 909 1917 943 communis
1948 952 1950 954 Ι

1165 954 1390 990 deliberatione
1424 956 1567 1000 consilii,
1599 956 1786 991 Pis-anorum
1820 969 1917 1004 super

1165 1003 1223 1038 bac
1245 1017 1338 1039 causa
1361 1005 1571 1039 iuramentum
1600 1006 1795 1052 recepimus;
1823 1014 1853 1041 et
1875 1018 1914 1042 ne

1166 1052 1336 1088 lanueuses
1350 1054 1484 1100 aliquam
1501 1054 1716 1090 rationabilem
1735 1064 1841 1090 contra
1859 1068 1916 1090 nos

1164 1102 1361 1137 occasionem
1391 1103 1641 1149 praetenderent,
1667 1104 1842 1139 secundum
1870 1105 1916 1139 eis

1164 1158 1194 1185 et
1218 1152 1354 1196 tertium,
1378 1164 1432 1198 per
1452 1161 1574 1187 nostros
1597 1154 1729 1187 nuncios
1750 1161 1780 1188 et
1798 1153 1914 1197 literas,

1164 1201 1334 1235 terminum
1362 1201 1518 1236 dedimus.
1554 1201 1616 1243 Qui
1644 1201 1784 1248 profecto
1811 1215 1914 1249 neque

1166 1262 1220 1296 pro
1242 1262 1275 1284 se
1302 1250 1537 1285 excusationem
1572 1251 1755 1286 canonicam
1789 1251 1916 1286 direxe—

1165 1307 1246 1333 runt.
1273 1298 1355 1334 Cum
1378 1312 1454 1345 ergo
1487 1300 1566 1334 inter
1591 1300 1767 1335 Romanam
1799 1300 1914 1336 Eccle-

1164 1348 1241 1382 siam
1269 1356 1298 1383 et
1325 1348 1470 1383 Pis-anam
1504 1349 1647 1396 quaestio
1669 1358 1856 1390 remaneret,
1884 1358 1914 1385 et

1164 1397 1268 1432 Pisani
1304 1398 1340 1432 ad
1382 1398 1601 1444 requirendam
1637 1398 1799 1434 Ecclesiae
1838 1411 1914 1433 suae

1165 1446 1313 1481 iustitiam
1338 1459 1399 1481 non
1423 1447 1620 1487 desisterent,
1653 1447 1762 1482 fratres
1788 1456 1913 1482 nostros

1163 1495 1428 1543 arcliiepiscopOS,
1450 1496 1618 1543 episcopos
1644 1505 1675 1531 et
1695 1497 1834 1541 abbates,
1858 1497 1912 1543 qui

1164 1557 1289 1579 causam
1312 1553 1341 1579 et
1364 1545 1494 1580 modum
1528 1546 1570 1580 rei
1598 1553 1702 1591 gestae
1725 1558 1743 1581 a
1776 1546 1915 1593 praede-

1164 1606 1289 1628 cessore
1310 1602 1417 1629 nostro
1440 1594 1563 1629 Calixto
1584 1595 1676 1642 plene
1691 1603 1914 1642 pronoverant,

1164 1644 1417 1678 convocavimus.
1454 1643 1577 1686 Quibus
1609 1645 1639 1678 in
1672 1656 1760 1679 sacro
1787 1644 1916 1679 Latera-

1165 1693 1253 1726 nensi
1276 1693 1390 1739 palatio
1415 1693 1445 1727 in
1470 1693 1596 1727 nomine
1623 1692 1752 1728 Domini
1779 1705 1915 1740 congre-

1163 1742 1256 1787 gatis,
1283 1750 1404 1787 regesta
1434 1742 1712 1789 praedecessorum
1735 1751 1914 1777 nostrorum

1165 1790 1296 1831 Urbani,
1320 1790 1437 1825 Gelasii
1463 1800 1493 1826 et
1515 1792 1625 1826 Calixti
1649 1791 1855 1831 tradidimus;
1887 1799 1919 1826 et

1165 1840 1238 1884 quid
1262 1839 1335 1874 inde
1353 1853 1370 1875 a
1398 1840 1499 1880 nobis,
1529 1849 1692 1887 postquam
1715 1841 1918 1887 Apostolicae

1165 1888 1258 1923 Sedis
1283 1902 1363 1924 onus
1385 1890 1628 1936 assumpsimus,
1661 1890 1776 1924 sactum
1806 1890 1918 1934 fuerat,

1165 1946 1194 1972 et
1221 1947 1374 1984 quantum
1397 1951 1453 1985 pro
1479 1950 1553 1984 pace
1587 1939 1667 1973 inter
1700 1950 1754 1973 eos
1784 1951 1918 1985 compo-

1166 1987 1266 2021 nenda
1290 1987 1557 2027 laboraveramus,
1579 1987 1746 2034 diligenter
1767 1987 1917 2023 ostendi-

1167 2049 1252 2076 mus3
1273 2044 1417 2083 rogantes
1436 2037 1466 2070 in
1486 2037 1648 2077 charitate,
1670 2049 1732 2084 qua
1755 2045 1914 2077 venerant,

1167 2095 1199 2120 ut
1222 2086 1305 2120 iuxta
1327 2086 1412 2133 quod
1440 2086 1486 2120 eis
1517 2085 1623 2120 Sancti
1651 2085 1786 2132 Spiritus
1818 2086 1917 2132 gratia

1167 2136 1327 2179 revelaret,
1352 2135 1444 2169 nobis
1469 2135 1682 2170 consulerent.
1711 2135 1918 2169 Postmodum

1168 2196 1239 2218 vero
1260 2184 1392 2218 adiurati
1418 2185 1448 2218 in
1478 2184 1553 2228 fide,
1588 2196 1682 2230 quam
1706 2184 1797 2219 beato
1823 2184 1920 2218 Petro

1167 2242 1196 2267 et
1218 2233 1380 2267 Romanae
1400 2233 1557 2267 debebant
1582 2233 1758 2272 Ecclesiae,
1787 2245 1921 2279 respon-

1168 2282 1282 2316 derunt
1316 2294 1348 2316 se
1383 2283 1466 2316 nulla
1505 2282 1563 2316 alia
1595 2295 1687 2316 causa
1721 2282 1781 2316 uisi
1815 2282 1922 2316 divina

1169 2332 1317 2365 charitate
1339 2331 1377 2365 ad
1406 2331 1448 2371 id,
1475 2331 1560 2378 quod
1583 2331 1711 2371 dabant,
1738 2331 1917 2370 consilium,

1169 2380 1264 2414 fuisse
1283 2380 1459 2419 adstrictos,
1481 2380 1566 2427 quod
1587 2381 1736 2414 nimirum
1751 2379 1921 2414 consilium

1170 2443 1224 2476 per
1243 2430 1394 2476 scriptum
1412 2430 1547 2476 propriis
1569 2429 1749 2464 roboratum
1772 2427 1920 2463 manibus

1169 2480 1346 2513 ediderunt.
1382 2477 1482 2512 Cuius
1514 2478 1658 2513 videlicet
1689 2476 1797 2524 scripti
1831 2476 1923 2511 verba

373 2536 593 2572 convenimus.
613 2535 766 2580 Legatum
790 2545 864 2578 crgo
888 2540 1041 2571 nostrum,
1064 2531 1130 2564 (jo-
1172 2529 1246 2561 baec
1269 2535 1359 2561 suut:
1383 2527 1519 2574 Spiritus
1534 2527 1638 2562 Sancti
1654 2526 1793 2561 dictante
1808 2526 1920 2573 gratia:

376 2586 500 2626 mitent,
522 2592 598 2618 tunc
619 2583 789 2618 diaconum
823 2581 1029 2622 cardinalem,
1057 2591 1128 2614 cum

1206 2593 1244 2628 (l)
1266 2593 1385 2620 Forstum
1402 2595 1547 2618 obedirent.

1588 2591 1626 2626 (n.
1646 2591 1686 2626 τ.)

2022 2486 2129 2508 tudinium
2178 2484 2180 2486 ’

1956 2513 2131 2544 πεῐιίερὶεῳρο-

1943 2545 1994 2562 rum
2010 2543 2032 2562 et
2046 2544 2130 2566 episco·
2164 2567 2166 2569 Ι

2164 2855 2166 2864 -
2164 2827 2166 2834 -
2163 2737 2173 2805 ’μου
2165 2692 2173 2731 ›n-
