2180 3205
15 281 63 310 An.
82 279 110 308 C.
129 278 194 307 1120

47 826 152 848 Ecclesiae
175 825 194 845 in

17 853 113 876 Sar-linia
120 858 132 872 a
141 851 196 872 Gun-

26 885 75 902 uro
97 879 186 900 donatae

19 904 166 928 nuntiantibus.

44 1365 121 1388 census
142 1370 197 1392 qua-

20 1394 65 1414 ttor
83 1391 142 1413 solid.
155 1397 180 1412 tn‹
189 1402 199 1406 -

20 1421 78 1441 notae
85 1418 198 1446 papiensis.

46 1514 103 1536 Bona
118 1519 131 1535 a
144 1513 198 1535 Gun-

22 1545 72 1563 ιιω
93 1541 143 1563 data
152 1557 157 1565 ‚
179 1541 199 1560 5¹¹

22 1567 123 1595 parandas
130 1573 183 1588 mona
192 1576 200 1582 -

23 1593 66 1616 ubit
76 1596 142 1614 vestes
151 1599 200 1614 cor.—

23 1620 127 1642 munda.

48 1829 130 1852 Poena·
153 1835 200 1851 con-

30 1857 62 1886 132
91 1859 196 1877 monaste-

24 1883 202 1940 23¹2?ssssssOE

24 1934 88 1957 banis.

846 263 1004 286 cauxrcs
1028 263 1050 284 ΙΙ
1077 262 1123 284 ΙῬ.

216 328 390 356 rumtamen
417 318 495 354 locis
531 318 602 357 illis,
636 326 666 352 et
692 316 851 364 personis,
881 328 961 363 quac

215 368 381 416 specialius
402 379 438 402 ac
460 367 641 402 familiarius
662 366 824 401 Romanae
846 365 963 400 adhae-

215 425 284 452 rent
300 415 472 456 Ecclesiae,
491 428 635 463 quaeque
655 415 818 462 amplioris
841 414 964 460 religio-

216 466 283 506 nis,
305 474 335 500 et
356 465 516 511 dignitatis
541 465 638 510 gratia
657 464 871 510 prreeminent,
896 475 965 509 pro-

217 514 351 561 pensiori
386 526 443 548 nos
469 514 616 548 convenit
651 513 824 547 allectionis
858 511 963 546 studio

216 562 390 597 imminere.
429 562 473 596 Ea
513 570 660 608 propter,
701 561 753 594 filii
778 561 808 595 iu
835 559 963 594 Christo

215 611 387 651 karissimi,
411 611 554 658 petitioni
577 618 697 644 vestrae
717 622 778 644 non
808 608 962 643 immerito

215 659 419 695 annuendum
441 659 644 699 censuimus,
680 666 713 692 ut
740 658 770 691 iu
799 657 963 692 Sardiniae

217 708 356 756 partibus
373 708 410 742 de
433 708 513 743 beati
535 707 620 742 Petri
642 706 800 741 oblatione
821 705 962 740 substen-

217 758 323 793 tationi
353 765 471 791 vestrae
502 755 679 791 subsidium
703 755 829 802 aliquod
853 754 964 789 confe-

216 819 330 842 ramus.
369 806 427 841 Per
450 805 622 852 praesentis
654 804 746 850 igitur
772 803 878 850 scripti
906 815 964 837 au-

216 855 392 890 ctoritatem
421 854 508 889 vohis
531 853 704 900 vestrisque
726 851 964 887 successoribus

216 911 391 952 perpetrata
424 903 592 938 stabilitate
619 901 823 937 concedimus
861 901 965 935 eccle-

216 953 278 988 sias
316 952 402 996 illas,
436 963 514 999 quas
548 951 594 985 vir
630 950 744 985 nobilis
772 949 965 984 Domicellus

215 1001 357 1036 Gunnari
378 1013 441 1036 una
463 1012 535 1034 cum
552 1011 646 1034 uxore
664 1012 719 1034 sua
733 999 851 1033 Helena
875 998 965 1033 beato

215 1050 310 1085 Petro
344 1049 546 1097 cognoscitur
585 1049 776 1088 contulisse,
815 1047 966 1081 ecclesias

217 1099 337 1134 scilicet
361 1099 394 1134 S.
422 1098 505 1133 Petri
529 1097 568 1132 de
594 1097 751 1143 Nugulbi,
785 1096 819 1131 S.
846 1095 964 1129 Nicolai

217 1147 256 1182 de
270 1147 420 1193 Nugulbi,
443 1146 476 1182 S.
503 1145 611 1181 Heliae
625 1145 664 1180 de
683 1145 761 1180 Sitin
785 1153 814 1179 et
833 1144 865 1178 S.
881 1144 965 1178 Petri

217 1196 257 1231 de
276 1195 373 1231 Nurci
393 1208 465 1231 cum
489 1195 686 1242 pertinentiis
707 1194 783 1233 suis,
807 1202 839 1228 ut
860 1193 898 1227 de
918 1193 966 1239 ip-

218 1257 324 1280 sarum
345 1244 531 1287 redditibus,
552 1252 645 1291 prout
666 1243 796 1278 facultas
815 1242 965 1276 ministra-

218 1294 309 1338 verit,
330 1293 514 1328 indumenta
535 1304 660 1340 semper
686 1291 867 1326 Cassinensi
890 1302 967 1325 con-

219 1343 324 1378 ventui
343 1350 580 1390 praeparentur:
604 1341 689 1376 salvo
704 1341 853 1375 nimirum
870 1351 965 1374 censu

221 1400 357 1439 quatuor
389 1391 562 1426 solidorum
597 1390 798 1425 denariorum
834 1388 968 1435 papien-

220 1441 302 1476 sium
341 1439 474 1486 singulis
500 1440 592 1474 aunis
628 1438 829 1474 Lateranensi
854 1437 967 1484 palatio

220 1489 438 1536 persolvendo.
477 1487 559 1524 Sane
588 1488 803 1534 possessiones
835 1495 864 1521 et
886 1485 966 1520 dona

220 1539 343 1579 omnia,
385 1550 465 1584 quae
503 1537 681 1584 praedictus
707 1535 850 1571 Gunnari
877 1535 968 1569 beato

221 1591 356 1626 contulit
393 1591 584 1634 Benedicto,
618 1590 666 1625 vet
700 1589 869 1625 collaturus
903 1596 968 1627 est,

221 1645 424 1692 Apostolicae
438 1644 532 1679 Sedis
546 1643 721 1678 munimine
733 1642 969 1679 confirmamus,

221 1705 411 1739 statuentes,
438 1706 473 1732 ut
494 1698 544 1732 illa
572 1697 676 1732 omnia
698 1697 840 1731 similiter
862 1695 894 1729 in
917 1707 970 1729 ve-

223 1750 440 1786 stimentorum
470 1759 643 1785 vestrorum
674 1749 911 1797 praeparatione
939 1748 969 1781 in

225 1812 410 1851 perpetuum
445 1812 681 1838 conserventur.
717 1802 749 1837 Si
778 1802 848 1849 quis
875 1802 971 1848 igitur

223 1857 256 1892 in
281 1857 421 1892 futurum
444 1857 550 1898 iudex,
571 1856 769 1896 domicellus,
796 1863 849 1890 aut
875 1854 973 1890 eccle-

224 1910 349 1945 siastica
385 1911 544 1957 quaelibet
578 1910 786 1945 saecularisve
819 1920 972 1956 persona,

225 1963 342 1999 decreti
368 1964 463 1998 huius
484 1971 592 1998 tenore
624 1963 767 2009 cognito,
799 1962 973 2009 praedictas

225 2017 373 2052 ecclesias
413 2025 445 2052 et
482 2025 621 2052 caeteras
659 2015 786 2064 praefati
829 2014 973 2050 Gunnari

226 2069 401 2105 oblationes
433 2070 576 2114 auferre,
604 2069 652 2105 vel
692 2069 852 2110 minuere,
879 2076 931 2103 aut
958 2079 974 2102 a

228 2123 395 2158 constituta
412 2123 670 2158 vestimentorum
689 2122 889 2158 Cassinensis
905 2133 974 2156 con-

229 2184 340 2211 ventus
362 2177 597 2223 praeparatione
624 2175 807 2211 subtrahere
833 2175 880 2210 vel
903 2187 976 2209 mu-

230 2237 294 2264 tare
312 2230 573 2276 praesumpserit,
600 2229 763 2276 potestatis
785 2228 976 2274 honorisque

229 2282 277 2316 sui
304 2281 455 2328 dignitate
485 2290 609 2326 careat,
637 2294 786 2328 reamque
813 2294 847 2316 se
869 2281 977 2315 divino

231 2334 345 2369 iudicio
366 2335 498 2369 existere
530 2335 569 2369 de
602 2343 778 2382 perpetrata
814 2335 978 2381 iniquitate

231 2396 414 2433 cognoscat,
449 2395 480 2421 et
501 2399 518 2421 a
547 2387 759 2422 sacratissimo
781 2387 923 2434 Corpore
949 2395 979 2422 et

233 2439 394 2487 Sanguine
427 2440 486 2474 Dei
525 2448 555 2475 et
591 2440 718 2475 Domini
757 2441 980 2487 Redemptoris

233 2494 331 2528 nostri
351 2493 421 2529 Iesu
449 2493 566 2529 Christi
601 2494 703 2529 aliena
738 2493 801 2535 fiat,
828 2502 922 2541 atque
950 2494 979 2527 iu

236 2553 375 2581 extremo
408 2547 550 2582 examine
585 2547 743 2582 districtae
770 2547 881 2581 ultioni
903 2547 982 2582 sub-

239 2598 345 2634 iaceat.
372 2599 506 2635 Cunctis
526 2608 649 2642 autem,
681 2600 734 2648 qui
767 2600 983 2636 observatores

323 2748 337 2756 s

1639 252 1707 285 507

1005 315 1176 356 extiterint,
1205 315 1375 350 beatissimi
1403 315 1499 363 patris
1527 316 1625 351 nostri
1652 316 1759 352 Benc-

1005 369 1081 404 dicti
1112 368 1268 415 precibus,
1290 369 1516 416 omnipotentis
1541 369 1612 414 Dei,
1638 377 1670 405 et
1684 382 1757 418 apo-

1005 423 1160 466 stoloruu]
1196 422 1264 456 eius
1291 421 1375 457 Petri
1413 430 1443 458 et
1476 423 1565 458 Pauli
1596 424 1693 470 gratia
1726 432 1758 459 et

1006 475 1202 516 benedictio,
1229 483 1260 510 et
1288 484 1488 522 peccatorum
1522 477 1665 512 remissio
1700 478 1757 512 tri-

1006 522 1130 563 buatur.
1159 529 1272 563 Amen.

1054 581 1126 615 Eeo
1171 580 1335 615 Caunus
1374 581 1548 617 catholicae

1004 635 1176 682 episcopus
1197 645 1238 668 ss.

1596 583 1758 620 Ecclesiae

1058 1221 1172 1255 Datum
1200 1221 1372 1256 Beneventi
1409 1233 1464 1268 per
1496 1233 1627 1256 manum
1655 1221 1762 1269 Chry-

1008 1274 1118 1320 sogoni
1146 1274 1178 1308 S.
1213 1274 1253 1308 R.
1288 1274 1325 1308 E.
1361 1274 1484 1309 diaconi
1519 1273 1688 1309 cardinalis
1724 1286 1761 1310 ac

1009 1327 1250 1366 bibliothecarii,
1265 1340 1286 1361 v
1300 1327 1341 1362 id.
1352 1328 1488 1374 augusti,
1503 1327 1673 1363 indictione
1688 1341 1760 1374 xm,

1011 1380 1233 1415 iucarnationis
1266 1380 1443 1415 dominicae
1471 1393 1553 1415 anno
1579 1393 1679 1416 mcxx1
1702 1386 1760 1426 (1),

1011 1433 1211 1481 pontificatus
1233 1441 1337 1468 autem
1356 1433 1462 1468 domni
1481 1433 1596 1468 Calixti
1614 1433 1642 1468 ll
1657 1434 1762 1482 Papae

1010 1499 1093 1523 anno
1120 1499 1156 1521 11.

1063 1543 1125 1574 Dat.
1146 1544 1192 1574 die
1215 1544 1232 1574 9
1251 1543 1370 1581 augusti
1386 1552 1462 1572 anno
1484 1542 1600 1574 Domini
1626 1544 1709 1582 11-20,

1264 1587 1367 1627 pontis.
1388 1596 1464 1616 anno
1487 1596 1516 1617 11.

1370 1696 1409 1731 X.

1014 1765 1213 1808 Privileyium
1255 1764 1496 1808 confirmationis
1533 1765 1764 1798 inmunitatum

1063 1814 1199 1846 omnium
1228 1814 1267 1845 ab
1292 1813 1529 1846 antecessoribus
1564 1814 1763 1858 Pontificibus

1062 1862 1246 1894 monasterio
1299 1862 1333 1895 S.
1380 1862 1516 1905 Sophiae
1557 1862 1759 1896 Beneventum.

1064 1911 1203 1944 dioecesis
1224 1917 1411 1944 asserturum
1434 1912 1495 1952 (l).

1280 1978 1494 2009 SUMMARIUM

1016 2039 1205 2069 Prooemium.
1223 2055 1263 2061 —
1277 2038 1486 2068 Mouasterium
1505 2039 1559 2068 hoc
1578 2039 1671 2068 solius
1689 2039 1766 2076 Apo-

1056 2079 1175 2108 stolicae
1199 2077 1282 2108 Sedis
1305 2078 1362 2108 iuri
1381 2078 1557 2107 subiectum.
1584 2095 1623 2100 —
1648 2078 1764 2108 Confir-

1057 2123 1174 2147 mantur
1186 2117 1335 2156 privilegia
1347 2118 1444 2146 omnia
1457 2117 1599 2146 hactenus
1613 2126 1765 2153 concessa,

1057 2161 1085 2186 et
1102 2157 1177 2186 bona
1197 2157 1304 2192 omnia,
1323 2161 1409 2195 prout
1424 2156 1472 2185 hic
1491 2160 1712 2185 enumerantur.
1727 2173 1767 2178 —

1057 2196 1138 2230 Quod
1158 2196 1269 2224 nemini
1287 2196 1373 2225 liceat
1394 2195 1470 2224 idem
1491 2195 1701 2224 monasterium
1722 2196 1766 2224 ul-

1058 2235 1174 2264 latenus
1196 2234 1377 2273 perturbare.
1395 2250 1434 2256 —
1455 2233 1537 2268 Quod
1556 2234 1647 2264 abbas
1663 2244 1677 2263 a
1694 2235 1766 2264 solis

1059 2274 1212 2303 monachis
1228 2273 1363 2311 eligatur,
1376 2283 1389 2302 a
1403 2273 1534 2302 Romano
1546 2272 1687 2303 Pontifice
1699 2283 1768 2303 con-

1060 2312 1230 2342 secrandus.
1252 2329 1292 2334 —
1308 2312 1391 2347 Quod
1414 2316 1510 2341 tamen
1534 2312 1563 2341 in
1585 2313 1711 2351 reliquis
1731 2313 1766 2342 ab

1060 2353 1197 2390 episcopo
1224 2351 1373 2381 ordinario
1407 2351 1576 2388 dependeat.
1598 2368 1638 2373 —
1659 2351 1769 2381 Solitae

1060 2391 1223 2421 clausulae.
1240 2407 1280 2412 —
1300 2389 1414 2420 Callisti
1436 2390 1491 2420 PP.
1525 2390 1715 2429 subscriptio.

1057 2456 1096 2490 (1)
1112 2456 1147 2483 Ut
1162 2459 1281 2483 caeterae
1297 2459 1375 2482 notae
1393 2455 1593 2490 chronologicae
1617 2464 1678 2482 curn
1703 2464 1772 2483 anno

1021 2496 1190 2527 conveniant,
1211 2495 1350 2529 legendum
1369 2496 1476 2522 omnino
1492 2500 1532 2522 est
1548 2503 1610 2521 ann.
1622 2504 1706 2528 mcxx,
1718 2504 1773 2531 quo

1023 2535 1048 2561 in
1064 2543 1144 2561 cursu
1161 2539 1216 2561 erat
1233 2535 1341 2561 indictio
1357 2542 1417 2566 xnr,
1434 2538 1461 2561 et
1480 2542 1570 2561 mense
1591 2535 1700 2569 quidem
1725 2542 1774 2561 au-

1023 2580 1100 2608 gusto
1115 2583 1200 2601 annu3
1216 2582 1235 2600 11
1249 2573 1417 2608 pontificatus
1428 2574 1535 2600 Callisti.
1574 2574 1613 2607 (Ξ)
1625 2574 1663 2600 Ex
1671 2574 1772 2608 L'ghell.

1024 2614 1081 2640 Ital.
1102 2615 1148 2640 Sac
1177 2617 1241 2640 tom.
1254 2620 1313 2645 vm,
1332 2612 1376 2639 ubi
1393 2612 1425 2639 de
1449 2613 1628 2640 Beneventan.
1655 2612 1772 2647 archiep.

1786 268 1835 295 An.
1848 267 1876 295 C.
1897 268 1967 295 1120

1819 592 1900 613 Callisti
1927 592 1968 613 PP.

1785 618 1913 644 subscriptio
1924 635 1931 645 ,
1949 622 1970 640 et

1784 644 1881 671 sigillum.
