2180 3205
177 237 226 264 An.
247 236 275 264 C.
292 236 362 265 1083

202 599 281 621 eamus
293 607 358 622 annu-

175 632 199 647 us
209 628 234 647 ab
249 632 273 648 eo
284 628 359 648 Roma·

174 654 206 673 nis
223 653 359 675 Pontificibus

174 680 246 701 solvan
255 680 293 700 lus.

199 1611 286 1631 Abbatis
311 1610 357 1631 Clu-

172 1638 278 1657 niacensis
294 1638 358 1657 ninni-

172 1663 334 1684 niodaitirisdm
346 1669 358 1684 ο

172 1696 253 1716 superi·
264 1695 276 1710 o
287 1691 358 1710 tachos

173 1719 192 1736 et
203 1716 302 1736 ablatem
316 1722 358 1736 mo-

172 1745 259 1764 na‘lertt
281 1744 356 1764 huius:

201 2385 265 2407 Salvo
289 2388 358 2406 tamen

173 2413 218 2433 iura
233 2412 294 2434 Sedis
306 2414 339 2439 Ap*
352 2423 359 2428 -

173 2439 269 2459 naticae.

440 228 510 261 120

958 236 1146 260 nummum
1173 237 1336 261 ROMANCM

389 291 509 333 nisacii,
536 291 692 338 quondam
726 290 848 325 decreta
878 298 908 325 et
938 291 1137 326 corroborata
1182 303 1237 338 pro
1264 303 1320 326 sua
1349 291 1518 327 stabilitate
1543 301 1573 328 et
1595 295 1722 341 speciali
1750 296 1929 333 munitione

387 341 625 380 constitutione,
653 340 733 374 sicut
760 340 852 374 etiam
881 339 911 373 in
939 340 1029 384 aliis,
1057 353 1137 388 quae

386 390 425 424 ad
441 389 700 425 communionem
716 396 746 423 et
764 388 1035 423 confirmationem
1052 391 1137 424 eius-

386 438 458 473 dem
481 438 539 473 loci
562 437 705 477 fecimus,
730 437 863 472 habetur
890 437 1074 485 privilegiis;
1103 447 1137 473 ut

388 487 459 522 inde
482 499 538 533 per
563 486 706 532 singulos
728 499 828 522 annos
853 486 943 521 beato
970 487 1079 529 Petro,
1107 497 1136 523 et

385 536 455 570 eius
477 535 678 582 Apostolicae
700 535 788 580 Sedi,
815 536 846 570 in
871 537 1044 583 praesentia
1068 536 1136 571 Ro-

385 584 469 618 mani
513 584 698 622 Pontificis,
736 592 790 619 aut
827 585 896 620 eins
931 585 1133 632 archilegati,

385 632 518 678 Romae,
539 642 592 669 aut
615 633 667 668 ubi
689 634 755 680 ipse
779 634 915 675 iusserit,
936 643 1006 669 octo
1024 635 1135 669 diebus

385 690 457 717 ante
485 682 532 718 vel
561 691 632 729 post
659 682 718 717 kal.
753 684 840 723 maii,
876 683 957 718 idest
987 696 1134 719 romanae

385 732 497 767 unciae
518 732 584 767 auri
607 732 638 766 in
663 733 811 777 pensione
834 732 993 767 reddatur.
1017 733 1133 768 Verum

385 781 456 828 quia
485 789 515 816 tu
533 809 540 821 ,
568 781 771 816 dilectissime
793 781 886 816 frater
907 791 935 816 et
963 782 1059 817 abbas
1083 795 1130 817 re-

386 830 536 871 nerande,
558 830 596 865 ad
625 830 796 876 regendum
821 831 895 865 illud
919 831 998 865 idem
1025 844 1135 866 monzi-

385 880 514 914 sterium
555 879 593 914 de
632 880 876 926 congregatione
913 879 1134 915 Cluniacensis

387 929 579 968 monasterii,
613 929 663 963 cni
686 928 753 962 Deo
781 938 907 964 auctore
929 942 1062 976 praeesse
1085 931 1134 964 di-

385 978 556 1023 gnosceris.
581 977 703 1012 fratrem
720 977 874 1012 Vidonem
893 979 983 1013 nobis
997 979 1132 1019 donasti,

386 1027 485 1061 tirum
510 1026 687 1072 religiosum
715 1035 744 1061 et
774 1027 945 1074 prudenter
974 1028 1132 1068 edoctum,

385 1076 439 1122 qui
462 1075 578 1110 ibidem
594 1087 699 1110 sacrae
722 1076 880 1122 religionis
894 1076 1024 1111 formam
1041 1085 1133 1123 atque

386 1125 561 1159 doctrinam
590 1125 762 1160 secundum
788 1126 926 1171 regulam
956 1126 1053 1160 sancti
1077 1126 1132 1161 Be-

385 1173 513 1213 nedicti,
535 1182 565 1208 et
588 1183 707 1208 vestrae
729 1175 974 1208 conversationis
996 1187 1133 1210 consue-

386 1222 540 1266 tudinem,
563 1222 721 1267 edoceret,
749 1233 777 1257 et
800 1223 867 1258 Deo
894 1223 1062 1258 auxiliante
1085 1225 1132 1258 iu-

384 1273 544 1312 stitueret;
579 1285 617 1307 ne
645 1272 737 1307 liuius
762 1272 977 1307 :edificationis
1005 1273 1132 1320 vestigia

383 1321 414 1355 in
443 1329 604 1368 posterum
636 1321 825 1366 deteantur,
861 1330 913 1356 ant
947 1323 1004 1362 tui,
1040 1323 1134 1358 frater

385 1370 569 1417 spiritualis,
590 1371 742 1417 germinis
768 1370 887 1406 fructus
910 1383 964 1418 per
985 1371 1134 1418 subroga-

384 1420 500 1454 tionem
531 1420 664 1454 alicuius
696 1429 851 1455 extraneae
872 1422 1131 1463 conversationis,

383 1477 413 1502 nt
459 1468 669 1504 infoecundae
717 1470 980 1516 supplantationis
1026 1470 1132 1518 aliquo

383 1517 532 1564 deinceps
573 1526 714 1565 tempore
756 1518 881 1553 deficiat
901 1547 909 1557 ,
954 1519 999 1553 vel
1042 1532 1130 1555 occa-

383 1567 472 1601 sione
512 1567 677 1614 depereat,
716 1580 821 1602 curam
861 1569 945 1602 illius
980 1569 1037 1603 loci
1078 1570 1130 1603 tibi

384 1616 507 1662 tuisque
542 1616 779 1651 successoribus
817 1618 846 1651 in
879 1626 1066 1664 perpetuum
1100 1619 1130 1653 in

383 1673 486 1699 nostra
512 1677 577 1700 vice
599 1674 838 1705 committimus,
867 1675 897 1700 nt
921 1679 952 1700 in
980 1680 1049 1702 eius
1070 1680 1132 1713 gu—

382 1713 566 1749 bernatione
592 1723 683 1762 atque
711 1715 851 1749 custodia
880 1724 1003 1750 nostrae
1024 1717 1130 1751 solici-

385 1762 520 1804 tudinis,
556 1770 608 1805 tu,
641 1776 816 1811 omnesque
842 1777 1043 1800 successores
1069 1767 1130 1807 tui,

382 1821 412 1847 et
436 1820 622 1858 potestatem
642 1813 789 1853 habeant,
812 1822 842 1848 et
858 1814 998 1849 studium
1023 1827 1131 1861 procu-

383 1862 510 1896 rationis
543 1861 738 1908 impendant.
766 1863 975 1898 Decerninius
1013 1864 1130 1906 etiam,

383 1918 415 1945 ut
430 1910 567 1946 obeunte
588 1911 631 1945 ibi
653 1911 777 1951 abbate,
795 1920 894 1947 vestra
918 1925 1043 1960 semper
1058 1926 1131 1960 pro-

382 1960 484 1994 videat
498 1959 670 2006 diligentia,
692 1969 848 2007 quatenus
870 1961 993 2003 idonea,
1013 1970 1042 1996 et
1057 1963 1131 1997 huic

384 2008 488 2043 officio
510 2009 615 2054 digna,
643 2009 675 2044 in
692 2011 760 2045 loco
775 2011 935 2056 regiminis
956 2012 1130 2046 secuudum

382 2059 521 2104 regulam
543 2058 577 2093 S.
601 2058 764 2094 Benedicti
793 2072 925 2106 persona
944 2061 1131 2107 subrogetur

382 2115 413 2142 et
438 2107 592 2154 quidquid
616 2108 646 2142 in
675 2110 864 2144 monasterio
891 2109 927 2143 ad
947 2122 1130 2156 augumen-

383 2164 448 2190 tum
462 2164 503 2194 ,οἱ
524 2157 775 2192 observationem
794 2160 982 2193 monasticae
1005 2160 1131 2205 religio-

382 2206 431 2240 nis
454 2205 574 2240 institui
594 2207 638 2241 rel
656 2207 814 2242 emendari
830 2209 1015 2254 oportuerit,
1030 2218 1131 2243 restro

382 2266 507 2302 semper
529 2255 708 2302 magisterio
730 2264 760 2290 et
782 2256 1016 2303 dispensatione
1035 2257 1131 2292 adrni-

382 2304 549 2339 nistrctur:
573 2305 657 2340 salva
684 2305 813 2352 quidem
837 2307 868 2340 in
900 2307 1047 2341 omnibus
1074 2320 1131 2341 au-

383 2353 526 2388 ctoritate
557 2353 651 2389 Sedis
683 2355 894 2401 Apostolicae,
929 2357 1020 2391 cuins
1056 2356 1131 2391 iuris

382 2401 472 2436 locus
503 2403 555 2437 ille
581 2416 650 2438 esse
684 2404 897 2449 dignoscitur:
929 2413 957 2439 et
988 2406 1129 2446 cacteris,

383 2462 463 2497 quae
485 2451 524 2486 de
545 2453 780 2488 consecratione
802 2453 934 2494 abbatis,
949 2461 979 2488 et
1001 2454 1130 2488 fratrum

383 2501 577 2545 monasterii⁷
603 2514 726 2537 necnon
753 2511 783 2538 et
804 2503 935 2537 aliorum
952 2503 988 2537 ad
1013 2503 1041 2536 id
1060 2516 1131 2550 per-

383 2548 564 2593 tinentium,
590 2562 645 2584 seu
676 2551 714 2585 de
741 2552 894 2586 reditione
925 2564 1051 2592 census,
1075 2565 1153 2609 ,ιο-1

1178 341 1239 375 sibi
1266 342 1438 385 concessis,
1460 341 1586 378 decreta
1614 355 1649 378 ac
1675 352 1789 380 statuta
1820 346 1928 381 firma-

1179 402 1291 424 Vtmus.

1412 552 1604 601 vicroa
1639 553 1696 602 ιιι
1735 618 1739 621 ,

1438 639 1533 669 ΡΑΡΑ
1555 639 1660 670 CLVIII

1184 702 1277 734 Anno
1307 713 1397 735 aerae
1420 702 1534 736 Christi
1558 715 1665 737 comm.
1697 705 1914 740 MLXXXVI.

1179 774 1392 856 Desiderius,
1415 829 1451 851 ex
1468 818 1666 866 principibus
1681 819 1925 860 Beneventanis,

1177 865 1313 911 primum
1355 867 1547 908 monachus,
1582 880 1656 902 mox
1695 868 1792 903 abbas
1818 868 1927 903 Cassi-

1175 915 1292 952 nensis,
1315 923 1345 949 et
1370 914 1404 950 S.
1431 915 1468 949 R.
1496 916 1533 950 E.
1557 916 1725 952 cardinalis
1740 918 1788 951 tit.
1807 917 1841 952 S.
1861 917 1927 953 Ce-

1174 963 1276 1007 ciliae‚
1304 963 1368 998 fere
1396 966 1421 998 vi
1449 965 1588 1000 adhibita
1624 965 1811 1010 (Cassinurn
1837 969 1922 1001 enim

1174 1012 1357 1058 aufugerat)
1394 1013 1509 1048 invitus
1535 1026 1661 1061 semper
1695 1027 1731 1050 ac
1767 1016 1926 1059 renitens,

1175 1061 1204 1094 in
1233 1061 1376 1096 diaconia
1410 1062 1444 1096 S.
1470 1063 1586 1098 Luciae
1607 1064 1657 1098 die
1679 1067 1724 1098 24
1748 1065 1819 1099 maii
1842 1077 1926 1099 anno

1177 1111 1270 1144 1086
1292 1111 1410 1146 eiectus
1431 1120 1478 1146 est
1500 1111 1656 1154 Pontifex,
1678 1125 1714 1148 ac
1731 1113 1839 1148 Victor
1853 1114 1928 1149 Ter-

1173 1159 1237 1193 tius
1270 1159 1461 1206 appellatus;
1490 1161 1545 1195 sed
1573 1162 1699 1196 nonnisi
1726 1162 1776 1197 die
1802 1164 1823 1197 9
1854 1164 1926 1198 maii

1174 1210 1335 1254 sequentis
1363 1210 1436 1243 anni
1469 1210 1681 1245 ecclesiastico
1704 1223 1790 1246 more
1811 1223 1928 1248 conse-

1173 1265 1294 1297 cratus,
1333 1266 1363 1292 et
1398 1258 1428 1292 in
1465 1259 1645 1306 Apostolica
1679 1259 1763 1295 Sede
1806 1260 1927 1296 locatus

1174 1314 1219 1340 est
1234 1310 1289 1349 (l).
1313 1306 1403 1342 Sedit
1424 1308 1454 1341 in
1480 1308 1661 1355 pontificatu
1685 1309 1926 1356 imperantibus,

1174 1355 1203 1388 in
1226 1355 1356 1391 Oriente
1369 1357 1478 1391 Alexio
1494 1356 1676 1397 Comneno,
1697 1359 1729 1392 in
1747 1358 1925 1394 Occidente

1173 1403 1314 1439 Henrico
1340 1405 1394 1448 IV,
1422 1405 1461 1440 ab
1488 1406 1641 1442 electione
1670 1419 1787 1442 annum
1813 1421 1924 1449 unum,

1174 1466 1298 1489 menses
1312 1467 1362 1498 ιιι,
1376 1455 1443 1489 dics
1461 1468 1539 1500 xxii,
1562 1468 1578 1490 a
1595 1457 1831 1491 consecratione
1847 1469 1923 1492 vero

1174 1515 1298 1538 menses
1321 1516 1366 1547 iv,
1382 1504 1449 1539 dies
1471 1517 1518 1539 vu
1546 1507 1603 1548 (2).
1633 1505 1720 1540 Obiit
1741 1506 1825 1540 enim
1849 1506 1921 1541 Cas-

1173 1552 1231 1586 sini
1259 1553 1308 1587 die
1342 1555 1382 1587 16
1409 1554 1596 1600 septembris
1617 1567 1700 1589 anno
1728 1557 1834 1596 1037,
1858 1556 1922 1590 ibi-

1172 1613 1234 1647 que
1260 1603 1402 1648 sepnltus
1423 1611 1480 1641 est,
1504 1603 1641 1650 primum
1669 1604 1700 1638 in
1727 1604 1837 1639 abside
1870 1617 1923 1639 ca-

1173 1650 1260 1697 pituli
1285 1653 1481 1686 monasterii:
1511 1665 1583 1686 mox
1605 1664 1692 1688 sacra
1714 1653 1783 1687 eius
1801 1665 1871 1688 ossa
1886 1666 1924 1688 ex

1173 1700 1301 1746 antiquo
1316 1701 1459 1747 sepulcro
1482 1701 1512 1735 in
1532 1701 1683 1736 sacellum
1705 1702 1742 1736 B.
1766 1702 1923 1737 Bertharii

1173 1750 1317 1783 translata
1334 1757 1406 1784 sunt
1428 1762 1511 1785 anno
1536 1753 1641 1791 1515,
1665 1763 1701 1785 ac
1723 1751 1851 1786 demum
1869 1752 1924 1785 ibi·

1173 1797 1243 1832 dcm
1262 1799 1299 1832 ad
1316 1799 1421 1833 altaris
1436 1799 1594 1833 dexteram
1612 1809 1730 1847 partem
1750 1801 1921 1835 recondita.

1172 1846 1299 1881 Vacat-it
1320 1848 1421 1882 Sedes
1438 1861 1537 1883 meus.
1562 1861 1594 1889 v,
1613 1849 1681 1883 dies
1704 1862 1794 1883 xxvli
1818 1852 1873 1893 (ὅ).

1207 1911 1246 1946 (t)
1258 1912 1322 1938 Hinc
1339 1912 1435 1939 factum
1447 1913 1603 1945 dixerimus,
1616 1921 1629 1940 a
1642 1914 1773 1940 nonnullis
1784 1914 1859 1941 Sedis
1875 1922 1924 1941 va-

1171 1948 1265 1973 cationi
1283 1948 1335 1973 fere
1350 1948 1418 1974 duos
1433 1956 1515 1975 annos
1531 1949 1673 1976 attributos
1689 1950 1767 1983 (utin
1782 1957 1844 1976 mss.
1858 1950 1923 1976 Ber·-

1173 1982 1244 2008 uardi
1269 1982 1428 2017 Gnidonis),
1457 1991 1471 2009 a
1497 1984 1538 2010 die
1563 1984 1663 2010 scilicet
1688 1984 1777 2011 obitus
1802 1984 1922 2017 Gregorii

1172 2017 1220 2042 Pi).
1239 2018 1285 2043 Vll
1302 2018 1332 2043 ad
1352 2019 1464 2045 Victoris
1482 2020 1706 2046 consecrationem
1726 2019 1921 2047 numerandos:

1173 2053 1212 2078 vel
1232 2053 1320 2087 potius
1335 2053 1367 2079 ad
1384 2054 1453 2080 diem
1469 2054 1501 2080 27
1518 2054 1608 2088 aprilis
1627 2063 1695 2081 anno
1714 2055 1792 2085 ¹087,
1808 2062 1860 2090 qua
1880 2055 1923 2082 die

1174 2088 1272 2118 Victor,
1289 2088 1414 2115 electione
1433 2098 1479 2115 sua
1499 2089 1568 2124 apud
1585 2089 1700 2124 Capuam
1718 2098 1765 2125 per
1784 2090 1871 2116 crucis
1894 2094 1921 2117 et

1173 2131 1306 2157 purpurae
1318 2125 1524 2158 resumptionem
1541 2124 1707 2157 confirmata,
1724 2126 1824 2152 Cassini
1844 2129 1922 2161 post.-

1173 2158 1279 2184 modum
1300 2158 1394 2184 Pascha
1412 2160 1565 2186 celebravit.

1207 2194 1246 2227 (2)
1265 2195 1301 2219 lta
1328 2195 1421 2220 tertius
1445 2202 1474 2220 ac
1490 2199 1632 2229 sequentes
1656 2195 1775 2230 quinque
1790 2203 1821 2222 ex
1840 2195 1922 2222 Cata-

1172 2228 1235 2263 logis
1252 2229 1341 2255 Critic.
1360 2229 1500 2256 Barouian.
1522 2230 1656 2264 praefixis,
1685 2234 1791 2265 tresque
1813 2231 1855 2257 alii
1876 2231 1922 2257 Vi-

1171 2264 1294 2297 gnoliani,
1315 2265 1411 2298 quibus
1429 2269 1515 2291 tamen
1529 2274 1563 2291 in.
1578 2274 1616 2297 iv,
1628 2266 1685 2292 dies
1703 2274 1738 2292 rii
1755 2265 1922 2293 solummodo

1172 2299 1332 2327 inscribitur,
1354 2300 1439 2334 primo
1465 2305 1586 2327 extremo
1610 2309 1623 2327 a
1648 2301 1855 2327 consecrationis
1880 2301 1922 2328 die

1171 2338 1287 2368 sumpto.
1308 2335 1446 2362 Nescimus
1462 2340 1560 2367 tamen,
1578 2344 1632 2370 quo
1653 2337 1709 2363 iure
1725 2336 1777 2362 Leo
1793 2336 1922 2363 Ostiensis

1171 2373 1280 2399 asserat,
1300 2370 1430 2396 victorem
1458 2371 1557 2397 vixisse
1578 2374 1605 2397 ιἰι
1629 2372 1690 2397 Sede
1714 2373 1864 2403 Apostolica
1887 2374 1921 2397 ab

1172 2407 1225 2435 ipso
1238 2413 1299 2430 snat·
1315 2407 1444 2444 electIoni‘s
1464 2408 1573 2444 exordio
1589 2415 1660 2445 ιιιιιιο
1672 2414 1741 2445 ιιιιο;
1757 2405 1829 2440 quod
1840 2414 1921 2441 quam

1171 2444 1359 2478 computorum
1383 2444 1475 2467 rationi
1501 2447 1663 2467 contrarium
1689 2445 1737 2473 sit,
1766 2449 1842 2468 nemo
1868 2449 1920 2468 non

1173 2474 1304 2544 x“igi-Sic
1321 2510 1415 2544 legitur
1432 2511 1456 2537 in
1478 2514 1557 2537 tert:o
1573 2519 1606 2537 ex
1623 2510 1751 2545 Catalogis
1767 2519 1780 2537 a
1798 2511 1920 2545 Vignolio

1171 2544 1264 2571 editis:
1291 2550 1403 2580 quartus
1420 2554 1483 2572 vero
1498 2550 1524 2573 et
1549 2553 1644 2573 sextus
1659 2554 1692 2572 ex
1713 2547 1803 2573 Critic.
1822 2547 1917 2573 Bai-on.

1172 2580 1304 2612 praefixis,
1323 2581 1416 2607 nabent
1432 2585 1533 2607 tantum
1550 2589 1585 2607 m.
1603 2589 1631 2613 v,
1648 2581 1704 2608 dies
1720 2589 1788 2613 ἣν,
1805 2582 1920 2609 exclusis

383 2605 500 2633 stremo
521 2599 560 2633 de
581 2610 667 2634 omni
688 2608 769 2635 statu
792 2602 860 2636 eius
887 2601 919 2636 in
946 2601 1130 2649 privilegiis,
1148 2611 1153 2648 1
1171 2615 1282 2641 sonasse
1297 2623 1432 2642 exaret-nis,

1953 236 2002 263 An.
2023 236 2051 264 C.
2069 237 2136 266 1086
