2180 3205
180 258 226 283 tn.
246 258 355 283 (3.1157

203 1341 354 1361 P<.,5«;ssioties

184 1376 325 1398 quascumque
340 1371 368 1391 il-

183 1404 257 1422 nimitas
277 1408 367 1422 conset·-

185 1435 227 1454 ωτι
243 1433 298 1454 iubet
310 1440 314 1457 3

209 1830 374 1850 &emtionibus-

192 1867 231 1887 φιτ)
242 1862 323 1887 fatigari
340 1866 375 1881 re-

211 2315 283 2336 Ροεηλ
299 2318 382 2335 eontra-

199 2347 336 2367 renuentium.

426 244 497 278 64ss

376 316 521 357 poterunt
541 319 609 341 csse
636 304 761 344 soliciti,
789 302 842 350 qui
865 302 922 337 sibi
945 301 982 335 ad
1011 312 1124 346 regen-

375 363 463 400 dum,
488 361 624 396 Domino
641 359 842 404 disponente,
864 355 1023 390 commissi
1040 363 1123 388 sunt.

280 426 285 438 ¹
326 417 560 463 '⁰⁴Ea'nbpter,
594 411 780 447 venei-abilis
815 409 844 444 in
880 408 1007 443 Christo
1034 408 1126 442 frater

178 452 308 471 b·»=nn·=1sen=
323 449 360 469 sub

375 468 595 504 Gebennensis
617 467 776 513 episcope,
806 464 869 499 tuis
908 463 999 497 iustis
1022 471 1128 510 postu-

230 520 234 532 ¹
260 550 268 562 f
317 518 546 561 ,1{¹{l;itioiiil)us
568 528 691 568 gratum
716 518 916 565 impertimur
946 529 1127 558 assensum,

179 608 188 619 P
234 580 297 619 ¹0¹0,
325 578 362 618 ‘352'
377 584 405 611 et
440 576 608 623 praefatam
652 573 896 609 Gebcnnensem
935 571 1127 611 Ecclesiam,

201 637 278 681 ¹„„‘f‚„
304 635 362 679 ''Jssj
377 631 426 665 cui
450 631 518 665 Deo
544 637 672 664 auctore
704 639 838 675 praeesse
861 626 1047 665 dinosceris,
1071 624 1129 659 sub

278 697 361 711 ἨΝ
379 685 458 719 beati
493 684 575 718 Petri
606 691 635 718 et
663 691 768 717 nostra
797 680 992 728 protectione
1027 679 1131 714 susci-

379 739 504 785 pimus,
540 746 570 772 et
609 736 783 784 praesentis
817 735 925 783 scripti
968 733 1131 781 privilegio

376 792 631 832 communimus,
671 798 862 827 statuentes,
900 797 932 823 ut
966 800 1014 832 ea,
1052 800 1131 834 quae

378 847 585 882 charissimus
612 846 642 880 in
670 844 798 880 Christo
821 844 905 878 filius
932 851 1038 877 noster
1065 842 1130 876 Ro-

379 913 543 936 manorum
573 901 752 947 imperator,
780 899 834 946 qui
859 898 961 944 regale
987 897 1036 931 ius
1060 909 1133 944 per-

379 956 521 997 tinentia,
557 955 611 989 tibi
640 963 669 989 et
691 953 852 989 Ecclesiae
876 961 946 987 tuae
974 952 1054 986 intra
1086 951 1135 986 ci-

379 1010 504 1044 vitatem
539 1008 782 1044 Gebenneusem
816 1015 846 1041 et
873 1015 976 1046 extra,
1012 1004 1135 1052 pietatis

380 1063 494 1098 intuitu
529 1063 671 1097 noscitur
700 1061 842 1108 legitime
876 1060 1068 1097 contulisse,
1105 1066 1135 1091 et

380 1118 487 1164 scripti
511 1117 559 1152 sui
583 1117 695 1163 pagina
712 1116 887 1153 roborasse,
910 1114 989 1148 sicut
1012 1114 1041 1147 in
1066 1113 1135 1159 ipso

380 1172 498 1218 scripto
519 1172 711 1210 continetur,
740 1170 795 1204 tibi
823 1169 949 1215 tuisque
976 1178 1137 1201 successo-

381 1225 468 1260 ribus
495 1225 679 1260 auctoritate
711 1223 804 1258 Sedis
826 1221 1027 1270 Apostolicae
1055 1221 1138 1254 iute-

382 1291 437 1326 gre
459 1279 699 1323 confirmamus,
726 1286 755 1312 et
780 1278 874 1312 huius
898 1275 1049 1323 privilegii
1067 1287 1138 1309 mu-

382 1332 502 1367 nimine
517 1332 713 1367 roboramus.
733 1332 899 1366 Praeterea
921 1341 1138 1378 quascumque

384 1386 613 1434 possessiones,
640 1396 861 1433 quaecumque
889 1384 992 1427 bona,
1027 1382 1137 1418 eadem

382 1440 525 1476 Ecclesia
548 1440 843 1487 impraesentiarum
876 1438 957 1473 iuste
984 1445 1015 1472 et
1041 1449 1140 1472 cano-

384 1495 455 1529 nice
483 1492 642 1541 possidet,
681 1494 794 1529 autin
830 1493 970 1528 futurum
1006 1503 1141 1527 conces-

384 1548 473 1584 sione
511 1548 720 1589 Pontificum,
754 1547 920 1594 largitione
949 1558 1058 1592 regum
1092 1545 1141 1579 vel

386 1602 585 1650 principum,
612 1602 771 1637 oblatione
799 1600 962 1638 fidelium,
988 1611 1043 1634 seu
1072 1598 1142 1633 aliis

386 1656 476 1691 iustis
498 1655 612 1700 modis,
635 1662 813 1702 praestante
841 1653 1001 1697 Domino,
1029 1652 1143 1700 poterit

386 1710 531 1757 adipisci,
560 1709 647 1743 firma
672 1708 727 1743 tibi
750 1708 878 1754 tuisque
906 1706 1144 1742 successoribus

387 1773 418 1799 et
445 1764 563 1799 illibata
590 1771 806 1811 permaneant.
829 1761 1038 1796 Dccernimus
1057 1772 1143 1806 ergo,

390 1828 422 1854 ut
444 1818 523 1853 nulli
545 1818 677 1853 omnino
691 1816 855 1851 hominum
876 1815 979 1855 liceat,
999 1815 1145 1862 supradi-

390 1881 471 1908 ctam
500 1872 675 1907 Ecclesiam
712 1880 829 1905 temere
861 1869 1061 1917 perturbare,
1093 1877 1145 1904 aut

390 1929 459 1963 eius
481 1926 697 1975 possessiones
719 1925 852 1969 auferre,
871 1923 919 1958 vel
936 1924 1055 1959 ablatas
1077 1925 1148 1958 reti-

392 1994 479 2027 nere,
500 1981 656 2020 minuere,
675 1992 729 2014 seu
758 1977 951 2026 quibuslibet
969 1977 1148 2013 vexationi-

393 2037 452 2071 bus
476 2035 621 2082 fatigare;
656 2034 710 2069 sed
738 2033 844 2068 omnia
866 2033 986 2079 integra
1018 2044 1148 2068 conser-

393 2099 516 2131 ventur,
543 2101 664 2129 eorum,
684 2100 739 2136 pro
760 2094 896 2135 quorum
917 2086 1148 2133 gubernatione

394 2153 424 2180 et
452 2143 703 2180 substentatione
736 2153 888 2178 concessa
915 2149 1010 2186 sunt,
1037 2140 1150 2176 usibus

395 2198 588 2235 omnimodis
615 2197 792 2245 profutura,
825 2196 908 2231 salva
942 2195 1089 2230 nimirum
1118 2195 1148 2229 in

395 2252 544 2288 omnibus
584 2251 788 2299 Apostolicae
822 2249 915 2285 Sedis
953 2249 1149 2284 auctoritate.

396 2308 429 2343 Si
452 2319 513 2354 qua
530 2307 623 2353 igitur
645 2306 676 2340 in
700 2305 839 2340 futurum
859 2303 1069 2339 ecclesiastica
1088 2315 1152 2338 sae-

397 2361 550 2396 cularisve
572 2372 721 2407 persona,
743 2360 823 2394 hanc
850 2366 974 2393 nostrae
997 2357 1152 2392 constitu-

398 2415 493 2449 tionis
514 2415 659 2461 paginam
684 2414 799 2453 sciens,
821 2420 929 2447 contra
948 2423 1016 2446 eam
1033 2419 1152 2445 temere

399 2468 508 2503 venire
534 2467 718 2507 tentaverit,
740 2465 881 2502 secundo
907 2465 1038 2500 tertiove
1065 2477 1148 2500 com-

400 2522 531 2565 monita,
557 2522 621 2556 nisi
639 2519 927 2569 praesumptionem
959 2531 1048 2554 suam
1076 2531 1153 2553 con-

401 2587 477 2622 grua
516 2575 727 2610 satisfactione
762 2574 953 2613 correxerit,
992 2573 1154 2621 potestatis

403 2629 596 2678 honorisque
617 2629 665 2663 sui
691 2629 840 2675 dignitate
862 2635 982 2674 careat,
1005 2639 1168 2676 reamque·

960 245 1146 269 Bt'thttttmt
1175 243 1338 266 ROMANUM

1932 239 1981 267 An.
1997 238 2026 265 C.
2048 236 2114 264 ¹15⁷

1164 310 1198 333 se
1225 297 1334 331 divino
1363 295 1480 330 iudicio
1513 294 1645 330 existere
1677 294 1716 328 de
1744 301 1918 341 perpetrata

1167 346 1332 394 iniquitate
1366 352 1553 391 cognoscat,
1592 351 1622 378 et
1655 355 1672 378 a
1706 343 1918 378 sacratissimo

1166 396 1308 443 Corpore
1325 407 1362 430 ac
1376 394 1539 440 Sanguine
1562 393 1619 427 Dei
1643 400 1673 427 et
1698 392 1825 427 Domini
1849 393 1919 428 Re-

1167 444 1341 493 demptoris
1371 444 1469 478 nostri
1496 443 1566 478 lesu
1588 441 1705 477 Christi
1732 442 1832 476 aliena
1857 442 1919 482 fiat,

1167 504 1261 543 atque
1289 494 1320 528 in
1349 501 1489 528 extremo
1515 492 1659 527 examine
1685 490 1843 526 districtae
1870 491 1920 526 ul-

1170 546 1244 580 tioni
1266 543 1443 582 subiaceat;
1472 542 1596 577 cunctis
1613 549 1717 576 autem
1733 540 1834 575 eidem
1852 540 1920 576 loco
1948 568 1990 589 ἡ,
2011 567 2120 589 emm,-

1169 607 1224 629 sua
1248 594 1313 628 iura
1335 591 1531 627 servantibus
1549 591 1589 626 sit
1610 603 1666 637 pax
1681 589 1808 625 Domini
1825 590 1920 625 nostri
1935 600 1981 621 taus.

1170 644 1240 679 lesu
1278 642 1415 682 Christi,
1452 650 1608 688 quatenus
1640 648 1671 675 et
1703 639 1753 675 liic
1785 639 1923 674 fructum

1172 693 1273 728 bonae
1296 692 1426 727 actionis
1449 690 1635 738 percipiant,
1661 697 1692 724 et
1718 689 1802 736 apud
1825 688 1924 723 distri·

1172 751 1256 777 ctum
1272 741 1412 776 Iudicem
1438 740 1574 788 praemia
1593 747 1737 774 aeternae
1762 738 1848 786 pacis
1870 739 1924 773 in-

1174 792 1308 827 veniant.
1332 791 1449 825 Amen.
1603 832 1609 839 ι

1222 845 1294 881 Eoo
1335 845 1505 879 Annuus-s
1552 842 1723 878 catholicae
1764 841 1926 877 Ecclesiae

1174 900 1343 947 episcopus
1364 911 1407 933 ss.
1954 898 2085 925 Subscriptio
2102 899 2125 918 οι

1942 929 2041 954 sigillum.

1175 985 1284 1028 (Locus
1298 983 1394 1028 siyilli
1404 983 1550 1028 plumbei,
1574 989 1606 1015 uc
1622 982 1653 1015 in
1672 988 1735 1015 aiil.
1752 993 1826 1026 paq.
1844 981 1927 1024 645)

1224 1068 1293 1114 Ego
1332 1067 1514 1102 lllaul'retlus
1557 1066 1720 1114 presbyter
1761 1065 1929 1100 cardinalis
1944 1081 1965 1098 ει
1979 1076 2000 1098 s.
2016 1076 2039 1097 n.
2055 1075 2129 1097 accie-

1944 1110 1988 1129 siae
2028 1106 2128 1128 cardina-

1176 1128 1206 1156 et
1220 1121 1253 1155 S.
1269 1121 1307 1155 R.
1327 1121 1362 1155 E.
1382 1120 1468 1155 card.
1488 1120 1724 1168 subscriptione
1748 1120 1827 1154 tituli
1846 1120 1929 1155 San-
1944 1140 1994 1160 „um
2031 1137 2129 1159 mmcd.

1177 1179 1244 1205 ctae
1269 1170 1416 1205 Sabinae.
1945 1171 2037 1192 anonas.

1228 1220 1297 1267 Ego
1329 1219 1503 1266 Gregorius
1540 1219 1727 1254 Sabinensis
1767 1219 1931 1254 Ecclesiae

1178 1274 1275 1322 episc.

1227 1328 1296 1374 Ego
1318 1326 1480 1362 Gerardus
1509 1327 1675 1362 cardinalis
1710 1327 1791 1363 tituli
1823 1327 1934 1363 Sancti

1179 1381 1332 1429 Stephani
1360 1381 1392 1415 in
1415 1380 1522 1416 Caelio
1549 1390 1668 1417 monte.

1229 1435 1295 1482 Ego
1318 1435 1475 1470 Henricus
1503 1435 1663 1484 presbyter
1696 1435 1865 1472 cardinalis
1887 1437 1933 1472 tit.

1180 1491 1230 1525 Ss.
1259 1490 1352 1524 Nerei
1376 1497 1406 1524 et
1428 1489 1576 1524 Achillei.

1230 1544 1297 1590 Ego
1320 1542 1395 1578 Otto
1422 1543 1575 1578 diaconus
1606 1543 1775 1579 cardinalis
1796 1544 1877 1579 tituli
1899 1544 1934 1581 S.

1182 1597 1311 1643 Georgii
1338 1596 1377 1631 ad
1399 1596 1512 1631 Velum
1535 1596 1688 1632 Aureum.

1231 1652 1299 1698 Ego
1327 1650 1516 1698 Rodulphus
1538 1651 1691 1687 diaconus
1717 1652 1889 1688 cardinalis
1903 1653 1936 1688 in

1183 1705 1280 1752 Septa
1303 1703 1438 1739 Sanctae
1464 1704 1591 1740 Luciae.

1233 1759 1301 1806 Ego
1324 1758 1431 1793 Guido
1453 1758 1606 1794 diaconus
1620 1759 1789 1795 cardinalis
1803 1760 1938 1796 Sanctae

1185 1813 1301 1848 Mariae
1328 1813 1358 1847 in
1387 1812 1527 1847 Porticu.

1235 1867 1303 1914 Ego
1331 1867 1406 1901 Otto
1441 1866 1595 1902 diaconus
1628 1868 1797 1904 cardinalis
1823 1868 1857 1905 S.
1880 1869 1939 1904 Ni-

1187 1922 1264 1957 colai
1289 1922 1318 1956 in
1342 1920 1478 1956 Carcere
1499 1921 1658 1957 Tulliano.

1237 1976 1304 2023 Ego
1335 1975 1459 2010 Arditio
1486 1975 1641 2011 diaconus
1677 1978 1795 2013 cardin.
1831 1977 1940 2014 Sancti

1188 2030 1360 2065 Theodori.

1237 2085 1307 2133 Ego
1328 2085 1412 2121 Boso
1434 2085 1588 2121 diaconus
1605 2085 1723 2121 cardin.
1739 2086 1790 2122 Ss.
1805 2086 1942 2123 Cosmae

1189 2147 1220 2174 et
1244 2139 1400 2175 Damiani.

1238 2194 1305 2241 Ego
1332 2194 1482 2230 Albertus
1519 2194 1671 2229 diaconus
1704 2194 1872 2230 cardinalis
1905 2195 1941 2231 S.

1190 2248 1332 2283 Adriani.
1372 2295 1374 2297 Ι
1620 2292 1623 2295 .

1241 2303 1356 2337 Datum
1378 2303 1445 2337 Lat.
1470 2315 1526 2350 per
1547 2315 1676 2339 manum
1692 2303 1829 2339 Rolandi
1850 2303 1884 2340 S.
1901 2304 1940 2341 R.

1191 2357 1228 2391 E.
1245 2357 1347 2404 presb.
1363 2358 1446 2392 cai-«l.
1461 2365 1493 2393 et
1507 2358 1697 2403 cancellarii,
1712 2371 1761 2394 xu
1776 2358 1837 2394 kal.
1853 2358 1942 2400 iunii.

1193 2410 1364 2446 indictione
1379 2423 1410 2452 v,
1430 2411 1655 2447 incarnationis
1668 2411 1845 2448 dominicae
1859 2424 1943 2448 anno

1192 2477 1316 2506 mccvii,
1344 2465 1544 2512 pontificatus
1573 2477 1646 2502 vero
1679 2466 1786 2501 domni
1813 2466 1943 2502 Adriani

1192 2520 1297 2567 Papae
1324 2519 1367 2554 lV
1391 2531 1474 2555 anno
1500 2532 1550 2555 ιιι.

1263 2586 1323 2616 Dat.
1343 2585 1390 2616 die
1411 2585 1446 2615 21
1469 2586 1538 2616 maii
1556 2595 1633 2616 anno
1655 2585 1770 2617 Domini
1789 2586 1876 2625 1157,

1448 2639 1527 2677 pont.
1551 2644 1627 2666 anno
1649 2644 1690 2666 ιιι.
