2180 3205
55 215 103 241 An.
121 214 147 241 C.
172 214 236 240 ¹067

80 408 189 429 Dum-nnn
199 413 202 431 !
213 413 222 427 r

51 436 149 456 lut-ruite
166 440 234 453 ιιιιιιιιι-

51 468 61 483 ι
72 462 110 481 eni
131 461 200 482 huni».
214 465 226 480 e

60 493 81 510 m
95 493 134 513 quc
163 487 175 506 b
192 492 227 507 uo-

59 520 111 535 ΙἮΙΙΙ.

75 864 201 890 spirituales
212 867 232 883 et

48 892 168 916 corporales
183 896 232 920 pue-

48 923 88 938 nae
110 920 183 938 contra
203 923 231 937 in·

47 943 191 966 observantes.

889 212 1086 235 ALssxaa'nEn
1111 213 1133 234 11
1157 213 1204 235 Pr.

261 265 376 300 minata
399 274 542 301 matrona
564 266 674 302 collata
701 274 792 310 sunt,
819 279 912 313 quam
936 279 1016 313 quae

1718 203 1764 234 ΞΩ

1112 266 1145 301 Si
1170 267 1260 302 iustis
1275 278 1437 303 servornm
1458 265 1517 302 Dei
1538 267 1744 314 petitionibus
1762 279 1813 301 sa-

258 314 297 352 ab
323 315 434 350 eadem
470 328 526 351 seu
560 317 693 350 caeteris
716 317 745 350 in
772 316 912 351 futurum
936 315 1016 350 iuste
1062 315 1282 360 tisfeeerimus,
1300 317 1408 363 procul
1425 317 1522 351 dubio
1539 316 1707 363 apostolica
1728 329 1814 362 prae-

254 363 447 399 confereuda
463 373 536 399 suut
553 365 709 399 fidelibus.
725 365 793 399 Sub
808 364 904 399 divini
922 364 1016 410 igitur

255 412 363 447 iudicii
401 414 612 449 obtestatione
641 415 823 458 statuimus,
851 421 884 447 ut
911 426 1014 459 neque

252 474 319 502 rex,
330 474 433 509 neque
443 463 520 507 dux,
533 463 685 502 marchio,
697 474 816 501 comes,
827 463 1012 497 vicecomes.

252 511 306 546 sed
323 523 426 558 neque
447 512 627 559 episcopus,
652 519 703 546 aut
727 511 829 558 aliqua
854 511 1014 557 praeditus

252 560 422 605 dignitate,
443 569 603 607 postremo
626 560 709 594 nulla
726 572 837 605 magna
858 572 1013 606 parvaque

254 621 388 657 persona
412 610 471 644 sub
494 609 662 644 cuiuslibet
677 609 1014 643 causaeetovcasionis

252 659 374 705 specie,
387 659 483 693 buius
497 666 622 693 nostrae
637 658 830 704 apostolicae
843 658 1014 693 sanctionis

255 708 417 742 decretum
438 707 609 752 infringere
625 719 681 741 seu
697 719 744 751 ea,
759 719 840 754 quae
856 707 916 741 iam
933 707 1013 741 iuste

254 757 367 792 collata
380 764 466 801 sunt,
478 768 623 802 quaeque
638 756 668 790 in
686 756 826 790 futurum
843 764 918 790 sunt
933 756 1012 790 iuste

253 805 458 849 conserenda,
470 806 575 852 aliquo
587 805 681 839 modo
696 817 731 839 ac
746 805 851 840 studio
867 806 1011 839 minuere

253 853 302 889 vel
324 854 448 889 auferre
468 862 657 901 praesumat.
681 854 776 895 Quod
794 855 818 888 si
841 854 1013 900 aliquiste-

251 903 388 938 merario
414 915 492 938 ausu
516 903 596 938 banc
617 903 868 938 confirmationis
886 911 1011 937 nostrae

251 953 397 1000 paginam
421 952 538 987 violare
567 953 827 998 praesumpserit,
846 959 877 986 et
899 952 1012 987 admo-

251 1003 338 1036 nitus
351 1010 428 1045 ate,
445 1013 500 1036 seu
516 1013 532 1035 a
547 1002 788 1036 successoribus
811 1001 884 1044 tuis,
906 1013 1012 1036 emen-

251 1050 327 1086 dare
361 1050 598 1096 contempserit,
627 1051 811 1085 auctoritate
845 1050 1009 1085 beatorum

250 1099 467 1146 apostolorum
494 1099 580 1133 Petri
613 1107 643 1133 et
676 1099 764 1133 Pauli
793 1099 870 1133 sciat
892 1111 926 1133 se
948 1111 1010 1133 ex-

253 1149 538 1190 communicatum,
557 1155 589 1182 et
604 1159 703 1193 poena
715 1156 842 1182 centum
857 1148 1008 1182 librarum

252 1197 320 1232 auri
342 1196 572 1231 mulctandum.
591 1196 631 1230 At
654 1208 727 1231 vero
750 1197 803 1243 qni
826 1196 1010 1231 observator

252 1245 402 1285 extiterit,
424 1245 582 1292 repleatur
602 1245 795 1280 abundantia
818 1245 1010 1292 apostolicae

252 1294 494 1329 benedictionis.
510 1294 626 1328 Datum
641 1293 789 1328 Laterani
805 1307 839 1328 xr
854 1294 914 1328 kal.
932 1295 1008 1328 iunii

253 1354 311 1390 per
338 1354 468 1376 manum
497 1342 583 1377 Petri
612 1342 645 1376 S.
675 1342 714 1376 R.
746 1343 785 1377 E.
821 1343 1007 1378 subdiaconi

253 1399 284 1426 et
313 1390 544 1425 bibliothecarii
565 1403 648 1426 anno
675 1399 774 1431 sexto,
809 1392 1008 1437 pontificatus

251 1439 292 1475 D.
316 1439 486 1474 Alexandri
512 1452 611 1486 papae
637 1440 780 1483 secundi,
803 1441 869 1474 ab
863 1453 1008 1475 incarna-

251 1489 339 1524 tione
360 1500 434 1523 vero
457 1488 583 1523 Domini
605 1501 738 1529 mvan,
765 1489 940 1524 indictione
963 1502 1005 1524 vi.

325 1545 386 1576 Dat.
404 1545 452 1575 die
470 1545 508 1574 22
528 1545 598 1575 maii
617 1554 694 1575 anno
711 1545 827 1575 Domini
850 1546 934 1583 1067,

409 1585 514 1624 pontis.
534 1585 691 1615 Alexandri
710 1594 786 1615 anno
804 1594 841 1615 vx.

601 1720 657 1755 Xl.

250 1791 461 1826 Ferram‘enses
487 1793 631 1826 canonici
656 1805 722 1826 cum
751 1795 837 1826 bonis
867 1795 1007 1826 omnibus

297 1842 340 1874 ad
357 1853 462 1874 eorum
485 1842 675 1875 Canom'cam
694 1844 926 1886 pertinentibus,
953 1844 1007 1875 sub

292 1891 479 1934 protectione
502 1891 593 1924 Sedis
617 1892 811 1934 Apostoli'cae
832 1892 1007 1934 suscipiun-

297 1945 348 1972 tur
368 1941 425 1982 (1).
447 1940 539 1981 (Vide
560 1941 593 1972 in
628 1940 746 1973 Victore
772 1940 819 1977 II,
847 1941 948 1973 Const.
971 1939 1005 1974 Si

301 1987 403 2031 iustis,
424 1995 477 2022 etc.
501 1989 577 2021 Dae.
606 2000 689 2022 anno
715 1990 836 2031 1055).

519 2057 735 2088 smulAth‘M

254 2116 424 2148 Exordium.
451 2135 491 2140 —
514 2118 604 2155 Bona,
632 2128 706 2158 quae
730 2119 930 2149 Ferrariensis
954 2119 1006 2148 Ec-

290 2161 402 2191 clesiae
419 2162 570 2191 canonicis
589 2164 811 2192 confirmantur.
827 2180 865 2185 —-
885 2163 1006 2192 Eorum-

290 2205 356 2235 dem
376 2205 549 2234 immunitas
565 2215 580 2235 a
600 2215 787 2245 quacumque
806 2207 1006 2237 molestia.—

293 2248 455 2279 Anathema
475 2254 574 2278 contra
593 2250 750 2280 violatores
769 2256 824 2280 etc.

249 2315 402 2344 Alexander
421 2315 564 2351 episcopus
584 2322 679 2344 servus
704 2324 844 2345 servorum
867 2317 923 2350 Dei.
942 2318 1004 2346 Eve-

294 2364 377 2392 tardo
399 2363 654 2399 archipresbytero,
680 2366 708 2393 et
735 2372 846 2394 romano
870 2367 1004 2395 archidia-

295 2419 371 2446 cono,
387 2414 416 2442 et
434 2413 548 2449 reliquis
565 2414 701 2442 canonicis
721 2416 832 2443 sanctae
851 2415 1004 2444 Petrai-ien-

296 2462 336 2491 sis
354 2462 501 2495 Ecclesiae.
524 2463 634 2499 suisque
659 2464 875 2497 successoribus.
895 2464 924 2493 in
943 2473 1004 2502 per·

295 2512 417 2547 petuam.

288 2572 329 2608 (ἢ,
344 2573 384 2600 Ex
401 2573 501 2608 Ughell.
522 2573 580 2601 Ital.
598 2574 657 2601 Sac.
675 2577 739 2602 tom.
757 2582 787 2607 ιι,
804 2575 854 2602 col.
871 2576 933 2602 567.

1059 372 1146 410 etpla
1170 377 1246 399 sert
1250 378 1342 400 unus.
1362 366 1563 412 Quapropter
1581 366 1719 400 inclinati
1739 378 1813 412 prc-

1058 413 1149 448 cibus
1160 422 1280 455 nstris
1296 415 1346 448 lilii
1362 415 1537 449 charissimi
1543 427 1631 458 ,vos,
1648 423 1812 461 vestraque

1058 461 1138 496 bona
1165 464 1193 496 ιιι
1219 464 1394 497 munimine
1413 442 1604 510 apostolicae
1618 464 1812 498 defensionis

1056 511 1266 557 suscipimus:
1293 520 1386 558 atque
1402 514 1628 547 confirmamus
1649 521 1678 547 et
1702 526 1809 547 corro-

1057 560 1205 595 boramus
1246 561 1334 595 robis
1373 563 1544 608 vestrisque
1576 563 1860 597 successoribiis¹''’

1055 610 1239 648 canonicis,
1267 610 1419 656 quicquid
1445 611 1523 644 iuste
1552 611 1695 652 habetis,
1721 612 1810 651 idest,

1056 657 1175 698 villam,
1191 671 1271 705 quae.
1288 659 1618 703 ‹liciturQuai·tisaria,
1633 669 1661 694 ct
1676 661 1808 694 fundum

1055 715 1162 741 contra
1185 707 1320 746 Padum,
1345 716 1375 742 et
1398 709 1501 743 locum
1525 708 1649 763 Cuculi,
1667 718 1696 743 ct
1715 718 1808 755 caput

1056 755 1173 796 Redae,
1201 766 1231 791 ct
1260 757 1438 800 Baniolum,
1465 766 1495 791 et
1523 757 1572 790 W·
1568 758 1752 801 υιιῑιι,ιῑιοιιιῐι
1780 768 1807 792 et

1055 804 1187 839 fundum
1231 806 1382 845 Dec-oiile,
1416 806 1546 849 illlam,
1579 819 1659 853 quae
1697 808 1809 841 dicitu·-

1054 852 1150 888 Fossa
1187 855 1272 889 Nova
1307 867 1378 889 cum
1411 855 1530 902 capella
1568 857 1674 890 Smcti
1714 857 1806 891 Hirci

1054 902 1170 937 ibidem
1192 904 1261 943 5ιιιι,
1284 904 1590 951 ecclesiamquoque
1605 906 1711 940 Sancti
1734 905 1807 940 Sti-

1053 952 1149 998 pbani
1178 953 1208 987 in
1238 953 1337 999 burgo
1368 953 1510 988 Ferraria
1545 966 1616 987 cuin
1645 954 1807 992 οιιιιιιιιιι5·

1052 1013 1132 1046 quae
1154 1002 1182 1036 ei
1210 1003 1353 1037 attinent.
1391 1003 1523 1049 lusupei
1554 1003 1647 1036 etiam
1682 1004 1808 1038 medic-

1053 1057 1146 1084 tatem
1169 1050 1389 1086 decimationis
1418 1052 1519 1098 plebis
1545 1051 1652 1086 Sancti
1679 1052 1805 1098 Georgii

1052 1098 1082 1132 in
1121 1099 1307 1146 episcopio,
1353 1101 1618 1148 medietatemque
1661 1103 1804 1135 omnium

1053 1158 1170 1186 rerum,
1195 1161 1275 1195 quae
1304 1161 1359 1195 pro
1386 1149 1552 1183 animabus
1580 1150 1718 1183 fidelium
1747 1151 1806 1184 de-

1053 1195 1233 1231 functorum
1261 1198 1364 1232 eidem
1393 1198 1556 1232 Ecclesiae
1585 1199 1806 1245 relinquuntur

1052 1253 1113 1279 tam
1138 1245 1303 1280 mobilium
1327 1259 1422 1301 quam
1452 1247 1675 1287 immobilium
1707 1256 1802 1282 totam

1051 1294 1143 1328 etiarn
1168 1295 1323 1330 decimam
1351 1296 1447 1330 totius
1470 1296 1570 1339 xillae,
1592 1308 1671 1342 quae
1689 1297 1805 1332 dicitur

1050 1341 1252 1383 Cocomario,
1276 1353 1305 1378 et
1328 1353 1463 1388 caetera,
1482 1357 1562 1391 quae
1583 1345 1686 1380 eidem
1708 1358 1804 1380 cauo-

1049 1391 1138 1425 nicae
1174 1393 1344 1438 pertinent,
1372 1393 1495 1428 scilicet
1521 1402 1642 1431 teiras,
1684 1395 1802 1439 tineas,

1050 1448 1158 1485 prata,
1194 1452 1286 1487 agros
1319 1441 1422 1477 cultos
1448 1451 1477 1476 et
1506 1443 1662 1483 incultos,
1690 1456 1801 1490 aquas,

1049 1500 1266 1537 aquarumque
1287 1490 1453 1531 decursus,
1478 1492 1678 1537 piscationes,
1702 1506 1803 1527 xena—

1050 1538 1163 1582 tioues,
1181 1551 1235 1573 seu
1258 1540 1452 1583 molendina,
1475 1553 1583 1575 servos
1609 1550 1640 1575 et
1662 1543 1801 1582 ancillas

1048 1586 1191 1622 aldiones
1229 1596 1259 1622 et
1294 1589 1448 1624 aldianas:
1490 1590 1640 1636 quicquid
1681 1591 1802 1626 habetis

1049 1644 1110 1670 tam
1126 1636 1166 1670 de
1180 1645 1265 1683 parte
1276 1637 1438 1674 Ecclesiae
1451 1651 1544 1686 quam
1568 1639 1608 1674 de
1628 1648 1800 1675 vestroruin

1050 1694 1214 1731 parentum
1249 1686 1460 1729 baereditate;
1489 1700 1611 1722 necnon
1633 1689 1801 1724 duodecim

1049 1734 1193 1769 homines
1227 1735 1313 1770 illius
1345 1736 1416 1776 loci,
1443 1738 1497 1783 qui
1526 1738 1685 1782 navigent,
1720 1751 1802 1785 quo-

1048 1795 1184 1829 cumque
1218 1796 1293 1819 usus
1328 1794 1428 1820 vester
1460 1786 1577 1828 fuerit,
1612 1787 1680 1821 siue
1714 1789 1800 1821 omni

1050 1832 1166 1878 pretio:
1194 1844 1250 1867 seu
1273 1843 1403 1869 cunctas
1430 1847 1479 1869 res
1506 1835 1640 1869 mobiles
1673 1844 1703 1870 et
1738 1837 1800 1870 im-

1048 1880 1204 1925 mobiles,
1244 1882 1290 1917 vel
1330 1884 1483 1930 quicquid
1525 1884 1676 1930 deinceps
1719 1885 1799 1920 iuste

1047 1930 1232 1976 acquisituri
1265 1932 1351 1972 estis,
1371 1944 1405 1966 ea
1428 1932 1575 1966 videlicet
1608 1934 1738 1977 ratione,
1767 1944 1799 1968 ut

1048 1979 1153 2013 nullus
1174 1979 1203 2013 ιιι
1232 1992 1287 2015 vos
1313 1981 1374 2015 iam
1401 1982 1502 2016 dictos
1529 1983 1709 2025 canonicos,
1732 1984 1798 2018 sive

1047 2035 1168 2062 vestros
1198 2041 1410 2070 successores,
1438 2030 1627 2075 distringere
1654 2032 1700 2065 vel
1728 2044 1798 2066 mo-

1046 2076 1159 2111 lestare
1179 2077 1303 2119 audeat,
1326 2091 1430 2126 neque
1457 2088 1575 2114 vestros
1601 2080 1731 2115 colonos
1749 2081 1797 2115 vel

1046 2126 1184 2166 colonas,
1199 2135 1380 2174 vestiasque
1397 2128 1570 2167 facultates,
1593 2129 1660 2163 sine
1684 2130 1797 2164 ιοΙιιιι-

1046 2182 1108 2208 tate
1122 2183 1151 2208 et
1165 2187 1322 2210 consensu
1336 2177 1435 2223 ipsius
1448 2177 1608 2212 Ecclesiae
1631 2179 1794 2232 praesulis.

1046 2222 1227 2258 Statuentes
1264 2225 1360 2270 igitur
1395 2226 1550 2265 iubemus,
1580 2234 1612 2260 ut
1634 2228 1738 2273 quiete
1765 2236 1796 2262 et

1047 2272 1176 2326 pacifice
1197 2275 1313 2313 omnia,
1336 2287 1415 2321 quae
1441 2287 1536 2321 super
1563 2275 1720 2321 leguntur,
1747 2285 1797 2311 te-

1046 2321 1145 2355 neatis
1170 2330 1201 2355 et
1224 2323 1431 2368 possideatis,
1457 2324 1601 2358 omnium
1627 2324 1794 2360 bominum

1045 2370 1293 2405 contradictione
1312 2380 1448 2413 remota,
1471 2373 1510 2406 ita
1532 2381 1567 2407 ut
1590 2373 1696 2408 nullus
1717 2374 1793 2416 dux,

1045 2419 1198 2459 marchio,
1207 2400 1474 2468 archiepiscoptis,
1483 2422 1661 2468 episcopus,
1675 2435 1793 2464 comes,

1046 2467 1231 2508 ιιοοοοιιιθ5,
1250 2469 1397 2516 nullaque
1419 2482 1530 2516 magna
1551 2470 1598 2505 vel
1615 2483 1706 2518 parta
1721 2484 1794 2518 per-

1045 2528 1133 2556 sona,
1149 2517 1187 2551 d<
1203 2519 1323 2552 cunctis
1346 2520 1590 2564 praenominatis
1608 2520 1712 2561 iebus,
1730 2528 1793 2556 tam

1045 2565 1084 2600 de
1109 2565 1331 2602 ecclesiasticis
1356 2580 1449 2614 quam
1484 2567 1524 2603 de
1557 2569 1704 2616 propriis,
1738 2581 1793 2604 vos

1832 223 1879 248 An.
1901 222 1929 248 C.
1950 221 2014 248 1067

1857 285 1968 306 Exordium

1857 484 1913 504 Bona
1931 499 1935 504 .
1959 487 2014 508 qua·

1831 510 1901 531 ιὐιιιιι
1910 517 1921 528 ιι
1931 516 1968 528 ιι·ι-
1979 512 1998 528 h·
2009 519 2014 523 ·

1830 538 1907 558 clesiac
1928 541 2013 556 canoni-

1891 572 1906 582 ¹.¹
1918 568 2013 581 nlt'witn

1831 594 1869 613 lur-

1835 2012 1959 2033 Eorumdem
1971 2018 2006 2031 ιιιι-

1821 2039 1912 2060 munitas
1929 2046 1939 2059 a
1953 2044 2005 2064 qua-

1821 2071 1910 2091 cumque
1942 2066 2004 2085 ιιιυινυ

1821 2094 1868 2112 stin.
