2180 3205
67 276 197 305 .c.tt70

211 329 319 364 venire
346 329 531 371 tentaverit,
553 330 694 366 secundo
721 332 850 367 tertiove
878 345 961 367 coin-

209 379 350 423 monita,
380 380 439 414 nisi
475 388 593 415 reatum
616 393 709 415 suum
743 381 836 427 digna
865 383 964 416 satis-

208 427 343 463 factione
377 430 568 470 correxerit,
607 431 768 477 potestatis
812 431 965 465 honoris-

207 489 270 523 que
309 478 358 511 sui
397 478 548 525 dignitate
583 488 704 524 carcat,
743 492 892 527 reamque
930 492 964 515 se

205 526 316 562 divino
340 526 457 563 iudicio
480 529 613 563 existere
636 528 676 563 de
703 537 878 575 perpetrata
902 529 965 563 ini-

175 619 178 622 ι
205 576 325 622 quitate
346 585 533 623 cognoscat,
561 585 592 612 et
612 589 628 612 a
650 578 864 612 sacratissimo
882 577 964 613 Cor-

205 636 281 671 pore
312 637 349 660 ac
377 625 540 672 Sanguine
575 626 630 660 Dei
667 638 704 661 ac
735 627 862 661 Domini
893 627 962 661 Re-

205 673 380 721 demptoris
410 676 507 710 nostri
536 675 605 710 lesu
629 675 745 710 Christi
775 676 875 710 aliena
900 678 962 717 liat,

203 731 298 770 atque
327 723 358 757 in
387 731 527 759 extremo
553 725 697 759 examine
724 725 884 760 districtae
912 725 962 760 ul-

204 772 280 807 tioni
302 772 480 814 subiaceatz
509 775 633 809 eunctis
651 782 754 808 autem
771 774 874 809 eidem
893 774 962 810 loco

203 833 258 856 sua
281 822 347 857 iura
369 822 566 857 servantibus
584 823 623 858 sit
645 836 701 870 pax
716 823 845 858 Domini
864 824 960 858 nostri

180 867 272 906 'lesu
311 870 448 913 Christi,
487 881 643 919 quatenns
676 881 707 907 et
738 872 789 907 hic
824 872 960 908 fructum

202 918 305 955 bonae
328 922 459 956 actionis
482 922 669 969 percipiant,
695 930 726 956 et
753 922 837 969 apud
861 922 960 957 distri-

201 977 287 1004 ctum
303 969 444 1006 Iudicem
470 972 606 1019 praemia
626 979 771 1006 aeternae
797 972 883 1019 pacis
905 973 959 1006 in-

202 1027 338 1054 veniant.

50 1096 54 1099 .
97 1069 185 1092 «ΜΡΡ-
250 1068 323 1104 EGO
357 1069 559 1104 Amxsxneu
591 1069 763 1105 catholicae
797 1070 959 1105 Ecclesiae

199 1117 383 1165 episcopus.

54 1171 187 1197 Qssecst·
250 1166 317 1214 Ego
342 1167 527 1202 Bernardus
555 1168 740 1203 Por-mensis
766 1176 796 1204 et
821 1169 958 1204 Sanctae

85 1203 186 1224 ear-tina-
398 1217 404 1223 .

88 1233 186 1255 ..msere
199 1214 334 1252 Rulinae
354 1229 524 1264 episcopus
545 1217 651 1252 subse.

248 1264 318 1312 Ego
339 1265 507 1302 Conradus
511 1294 567 1301 .....
590 1266 699 1301 Sabin.
728 1267 815 1302 Eccl.
844 1280 886 1302 ss.

247 1314 316 1361 Ego
333 1315 409 1351 Ouo
435 1316 534 1363 episc.
562 1315 763 1350 Tusculanus
789 1330 831 1351 ss.

246 1363 316 1412 Ego
341 1364 388 1399 Io.
412 1366 515 1412 presb.
546 1365 630 1400 card.
659 1365 709 1400 Ss.
736 1366 780 1400 lo.
807 1375 838 1401 et
865 1366 955 1400 Pauli

199 1439 282 1448 .......
305 1414 412 1449 subsc.

247 1468 316 1515 Ego
354 1468 562 1504 lldebrandus
599 1469 745 1505 basilicae
780 1469 954 1505 Duodecim

199 1522 311 1569 Apost.
329 1522 434 1570 presb.
457 1523 543 1558 card.
566 1535 608 1558 ss.

248 1575 316 1622 Ego
330 1576 510 1611 Alexander
527 1577 630 1624 presb.
647 1577 730 1612 card.
747 1577 853 1612 Sancti
871 1577 956 1612 Lau-

198 1630 290 1666 rentii
317 1631 348 1665 in
370 1630 491 1666 Lucina
513 1644 555 1666 ss.

245 1684 315 1731 Ego
343 1684 373 1720 D
377 1712 448 1719 ......
478 1685 581 1732 presb.
609 1685 693 1720 card.
722 1686 768 1720 tit.
801 1685 836 1720 S.
871 1685 954 1720 Petri

197 1737 236 1774 ad
259 1738 395 1774 Vincula
421 1752 465 1775 ss.

247 1792 315 1839 Ego
333 1793 418 1828 Boso
437 1792 542 1840 presb.
559 1793 645 1828 card.
660 1794 796 1829 Sanctae
819 1793 954 1829 Pudent.

197 1846 244 1881 tit.
267 1846 407 1882 Pastoris
432 1860 474 1882 ss.

245 1899 314 1947 Ego
335 1900 450 1936 Petrus
477 1901 641 1949 presbyter
661 1901 745 1936 card.
775 1902 822 1936 tit.
845 1897 954 1937 Sancti

195 1954 290 1990 Laur.
314 1954 346 1989 in
368 1955 507 1990 Damaso
534 1968 576 1990 ss.

246 2008 315 2056 Ego
330 2008 469 2044 lacintns
487 2009 568 2044 diac.
584 2008 668 2044 card.
687 2008 822 2044 Sanctae
839 2009 956 2044 Mariae

197 2063 229 2098 in
251 2062 423 2098 Cosmedin
452 2076 495 2098 ss.

246 2116 314 2163 Ego
339 2116 523 2151 Manl'redns
545 2117 625 2152 diac.
659 2117 744 2152 card.
768 2117 802 2152 S.
824 2117 953 2165 Georgii

196 2170 235 2206 ad
258 2170 372 2205 Velum
399 2170 542 2206 Aureum
564 2183 606 2205 SS-

245 2224 316 2271 Ego
355 2223 449 2271 Hugo
481 2225 562 2259 diac.
598 2224 684 2259 card.
723 2223 756 2258 S.
791 2224 954 2261 Eustachii

198 2279 285 2314 iuxta
311 2278 465 2325 templum
488 2279 648 2326 Agrippae
671 2291 712 2313 ss.
854 2287 858 2291 ”

246 2332 364 2367 Datum
387 2331 558 2367 Tusculani
584 2345 638 2378 per
665 2345 793 2368 manum
813 2333 954 2368 Gratiani

198 2393 324 2421 sanctae
344 2384 385 2419 R.
412 2385 450 2419 E.
477 2385 620 2420 subdiac.
648 2386 733 2421 card.
761 2395 790 2421 et
818 2389 953 2428 notarii,

198 2452 237 2474 m
270 2439 342 2474 idus
375 2438 476 2480 sebr.‚
512 2440 738 2476 incarnationis
776 2440 954 2476 dominicae

198 2505 283 2529 anno
320 2505 449 2534 mccxx,
494 2493 693 2540 pontificatus
731 2506 804 2528 vero
843 2494 951 2529 domni

149 2585 166 2598 ο
198 2547 368 2583 Alexandri
390 2546 453 2581 PP.
476 2546 518 2581 Ill
540 2559 623 2582 anno
646 2559 688 2581 xi.

232 2603 294 2635 Dat.
310 2605 358 2635 die
382 2605 413 2634 ‘ll
438 2604 578 2634 februarii
597 2614 673 2633 anno
692 2603 806 2635 Domini
830 2605 917 2642 1170,

451 2649 552 2689 pontis.
575 2658 651 2679 anuo
669 2658 705 2679 xi.

797 278 994 302 Artixaxnr-:tt
1018 280 1054 302 ΙΙΙ
1079 279 1126 302 ΙΨ.

1643 273 1711 307 727
1777 285 1825 311 An.
1841 283 1869 311 c.
1890 285 1958 313 ¹170

1338 333 1422 370 XLI.

1008 405 1126 439 Literae
1148 407 1190 439 ad
1216 407 1366 451 episcopos
1400 409 1546 452 Anyliae,
1573 421 1609 443 ne
1632 411 1763 444 llenrici'

1053 455 1137 499 silius
1178 467 1235 489 rea:
1270 464 1430 491 coronetur
1465 459 1578 503 absque
1612 461 1759 504 praestito

1054 505 1227 537 iuramento
1262 506 1297 537 de
1327 509 1541 541 conservandis
1567 509 1686 542 iuribus
1712 521 1760 543 ec-

1053 554 1225 587 clesiasticis
1254 555 1315 596 (J).

1273 624 1489 655 SUMMAtttUM

1005 683 1160 714 Praefatio.
1182 701 1221 707 —
1250 685 1338 723 Regis
1361 687 1483 725 Angliae
1506 688 1600 718 lilium
1623 690 1758 720 coronari

1044 734 1071 759 et
1093 729 1120 758 in
1141 738 1239 768 regem
1263 730 1366 768 inungi
1385 736 1469 767 vetat,
1488 732 1546 761 nisi
1570 733 1653 771 prius
1680 734 1759 763 iura-

1044 777 1174 803 mentum
1195 773 1314 803 solitum
1339 779 1480 813 praestet3
1503 793 1539 797 —
1561 775 1595 806 Et
1613 777 1722 816 Anglos
1742 788 1757 808 a

1043 818 1237 847 sacramentis
1269 817 1401 847 absolvat
1422 828 1498 857 quae
1520 819 1556 849 ab
1582 820 1619 850 iis
1648 827 1757 853 extorta

1043 862 1172 891 suerunt.

1001 923 1133 953 Alexander
1155 925 1274 963 episcopus
1299 934 1378 954 servus
1407 935 1523 956 servorun]
1545 926 1596 965 Dei,
1619 927 1758 958 venerabili-

1041 967 1082 998 bus
1113 967 1230 1006 iratribus,
1259 968 1362 999 Tliotnac
1386 970 1558 1011 archiepiscopo
1585 971 1756 1013 Cantuariensi,

1041 1017 1063 1042 et
1086 1013 1198 1042 universis
1212 1014 1326 1052 episcopis
1344 1023 1384 1053 per
1405 1015 1513 1054 Angliam
1532 1017 1673 1055 constitutis,
1695 1017 1757 1047 salu-

1040 1060 1087 1086 tent
1104 1061 1126 1086 et
1148 1058 1299 1096 apostolicam
1318 1057 1516 1089 benedictionem.

1049 1119 1097 1154 Ex
1124 1121 1285 1155 commissi
1310 1121 1398 1156 vobis
1426 1121 1519 1157 officii
1543 1122 1652 1157 debito
1680 1123 1758 1158 soli-

999 1168 1130 1203 citudini
1157 1178 1278 1205 vestrae
1311 1171 1476 1211 incumbit,
1512 1172 1664 1207 Ecclesiis
1697 1172 1756 1208 Dei

999 1217 1157 1253 libertates
1187 1227 1218 1254 et
1253 1220 1320 1255 iura
1351 1233 1407 1255 sua
1440 1233 1576 1262 servare,
1598 1230 1629 1257 et
1650 1234 1689 1257 ne
1717 1222 1757 1257 ab

998 1267 1160 1314 aliquibus
1181 1270 1318 1316 opprimi
1341 1270 1462 1304 valeant
1480 1279 1532 1306 aut
1547 1271 1658 1316 deleri,
1685 1280 1757 1306 stu-

997 1316 1085 1351 dium
1114 1327 1260 1352 tenemur
1297 1327 1327 1352 et
1365 1319 1558 1366 diligentiam
1592 1320 1755 1356 adhibere.

998 1365 1065 1401 Hac
1085 1366 1240 1414 siquidem
1260 1368 1380 1403 ratione
1403 1369 1534 1414 inducti,
1549 1381 1580 1404 et
1594 1370 1756 1406 Ecclesiae

997 1414 1202 1451 Cantuarien.
1230 1429 1320 1452 suam
1350 1418 1489 1453 volentes
1515 1419 1701 1465 dignitatem
1725 1428 1756 1454 et

997 1465 1148 1500 iustitiam
1184 1478 1391 1508 conservare,
1420 1467 1602 1503 fraternitati
1631 1478 1754 1504 vestrae

998 1526 1053 1560 per
1074 1515 1245 1562 apostolica
1268 1517 1384 1563 scripta
1412 1517 1639 1565 praecipiendo
1663 1531 1756 1554 man-

996 1563 1120 1603 damus,
1145 1577 1267 1600 necnon
1298 1574 1328 1600 et
1355 1566 1384 1600 iu
1417 1567 1529 1602 virtute
1555 1567 1754 1603 obedientiae

997 1613 1202 1659 iniungimus,
1225 1622 1391 1661 quatenus,
1405 1616 1429 1650 s'i
1444 1616 1602 1652 Henricus
1624 1617 1754 1653 illustris
1780 1624 1843 1661 Regis
1863 1627 1954 1663 Angli-19

997 1661 1170 1709 Anglorum
1207 1677 1259 1698 rex
1292 1664 1390 1699 lilium
1413 1678 1506 1701 suum
1532 1668 1674 1701 coronari
1699 1680 1754 1703 ro-
1767 1656 1951 1714 ξῖωῗῃωξὲζῖξξ

997 1711 1100 1753 luerit,
1123 1721 1153 1746 et
1176 1714 1206 1747 in
1230 1725 1333 1759 regem
1358 1715 1480 1761 inungi,
1503 1724 1535 1751 tu
1560 1715 1652 1751 frater
1667 1716 1953 1769 Can—*Punssiflssufflgni‘

998 1761 1187 1803 lilariensis,
1214 1763 1251 1797 ad
1280 1764 1371 1799 cuius
1398 1764 1536 1800 officium
1565 1765 1603 1802 de
1624 1768 1750 1815 antiqua
1766 1755 1870 1801 {iniistis
1893 1757 1968 1814 ¹205}ss

1000 1809 1158 1849 Ecclesiae
1190 1824 1265 1846 suae
1286 1814 1518 1850 consuetudine
1545 1823 1575 1850 et
1601 1817 1753 1862 dignitate
1765 1814 1808 1832 “¹¹¹¹
1823 1815 1931 1838 ‘'mm“

996 1869 1139 1905 spectare
1169 1861 1360 1904 audivimus,
1382 1863 1407 1898 si
1425 1876 1552 1899 manum
1575 1866 1603 1900 ei
1631 1878 1753 1913 nequa-

997 1921 1090 1955 quam
1108 1910 1275 1957 imponas,
1304 1924 1361 1946 nec
1382 1912 1422 1948 ab
1448 1914 1508 1948 alio
1529 1915 1670 1961 quolibet
1693 1918 1753 1951 im-

999 1958 1072 2004 poni
1089 1960 1274 2005 permittas,
1297 1961 1355 1996 nisi
1379 1963 1466 2008 prius
1487 1963 1563 1998 illud
1587 1965 1753 2001 iuramen-

998 2015 1063 2041 tum
1079 2008 1237 2051 exbibeat,
1258 2010 1342 2057 quod
1373 2012 1422 2046 alii
1451 2025 1540 2059 reges
1567 2014 1636 2048 eius
1661 2027 1753 2062 prae-

997 2056 1180 2092 decessores
1217 2059 1379 2095 Ecclesiae
1411 2061 1493 2102 Dei,
1521 2070 1551 2097 et
1576 2065 1753 2110 specialiter

996 2105 1228 2149 cantuariensi,
1252 2109 1436 2155 impendere
1458 2121 1706 2154 consueverunt;
1721 2121 1752 2149 et

998 2155 1057 2190 nisi
1083 2157 1249 2192 universos
1269 2157 1309 2192 ab
1335 2159 1553 2195 observatione
1579 2172 1751 2199 consuetu·
1777 2179 1802 2200 Et
1828 2180 1908 2207 Angtos
1935 2189 1948 2203 a

997 2203 1105 2239 diuum
1129 2218 1271 2247 suarum,
1294 2216 1324 2242 et
1344 2211 1548 2244 sacramentis
1571 2211 1644 2256 illis,
1669 2214 1950 2265 quaeigfv‘fffflssfffssfflg

997 2253 1107 2289 ultimo
1150 2256 1189 2290 ab
1235 2256 1418 2292 hominibus
1459 2259 1592 2305 Angliae
1629 2270 1747 2298 extorta
1762 2257 1788 2293 iis
1803 2249 1949 2296 „midaii-

996 2302 1134 2348 suernnt,
1166 2317 1296 2351 prorsus
1324 2306 1476 2342 absolvat.
1505 2308 1604 2344 Vobis
1629 2307 1818 2355 autem‚‘¹¹¹¹¹'

996 2351 1106 2386 fratres
1132 2355 1283 2402 episcopi,
1305 2356 1488 2392 auctoritate
1509 2359 1680 2405 apostolica
1696 2361 1748 2396 di-

995 2401 1134 2436 strictius
1157 2403 1348 2446 inhibemus,
1370 2418 1409 2440 ne
1433 2405 1515 2442 illius
1537 2410 1746 2453 coronationi,

995 2450 1055 2484 nisi
1087 2451 1296 2488 iuramentum
1321 2455 1519 2501 praestiterit,
1537 2461 1746 2504 praesumatis

993 2498 1191 2546 aliquatenus
1219 2502 1384 2544 interesse;
1406 2505 1461 2540 sed
1490 2519 1544 2541 vos
1572 2509 1677 2554 potius
1694 2509 1747 2544 ab·

993 2549 1139 2590 semotis,
1174 2559 1203 2585 et
1231 2552 1321 2597 inde⁷
1349 2553 1469 2590 nullius
1495 2557 1744 2594 contradictione

1029 2613 1068 2649 (i)
1079 2615 1117 2641 Ex
1129 2616 1255 2651 Wilkins,
1267 2619 1365 2647 Concil.
1384 2621 1546 2650 Brittanniae
1555 2627 1581 2650 et
1591 2623 1743 2660 Hiberniae,

994 2657 1046 2684 vol.
1065 2665 1084 2690 ι,
1102 2665 1160 2693 pag.
1177 2659 1238 2685 [158.
1582 2660 1586 2664 '

1805 1139 1921 1164 Praefatio.
