2180 3205
23 278 72 307 An.
92 275 120 304 C.
140 276 206 304 ¹083

37 927 160 958 Adhortatio
174 927 202 949 ad

21 954 136 977 Aleten-tum
169 961 202 975 ar-

33 980 190 1011 ehhiepiscopum

20 1009 85 1036 pontt·
96 1013 109 1029 ι
117 1013 202 1029 conces-

21 1033 113 1064 eonion·
130 1033 202 1056 huius·

817 266 843 290 fl.
867 266 1051 290 aumonius
1073 266 1120 290 VH
1142 266 1191 290 PP.

1651 258 1718 291 117

229 317 448 356 festivitatibus
489 319 604 360 utaris:
635 318 779 355 videlicet
810 320 976 356 Nativitate
1020 329 1107 367 pont.
1135 333 1206 356 vero
1229 320 1346 357 domini
1366 320 1533 369 Greg.Vll
1553 321 1715 358 PP.ann0
1735 335 1769 368 x,

227 368 372 405 Domini:
397 368 561 404 festivitate
587 369 620 405 S.
649 369 817 417 Stephani:
842 369 975 415 Epipha-
1018 370 1189 405 indictione
1212 382 1257 404 vt.

227 418 293 454 nia:
321 416 428 453 Coena
450 417 594 453 Domini:
622 417 829 453 Ascensione:
858 418 976 453 Pente-

228 474 329 502 coste:
346 475 375 501 et
390 474 525 514 quatuor
544 467 764 503 festivitatibus
785 467 819 502 S.
841 466 974 502 Mariae:

227 515 395 552 Nativitate
422 515 456 551 S.
479 516 605 551 loannis
626 516 801 563 Baptistae:
830 516 976 550 natalitiis

227 565 468 611 Apostolorum:
491 565 525 600 S.
554 565 730 600 Laurentii:
754 565 784 599 in
808 564 975 600 festivitate

225 612 378 649 Omnium
402 614 603 654 Sanctorum,
617 626 697 662 quae
716 614 892 649 celebratur
913 614 973 649 kal.

225 663 424 698 novembris:
453 672 483 698 et
515 663 565 698 die
593 671 662 698 tuae
696 663 917 698 ordinationis:
945 672 973 698 et

225 711 257 747 in
297 711 518 747 festivitatibus
557 711 606 747 Ss.
649 724 784 760 quorum
836 712 974 758 reliqniis

224 768 278 796 tua
299 759 465 796 decoratur
482 760 641 796 Ecclesia:
669 770 761 808 atque
789 761 819 795 in
845 761 973 796 ordina-

225 810 311 845 tione
338 810 580 858 episcoporum,
607 822 662 844 seu
690 818 883 845 caeterorum
910 810 974 844 cle-

225 858 375 900 ricorum,
401 868 432 894 et
467 860 497 894 in
531 859 768 894 consecratione
799 859 971 894 Ecclesiae.

223 906 395 943 Hortamur
420 909 525 956 itaque
553 908 778 943 fraternitatem
807 916 912 949 tuam,
942 917 973 943 ut

224 956 326 992 honor
364 965 465 993 tantae
492 957 675 1004 dignitatis,
714 958 971 1004 supplementum

224 1006 332 1053 utique
351 1007 445 1042 totius
467 1006 669 1042 sacerdotalis
684 1006 815 1050 ordinis,
833 1006 973 1041 moribus

223 1055 286 1090 tuis
306 1056 488 1095 conveniat:
522 1064 552 1091 et
588 1068 649 1090 non
678 1055 779 1090 solum
814 1056 972 1100 exteriori,

223 1103 280 1139 sed
301 1104 441 1140 interiori
478 1104 597 1139 homini
626 1112 679 1139 tuo
706 1105 851 1140 decorem
881 1117 972 1151 prae-

225 1160 286 1189 stet
307 1161 339 1188 et
359 1154 506 1201 gratiam3
528 1154 685 1201 siquidem
707 1154 764 1188 ista
783 1161 855 1188 sunt
876 1153 971 1200 pallii,

223 1201 282 1238 ista
308 1211 382 1238 sunt
404 1203 586 1239 huiusmodi
613 1203 788 1238 indumenti
816 1203 916 1249 signa,
941 1211 972 1237 ut

224 1250 402 1287 Dominum
424 1265 465 1288 ex
489 1261 552 1288 toto
586 1252 691 1293 corde,
715 1261 744 1287 et
766 1261 826 1287 tota
858 1253 972 1296 anima,

225 1308 256 1336 et
289 1301 375 1336 omni
412 1301 526 1336 virtute
562 1301 694 1347 diligas,
729 1310 756 1335 et
794 1302 971 1348 proximum

223 1358 312 1384 tunm
331 1350 457 1385 sicutte
473 1351 588 1397 ipsum.
615 1351 694 1384 Nam
723 1349 794 1385 licet
816 1350 852 1384 ad
883 1362 971 1384 usum

223 1398 310 1447 pallii
347 1400 490 1434 omnium
519 1400 666 1434 virtutum
702 1407 886 1434 ornamenta
912 1399 972 1433 sint

222 1448 410 1490 necessaria,
426 1449 677 1496 inseparabiliter
698 1456 801 1483 tamen
825 1448 971 1488 charitas,

222 1513 303 1548 quae
329 1513 440 1537 omnes
466 1502 697 1549 supereccedit,
731 1514 767 1537 ac
803 1502 970 1549 pollentem

222 1555 374 1602 dignitate
400 1557 543 1591 comitari
566 1557 721 1591 convenit.
745 1556 792 1590 Ad
824 1556 972 1590 imitanda

223 1609 318 1656 igitur
339 1609 482 1645 omnium
503 1610 657 1644 bonorum
674 1610 894 1653 instrumenta,
912 1610 972 1644 vita

222 1657 253 1699 ct
273 1663 403 1699 scientia
425 1672 476 1698 tua
507 1664 640 1698 subditis
663 1664 725 1698 tuis
752 1664 790 1697 sit
818 1664 915 1698 forma
943 1672 973 1697 et

224 1717 342 1765 regula,
355 1725 387 1751 ut
403 1718 428 1752 si
445 1717 522 1764 quid
537 1718 565 1751 in
583 1718 629 1752 eis
645 1730 680 1752 ex
697 1718 832 1751 humana
854 1717 973 1762 fragili—

222 1778 284 1806 tate
306 1770 554 1817 reprehensibile
577 1770 836 1817 deprehenditur,
859 1771 971 1804 intuitu

222 1831 348 1859 sanctae
370 1824 618 1858 conversationis
646 1832 716 1858 tute
739 1823 776 1857 ad
806 1823 973 1857 rectitudi-

224 1889 295 1912 nem
333 1877 523 1912 sinceritatis
560 1878 750 1924 corrigatur:
786 1877 901 1923 qnibus
929 1878 973 1912 sic

225 1930 353 1981 studeas
385 1930 632 1978 dispensationis
664 1931 728 1965 iura
759 1931 912 1965 moderari
943 1932 971 1965 in

225 1984 419 2031 corrigendis
440 1984 533 2028 vitiis,
549 1993 582 2018 ut
601 1983 667 2018 zelo
691 1983 887 2018 rectitudinis
910 1983 974 2018 fcr-

225 2050 306 2079 veaS‚
333 2046 364 2072 et
391 2038 519 2072 modum
547 2039 772 2084 temperantiae
797 2050 857 2071 non
881 2050 973 2072 exce-

224 2091 302 2132 dus,
336 2099 389 2132 et,
424 2099 458 2126 ut
495 2091 602 2138 paucis
636 2091 732 2125 multa
767 2091 972 2138 explicemus,

223 2144 377 2191 quidquid
416 2145 446 2178 in
482 2144 533 2178 Ss.
563 2145 689 2178 Patrum
718 2145 808 2178 dictis
843 2145 973 2190 reperis,

223 2198 260 2232 ad
287 2205 386 2239 tuam,
408 2207 439 2232 et
461 2210 590 2236 eorum,
618 2198 669 2244 qui
694 2198 748 2231 tibi
782 2198 973 2242 subduntur,

224 2250 377 2285 utendum
389 2262 519 2285 censeas
534 2251 800 2290 aedificationem:
816 2261 973 2297 quatenus

223 2303 423 2338 documentis
446 2304 507 2337 tuis
529 2304 685 2343 instructi,
708 2313 801 2350 atque
830 2305 901 2338 boni
927 2320 974 2351 pa-

224 2356 319 2390 storis
345 2364 447 2391 tecum
482 2356 605 2390 valeant
631 2357 818 2403 pertingere,
847 2367 875 2392 vt
896 2372 974 2405 pirr—

225 2416 338 2456 petuae
362 2409 443 2443 vitae
466 2409 643 2443 felicitatem
677 2412 850 2457 percipere.

274 2462 389 2497 Datum
415 2462 536 2496 Romae
565 2474 620 2496 xvi
645 2463 704 2496 kal.
734 2465 805 2498 maii
830 2477 883 2512 per
906 2478 974 2499 tna-

227 2528 301 2550 num
347 2515 513 2550 Beniamin
529 2544 536 2557 ,
579 2516 737 2562 fungentis
782 2517 847 2552 vice
891 2518 972 2552 Petri

227 2569 261 2603 S.
281 2568 319 2602 R.
348 2568 384 2603 E.
408 2569 545 2616 presbyt.
572 2571 691 2604 cardin.
717 2578 746 2604 rt
772 2570 976 2606 bibliotheca-

228 2623 278 2664 rii,
289 2634 372 2657 anno
381 2622 558 2658 dominicae
569 2623 792 2658 incarnationis
803 2637 973 2665 mtxxxm,

1071 426 1133 458 Dat.
1156 427 1203 458 die
1223 428 1258 458 16
1278 427 1379 465 aprilis
1396 436 1471 457 anno
1486 427 1602 460 Domini
1622 428 1710 467 1083,

1215 467 1316 507 pontif.
1340 467 1424 506 Greg.
1447 477 1524 498 anno
1542 476 1569 498 x.

1352 582 1434 619 LlX.

1018 654 1216 697 Prt'cileqt’um
1240 655 1483 700 confirmationis
1503 656 1652 690 bonorum
1675 664 1767 700 arque

1063 703 1292 737 inmzuuilatmn
1315 706 1493 737 ntotmsterii
1518 706 1762 750 IIt'rsauyt'enst'S,

1063 753 1145 796 quod
1165 754 1218 785 sub
1248 754 1441 797 Apostolicae
1467 755 1556 788 Sedis
1580 757 1764 799 protectione

1064 802 1217 845 recipitur,
1230 802 1366 835 iniuncto
1377 814 1464 835 onere
1481 805 1578 836 annui
1595 816 1696 837 census
1710 807 1764 847 (l).

1287 869 1499 901 sotularium

1014 929 1181 961 Exordium.
1199 948 1239 954 -
1255 931 1406 962 Adelberti
1437 932 1473 962 de
1495 932 1564 963 Calb
1591 942 1706 972 preces.
1728 950 1768 958 --

1052 970 1259 1001 Monasterium
1285 971 1494 1010 llirsangiense
1517 983 1532 1003 a
1561 973 1669 1011 quibus
1702 973 1767 1003 fun-

1053 1011 1163 1040 datum.
1189 1027 1226 1033 --
1255 1010 1315 1041 Sub
1345 1013 1530 1050 Apostolicae
1559 1013 1644 1043 Sedis
1677 1013 1765 1043 tutela

1054 1051 1208 1088 recipitur:
1227 1050 1350 1090 eiusque
1367 1052 1498 1090 regimen
1516 1051 1671 1082 abbatibus
1684 1062 1765 1082 coin-

1054 1091 1188 1119 mittitur.
1203 1090 1436 1121 —Confirmatis
1451 1092 1613 1129 privilegiis
1627 1092 1765 1122 omnihus

1052 1138 1085 1158 ac
1102 1129 1285 1159 libertatibus
1302 1140 1316 1159 a
1333 1130 1409 1160 dicto
1428 1131 1584 1161 Adelberto
1602 1132 1765 1168 concessis,

1052 1169 1211 1199 dummodo
1234 1170 1328 1199 sacris
1345 1170 1510 1200 canonibus
1530 1180 1588 1200 non
1607 1171 1766 1200 adversen-

1053 1213 1107 1238 tur.
1135 1225 1174 1231 -
1195 1208 1310 1238 Poenae
1332 1214 1431 1239 contra
1456 1210 1611 1240 violatores
1642 1211 1764 1249 paginae

1055 1248 1152 1277 huius.

1013 1309 1155 1344 Gregorius
1175 1310 1315 1346 episcopus
1335 1317 1429 1339 servus
1449 1318 1589 1340 servorum
1618 1311 1673 1344 Dei,
1695 1312 1761 1340 dile-

1058 1355 1100 1382 cto
1119 1354 1173 1382 filio
1197 1355 1332 1383 Witlelmo
1361 1355 1452 1384 abbati
1479 1356 1683 1384 monasteriis.
1714 1357 1763 1384 Au·

1058 1398 1120 1426 relii
1150 1399 1177 1426 in
1211 1399 1371 1434 nirsaugia,
1404 1400 1432 1427 in
1459 1400 1615 1436 episcopatu
1646 1401 1765 1436 Spirensi

1058 1443 1151 1475 situm,
1171 1443 1280 1479 eiusque
1311 1444 1521 1477 successoribus,
1541 1445 1570 1472 in
1593 1447 1763 1481 perpetuum.

1061 1506 1142 1540 Cum
1165 1506 1305 1540 omnium
1328 1506 1489 1542 Ecclesiae
1513 1507 1648 1542 liliorum
1669 1508 1762 1542 saluti

1014 1563 1043 1589 et
1064 1555 1221 1590 securitati
1253 1556 1368 1590 Sancta
1395 1556 1496 1591 Sedes
1524 1556 1706 1603 Apostolica
1724 1570 1760 1592 ex

1014 1605 1150 1650 generali
1180 1605 1342 1651 pastoralis
1375 1606 1538 1650 regiminis
1569 1606 1764 1652 providentia

1014 1666 1123 1688 cavere
1157 1663 1185 1687 et
1226 1654 1391 1688 consulere
1423 1654 1551 1689 debeat:
1588 1663 1652 1689 tum
1692 1668 1763 1690 vcro

1015 1703 1146 1737 alacrius
1174 1711 1203 1737 et
1227 1703 1401 1749 impensius
1431 1703 1498 1750 piae
1526 1704 1710 1738 intentionis
1731 1713 1763 1739 et

1016 1751 1176 1797 religiosae
1208 1752 1384 1786 devotionis
1412 1760 1478 1786 vota
1513 1753 1693 1799 suscipere,
1728 1766 1764 1788 ae

1014 1801 1174 1835 salutifero
1196 1801 1319 1835 effectui
1344 1802 1534 1847 mancipare,
1555 1814 1682 1836 necesse
1704 1812 1764 1845 est,

1016 1858 1046 1883 ut
1075 1858 1231 1894 gratanter
1257 1850 1413 1884 bonorum
1436 1851 1612 1885 studiorum
1638 1852 1763 1896 petitio-

1015 1899 1107 1932 nibus
1142 1907 1308 1938 occurt‘at,
1340 1908 1370 1934 ct
1401 1911 1480 1945 quae
1507 1899 1545 1933 ad
1574 1901 1697 1935 laudem
1733 1910 1763 1935 et

1014 1947 1145 1993 gloriam
1183 1948 1281 1981 divini
1318 1949 1454 1982 nominis
1492 1956 1565 1983 sunt
1598 1949 1763 1993 instituta,

1015 1997 1207 2030 auctoritatis
1221 2009 1296 2031 snae
1311 1997 1466 2032 soliditate
1483 1998 1611 2032 firmiter
1625 1999 1759 2033 tenenda

1015 2045 1161 2079 stabiliat.
1185 2045 1277 2080 Unde
1303 2054 1333 2079 et
1361 2059 1417 2080 nos
1451 2047 1554 2081 dilecti
1586 2047 1638 2080 lilii
1662 2048 1760 2082 nostri

1014 2094 1176 2128 Adeiherti
1199 2095 1237 2128 de
1256 2094 1335 2129 Call)
1353 2095 1499 2129 laudabili
1520 2096 1675 2130 desiderio
1694 2108 1764 2130 con-

1014 2143 1206 2187 gaudentes,
1241 2143 1388 2190 pret-ibus
1422 2145 1491 2178 eins
1523 2144 1656 2178 Sanctae
1687 2145 1762 2179 Sodi

1015 2192 1216 2237 Apostolicac
1239 2192 1398 2226 humiliter
1414 2193 1540 2228 directis
1561 2194 1762 2239 acquiescere

1015 2240 1223 2282 decrevimus,
1246 2249 1276 2275 et
1305 2241 1448 2286 religiose
1477 2241 1630 2288 postulata
1658 2243 1764 2277 effica-

1015 2290 1091 2322 citer
1113 2290 1345 2323 concessimus:
1378 2292 1429 2336 qui
1460 2299 1605 2325 acti-snae
1628 2292 1764 2326 retribu-

1016 2338 1109 2371 tionis
1138 2350 1244 2372 amore
1277 2351 1451 2373 succensus
1485 2339 1515 2373 in
1541 2340 1667 2386 ptacdio
1694 2353 1764 2381 suo,

1015 2386 1099 2431 qnod
1128 2387 1242 2420 dicitnr
1276 2387 1440 2433 Hirsaugia
1458 2415 1465 2427 ,
1499 2390 1723 2423 monasterium
1747 2402 1764 2423 a

1017 2436 1266 2480 progenitorilnts
1301 2437 1366 2470 suis
1405 2438 1578 2483 antiquitus
1611 2446 1765 2473 constru-

1015 2492 1112 2523 ctum,
1142 2497 1251 2530 nnprt·⁴
1274 2497 1386 2519 amissa
1422 2495 1605 2526 restttttens,
1635 2496 1765 2522 venuste

1017 2534 1179 2579 reparavit,
1207 2542 1237 2567 ct
1270 2534 1299 2567 in
1323 2547 1399 2569 usus
1425 2534 1568 2578 fratrum,
1595 2536 1671 2569 inibi
1695 2536 1764 2571 Deo

1015 2582 1238 2621 sortientium,
1277 2583 1418 2629 pluribus
1451 2585 1704 2629 possessionibus
1735 2595 1764 2619 et

1050 2639 1087 2673 (l)
1106 2639 1142 2663 iix
1165 2643 1227 2665 torn.
1251 2647 1257 2665 1
1275 2640 1396 2666 tlt-nonita
1415 2641 1615 2675 lin-sangionsis,
1630 2650 1687 2676 lut-5.
1702 2642 1762 2668 2³19..

1796 278 1844 306 An.
1865 278 1893 306 C.
1912 278 1980 308 1083

1794 2092 1851 2113 Catu.

1827 1530 1947 1554 lixanum„

1822 2067 1927 2087 antherii
1953 2068 1978 2087 de

1827 2413 1845 2432 M
1853 2416 1920 2432 ’111301-

1868 2099 1949 2118 pret-ez

1925 2420 1976 2433 ΓΗΙΙΠ

1793 2439 1852 2459 Haza
1863 2446 1941 2462 iniens·-
1966 2446 1977 2458 a

1809 2473 1811 2478 ·
1832 2466 1843 2476 ·“
1905 2465 1963 2485 'nst-³

1801 2472 1842 2489 s.=¹··

1794 2495 1835 2511 lttni
