2180 3205
34 270 81 298 An.
100 268 129 296 C.
149 268 214 295 1133

59 1618 183 1640 uxoratum.

35 1919 123 1941 Ιοιιοει.
131 1926 142 1941 n
154 1920 215 1941 Ram·

34 1945 95 1968 herm
120 1947 206 1967 nrian

33 1977 46 1993 ι·
61 1973 215 1997 'ueniunt-nuta-

51 2013 58 2024 .
69 2003 88 2020 et
97 2005 108 2020 ι
118 2001 215 2021 Stntmiis

33 2025 217 2052 vunuacmusprt-

35 2052 116 2078 vilefliis
129 2054 214 2078 donati,

34 2077 88 2100 hon·
122 2084 216 2100 enume-

35 2108 109 2126 nutui·
122 2109 143 2127 et
163 2112 215 2128 con-

35 2130 156 2154 firm-ntur.

834 259 1045 284 inocculta
1070 261 1088 283 11
1117 261 1163 283 1Ῥ.

242 315 328 351 nicae
366 327 449 350 anno
487 327 648 355 mcxxxiii,
689 315 886 362 pontificatus
920 327 993 349 vero

240 365 347 400 domni
371 363 548 399 innocentii
574 364 636 399 PP.
666 365 797 398 set-nudi
820 377 903 399 anno
923 377 966 398 iv.

312 421 372 452 Dat.
392 421 438 451 die
457 421 494 451 ⁶29
514 421 575 451 iulii
600 432 676 450 annu
700 421 813 451 llomini
838 422 923 457 1133,

489 467 590 505 pontis.
611 477 687 496 anuo
710 475 746 496 tv.

569 623 656 658 XXl.

240 700 440 744 Confirmatio
468 700 617 732 bonorum
647 701 783 732 omnium
812 700 993 732 iiionrtsteri'i

287 750 337 783 SS.
370 748 513 782 Faustini
525 755 552 781 el
574 749 688 782 lavitae
712 750 884 782 Brixiensis
907 751 990 782 dioe-

285 798 356 831 cesis
383 799 501 831 ordinis
529 798 714 832 Cassi'nenst's
736 799 791 841 (l).

508 870 721 901 SUMMAtttUM

236 935 403 966 Exordium.
425 953 464 959 —
493 936 614 967 illonast.
639 946 653 966 a
678 937 836 967 Ramberto
862 936 988 967 Brixien.

278 982 416 1020 episcopo
440 981 571 1017 fundati,
594 986 622 1011 et
643 991 657 1010 a
681 980 812 1010 Summis
837 981 988 1011 Pontifici—

278 1024 334 1055 bus
354 1025 515 1063 privilegiis
534 1026 634 1060 dotati,
646 1025 721 1054 bonu
735 1031 947 1054 enumerantur
963 1031 990 1055 et

279 1069 499 1098 confirmantur.
521 1086 561 1091 —
577 1069 774 1099 Consirtnatur
801 1079 918 1108 quoqne
944 1071 989 1099 ius

276 1112 356 1150 ligna
375 1112 538 1151 accipiendi
559 1113 588 1142 in
612 1113 705 1142 Monte
728 1113 842 1150 Denuo,
867 1119 895 1144 et
919 1124 987 1153 pos-

278 1157 445 1186 sessionum
464 1157 604 1187 decimas.
622 1174 662 1179 —-
679 1157 800 1187 Abbatis
817 1158 988 1188 electionem

278 1201 313 1231 ad
336 1201 416 1230 solos
434 1202 594 1231 monachos
614 1206 745 1241 spectare
764 1202 990 1232 decernitur.—

278 1245 387 1276 Solitae
421 1245 637 1275 conclusiones.
666 1262 705 1267 —-
739 1245 899 1276 Innocentii
933 1247 987 1277 Pr.

277 1294 306 1319 el.
324 1288 351 1320 S.
370 1289 403 1319 lt.
428 1289 505 1319 Eccl.
528 1289 723 1319 cardinalium
744 1290 988 1330 subscriptiones,

237 1355 384 1384 Innocentius
404 1355 619 1394 episcopusservus
639 1365 755 1385 sertorum
770 1355 822 1394 Dei,
841 1356 926 1386 dilecto
941 1356 989 1387 filio

285 1397 381 1428 Alberto
415 1398 493 1428 abbati
524 1401 657 1429 monasterii
685 1400 819 1430 Sanctorum
841 1400 943 1431 Faustini
967 1406 989 1430 et

276 1442 372 1481 lavitae,
390 1444 451 1482 quod
468 1444 489 1473 in
510 1443 624 1473 Brixiensi
646 1443 757 1474 suburbio
771 1446 840 1474 situm
859 1450 906 1483 est,
930 1446 989 1475 eius-

277 1497 322 1527 que
343 1487 514 1518 successoribus
535 1488 676 1527 regulariter
697 1487 871 1527 substituendis,
895 1490 917 1518 iu
940 1498 988 1528 per-

278 1536 382 1572 petuum.

287 1599 336 1634 Ad
352 1599 412 1635 hoc
427 1599 614 1634 universalis
629 1599 790 1634 Ecclesiae
805 1611 877 1634 cura
896 1599 989 1635 nobis

238 1661 253 1684 a
276 1649 437 1697 provisore
459 1649 601 1683 omnium
623 1648 790 1689 bonorum,
814 1649 891 1693 Deo,
907 1661 990 1683 eom—

239 1700 332 1734 missa
345 1706 404 1740 est,
420 1706 452 1733 ut
465 1698 627 1744 religiosas
641 1698 810 1744 diligamus
827 1710 988 1745 personaS,

239 1756 269 1784 et
290 1760 398 1783 eorum
421 1748 515 1795 quieti
539 1757 568 1782 et
597 1747 719 1782 utilitati
743 1747 923 1788 salubriter,
938 1760 991 1783 au-

239 1797 368 1832 xiliante
401 1796 553 1840 Domino,
581 1796 792 1843 providentes,
819 1797 989 1842 Ecclesias,

239 1847 271 1881 in
294 1846 411 1893 quibus
434 1845 642 1883 famulantur,
672 1846 871 1892 Apostolicae
897 1846 990 1881 Sedis

240 1896 417 1930 munimine
439 1895 608 1929 faveamus·
637 1894 861 1929 Monastet·ium
897 1895 990 1941 igitur

237 1944 409 1980 Beatorum
443 1944 612 1991 Martyrum
640 1943 780 1979 Faustini
808 1953 836 1979 et
859 1944 989 1989 lot-itae,

238 2006 253 2029 a
278 1993 372 2028 fratre
387 2001 493 2028 nostro
510 1993 608 2028 bonae
626 1994 794 2028 memoriae
807 1993 989 2034 Ramberto,

239 2043 400 2090 quondam
435 2042 591 2077 Brixiensi
630 2043 796 2090 episcopo,
825 2043 988 2078 fundatum

238 2101 270 2128 et
294 2093 394 2140 ipsius
415 2091 506 2127 bonis
527 2100 558 2126 et
581 2093 836 2139 possessionibus
857 2093 988 2126 ditatum

240 2154 309 2177 esse
325 2143 544 2188 cognoscitur,
567 2141 607 2175 ob
619 2141 803 2176 eorumdem
819 2150 989 2189 martyrum

241 2191 449 2238 praesentiam
470 2191 677 2237 corporalem,
706 2199 766 2225 tam
789 2191 870 2237 apud
894 2191 991 2225 eecle-

240 2240 384 2275 siasticos
405 2252 498 2287 quam
523 2240 700 2274 saeculares
728 2252 889 2286 personas,
926 2251 992 2274 ma-

241 2289 326 2324 ximo
361 2288 479 2323 honore
505 2300 541 2322 ac
569 2289 739 2323 reverentia
771 2288 901 2333 dignum
930 2289 992 2322 ha-

242 2338 344 2373 betur.
372 2337 466 2373 Unde
489 2337 747 2384 praedecessores
763 2338 871 2374 nostri,
896 2338 993 2372 felicis

241 2387 424 2428 memoriae,
447 2386 628 2433 Stephanus
640 2395 668 2421 et
685 2387 836 2430 Calixtns,
859 2386 991 2420 Romani

241 2436 431 2481 Pontifices,
459 2436 561 2470 locum
587 2436 690 2481 ipsum
713 2436 880 2482 specialius
911 2435 994 2469 dile-

1666 245 1734 279 580

1036 314 1162 348 Attwrtt·
1179 313 1286 353 ahlms,
1309 312 1371 347 tuis
1387 311 1623 347 rationabilibus
1643 311 1784 357 postula-

1035 363 1171 396 tinnibns
1194 364 1376 409 praebentes
1398 375 1579 401 assensum,
1609 360 1780 408 praefatum

1034 412 1220 447 Sanctorum
1254 412 1394 446 Faustini
1423 420 1452 446 et
1476 411 1589 444 lavitae,
1616 418 1782 445 monaste-

1034 463 1127 504 rium,
1144 463 1192 494 cui
1208 461 1272 495 Dru
1285 470 1409 495 auctor«-
1427 473 1557 506 pracesse
1572 460 1779 505 dignosceris,

1807 264 1857 291 Αη.
1876 262 1905 290 C.
1925 262 1991 290 1133

1033 510 1230 554 Apostolicnc
1252 510 1344 544 Sedis
1359 510 1520 556 privilegio
1536 509 1780 550 communimus;
1808 548 1811 552 Ι

1032 568 1219 602 statuenteS,
1249 568 1279 593 ut
1302 572 1519 606 quascumque
1548 559 1780 605 possessiones,

1031 620 1249 655 quaecumque
1273 609 1351 642 buna
1376 608 1456 641 idem
1478 608 1700 642 monasterium
1719 608 1781 642 im-

1034 659 1277 702 praesentiarum
1307 658 1387 691 iuste
1411 666 1440 691 et
1459 657 1596 702 legitime.
1626 657 1780 703 possidet,

1031 707 1136 741 autin
1169 707 1307 741 futurum
1343 718 1547 741 concessione
1576 705 1778 747 Pontificum,

1033 755 1195 799 largitione
1212 769 1335 802 regum·
1356 756 1402 790 vel
1418 756 1606 801 principum,
1621 755 1779 790 oblatione

1032 805 1183 846 lidelium,
1202 818 1258 839 seu
1279 805 1367 839 iustis
1391 805 1502 846 modis,
1526 814 1699 850 praestante
1717 804 1781 838 Do-

1033 855 1128 893 mino,
1158 855 1267 901 poterit
1294 854 1438 900 adipisci,
1467 854 1553 887 lirina
1578 852 1630 886 tibi
1655 854 1778 900 tuisque

1031 903 1266 938 suecessoribus
1293 912 1323 938 et
1350 903 1464 936 illibata
1489 910 1709 948 pei-maneatit3
1745 903 1776 937 in

1031 953 1145 999 quibus
1179 953 1254 987 haec
1288 952 1422 999 propriis
1458 951 1640 985 nominibus
1672 952 1781 998 expri-

1031 1003 1142 1036 menda
1168 1002 1405 1048 subiungimus:
1439 1001 1601 1036 ecclesiam
1625 1000 1778 1035 Omnium

1030 1050 1236 1091 Sanctorum,
1266 1053 1295 1085 in
1318 1059 1419 1085 castro
1448 1050 1622 1097 praedictae
1648 1050 1780 1084 civitatis

1031 1108 1254 1144 constructam,
1273 1100 1435 1135 ecelesiam
1458 1100 1592 1134 Sanctae
1615 1099 1728 1133 Mariae
1747 1100 1778 1133 in

1030 1148 1196 1195 Vergnano
1223 1162 1294 1184 cum
1319 1149 1513 1195 pertinentiis
1535 1150 1613 1188 suis,
1636 1149 1665 1182 in
1689 1147 1780 1182 Cur-

1030 1198 1130 1232 tieella
1153 1199 1318 1233 ecelesiam
1341 1198 1446 1233 Sancti
1474 1197 1649 1236 Michaelis,
1672 1196 1777 1231 Sancti

1030 1247 1178 1291 Zenonis,
1201 1260 1272 1283 cum
1306 1248 1465 1291 omnibus,
1489 1260 1568 1294 quae
1590 1248 1619 1280 in
1653 1246 1778 1281 Flumi-

1031 1297 1110 1331 cello
1129 1306 1231 1331 vestro
1247 1296 1400 1331 coenobio
1424 1298 1590 1341 pertinent,
1612 1296 1777 1330 eeclesiam

1030 1345 1164 1381 Sanctae
1197 1346 1312 1380 Mariae
1348 1346 1378 1379 in
1413 1345 1578 1385 Mezzane,
1614 1346 1777 1379 ecclesiam

1030 1394 1135 1430 Sancti
1159 1394 1310 1441 Stephani
1333 1406 1403 1429 cum
1418 1394 1578 1435 omnibus,
1600 1394 1777 1441 quaeapud

1030 1444 1101 1479 Sale
1129 1445 1351 1479 rationabiliter
1378 1443 1562 1491 possidetis,
1592 1444 1777 1490 hospitalem

1030 1494 1159 1528 ‹lomntn
1188 1494 1227 1528 de
1250 1493 1362 1528 Denno
1395 1505 1467 1527 cum
1494 1492 1588 1528 rebus
1616 1493 1655 1527 ad
1679 1493 1777 1540 ipsam

1032 1542 1271 1590 pertinentibus,
1307 1542 1456 1590 quicquid
1484 1542 1576 1577 etiam
1604 1542 1687 1577 idem
1711 1554 1780 1576 mo-

1031 1593 1198 1627 nasterinm
1222 1593 1252 1626 in
1275 1592 1405 1627 circuitu
1436 1604 1493 1626 suo
1525 1604 1598 1626 cum
1633 1592 1778 1638 hospitali

1030 1641 1125 1677 domo
1147 1651 1176 1676 et
1211 1641 1261 1682 iis,
1288 1653 1367 1689 qnae
1402 1641 1438 1675 ad
1476 1641 1574 1687 ipsam
1609 1641 1778 1688 pertinent,

1031 1691 1110 1726 iuste
1135 1691 1289 1738 possidet:
1320 1690 1460 1725 braidam
1480 1692 1538 1734 (l),
1567 1703 1645 1737 quae
1672 1690 1779 1725 Sancti

1031 1739 1169 1775 Faustini
1193 1740 1318 1780 dicitur,
1341 1752 1412 1774 cum
1437 1739 1637 1779 molendinis,
1661 1747 1690 1773 et
1711 1739 1781 1773 aliis

1033 1790 1061 1823 in
1076 1802 1111 1824 ea
1128 1789 1277 1825 aediliciis
1287 1789 1478 1830 constitutis,
1497 1797 1526 1824 et
1542 1789 1656 1835 capella
1674 1788 1780 1823 Sancti

1030 1839 1194 1874 Domnini:
1218 1839 1342 1873 baidam
1360 1843 1422 1882 (⁶2),
1445 1851 1524 1884 quae
1546 1837 1686 1885 Campus
1701 1837 1781 1872 Mat-

1031 1901 1088 1922 xus
1111 1896 1252 1923 vocatur:
1276 1897 1411 1922 castrum
1439 1887 1596 1922 Turbolae
1623 1899 1695 1921 cum
1723 1898 1778 1921 ec-

1031 1937 1125 1972 clesia
1154 1937 1260 1972 Sancti
1288 1937 1434 1974 Andreae.
1463 1949 1524 1983 que
1560 1944 1605 1971 est
1628 1936 1706 1971 infra
1729 1948 1782 1970 ca-

1031 1995 1128 2021 stium
1145 1996 1174 2021 et
1193 1995 1291 2030 extra,
1308 1998 1379 2020 cum
1397 1986 1522 2021 duobus
1539 1986 1609 2020 aliis
1624 1985 1780 2027 eeclesiis,

1033 2037 1175 2070 videlicet
1199 2035 1303 2070 Sancti
1322 2036 1446 2070 Martini
1463 2044 1491 2069 ct
1507 2035 1613 2070 Sancti
1627 2034 1779 2069 Cassiani:

1032 2095 1150 2119 curtem
1174 2085 1298 2120 Buenni
1327 2097 1397 2119 cum
1426 2093 1527 2118 castro
1549 2092 1578 2118 et
1599 2083 1716 2130 capella
1745 2082 1777 2117 S.

1034 2134 1190 2168 Faustini:
1220 2134 1416 2169 medietatem
1441 2134 1532 2167 castri
1551 2132 1680 2179 Vulpini
1709 2144 1780 2167 cum

1033 2184 1162 2218 eeclesia
1179 2183 1212 2218 S.
1229 2182 1378 2230 Stephani
1403 2183 1479 2217 infra
1503 2191 1638 2216 castrum
1653 2190 1683 2216 et
1696 2189 1782 2216 extra

1033 2233 1198 2267 ecclesiam
1226 2232 1331 2266 Sancti
1348 2231 1505 2266 Gert'asii:
1530 2231 1559 2265 in
1588 2230 1714 2265 Cimmo
1736 2242 1783 2265 ec-

1033 2282 1159 2315 clesiam
1193 2281 1297 2315 Sancti
1331 2280 1474 2314 Faustini
1502 2288 1529 2314 et
1562 2292 1782 2327 quaecumque

1033 2331 1089 2364 alia
1113 2332 1217 2378 quiete
1238 2330 1353 2364 ibidem
1379 2338 1483 2363 tenere
1506 2329 1675 2363 videmini:
1709 2329 1784 2363 red-

1034 2380 1118 2413 ditus
1147 2380 1191 2413 iel
1216 2379 1336 2422 lictum,
1363 2378 1446 2425 qnod
1464 2379 1653 2413 habitatores
1667 2378 1783 2412 Asulae

1034 2441 1144 2463 omnes
1177 2436 1207 2462 υἱ
1246 2430 1360 2473 singuli
1399 2429 1640 2474 persolvendum
1680 2435 1784 2462 restro

243 2492 357 2520 xerunt
383 2493 413 2519 et
445 2485 512 2519 suis
538 2486 664 2531 scriptis
697 2485 878 2531 apostolicis
901 2484 994 2518 roho·
1034 2477 1439 2531 ‘'“0110bl0COUCQSQ’PUUU
1462 2488 1680 2531 qltssffssfflque
1696 2488 1785 2531 pra?-

243 2542 362 2570 rarunt.
397 2533 547 2574 Proinde,
582 2534 698 2569 dilecte
734 2535 763 2567 in
792 2532 928 2568 Domino
953 2533 992 2567 tili
1013 2555 1017 2591 Ι
1036 2535 1118 2561 left‘a
1148 2539 1177 2561 ¹¹¹
1200 2526 1385 2569 C5¹lel¹¹ffll⁰>
1413 2527 1595 2569 (JU‘'¹¹('4‘¹¹2¹2
1628 2525 1703 2570 3⁷⁵9,
1731 2525 1784 2560 ΡΙ·

277 2599 317 2635 (1)
332 2599 372 2627 Ex
392 2599 495 2626 archiV.
515 2600 663 2626 monasterii
685 2599 765 2625 limus
782 2599 864 2626 edidit
890 2599 994 2634 Marga-
1014 2614 1017 2619 ·

1014 2651 1019 2684 Ι
1037 2639 1169 2663 Blandum.
1209 2638 1247 2671 (tt.
1265 2637 1304 2672 τ.)

242 2639 327 2672 rinus,
341 2639 436 2666 Bullar.
454 2640 603 2671 Cassinen„
624 2647 681 2675 par.
705 2647 734 2665 n.

1071 2599 1110 2631 (t)
1122 2598 1235 2632 ‘'ampus
1247 2596 1286 2622 vel
1295 2604 1355 2632 ager
1366 2596 1544 2623 suburbanus.
1558 2598 1595 2632 (a.
1608 2597 1648 2631 τ.)
1667 2597 1785 2632 (2)1.ege
