2180 3205
849 285 946 308 INDEX
969 285 1169 309 nUBtuCARUM

264 341 357 375 XXII.
379 343 586 377 Confirmatio
613 345 820 378 institutionis
845 346 999 378 Ilarlebe-

349 387 419 419 cani
440 388 565 429 collegii
587 389 814 422 canonicorum
838 389 868 421 in
887 390 1002 423 Novio-

350 431 451 464 mensi
473 431 625 470 dioecesi„
647 432 699 466 33.

263 483 370 517 XVIII.
392 485 560 519 Concessio
584 488 807 529 Salzburgensi
837 488 999 531 archiepi-

349 539 458 573 scopo,
480 536 514 563 ut
539 531 759 575 episcopatum
781 543 880 564 unuin
904 532 933 564 iu
947 542 1002 565 sua

349 575 503 616 parocbia
521 576 705 613 constituat,
726 576 778 609 zio.

264 625 343 658 XIX.
362 626 501 660 Ecclesia
522 629 689 670 collegiata
703 630 733 662 S.
749 630 863 662 Mariae
878 630 916 662 (le
928 630 999 662 Bel-

351 670 444 704 liioco
477 672 508 704 in
541 673 678 706 dioecesi
715 674 936 706 Matiscouensi
972 673 1002 705 in

349 716 582 758 protectionem
605 718 805 760 Apostolicae
830 718 920 751 Sedis
948 730 1000 750 re-

350 759 482 802 cipitur,
507 761 600 804 eique
620 762 704 794 bona
725 763 833 795 onmia
852 768 882 796 ct
902 762 1000 806 privi-

351 804 433 846 legia
454 804 699 845 confirmantur,
720 806 771 838 37.

355 857 562 892 Confirmatio
595 859 835 903 privilegiorum
857 860 1005 893 Aretiuae

350 902 509 936 Ecclesiae
530 903 569 936 ab
591 905 846 937 antecessoribus
866 904 1001 938 Pontifi-

350 946 441 979 cibus
461 958 699 987 concessorum,
728 948 780 981 38.

264 999 345 1032 XXI.
369 1000 577 1034 Confirmatio
597 1001 838 1044 privilegiorum
860 1002 1005 1035 abbatiae

351 1044 380 1077 S.
406 1045 539 1087 Beni-gni
564 1045 828 1082 Fructuariensis.
852 1046 904 1079 39.

264 1095 360 1129 XXII.
385 1097 590 1140 privilegium
613 1099 806 1132 monasterio
828 1100 933 1132 Sancti
954 1099 1005 1132 Ri-

351 1150 435 1191 galdi
450 1151 488 1184 de
502 1152 612 1184 Avesia
634 1152 663 1184 in
685 1152 904 1185 Matisconensi
918 1153 1005 1185 dioe-

352 1204 427 1243 cesi,
456 1203 508 1237 39.

266 1257 377 1291 XXIII.
394 1260 621 1293 Monasterium
642 1261 746 1294 Sancti
766 1261 925 1293 Edmundi
946 1262 1005 1294 sub

352 1313 551 1355 protectione
580 1314 669 1347 Sedis
694 1315 895 1358 Apostolicae
920 1315 1002 1347 reci-

351 1367 448 1410 pitur,
472 1367 604 1411 eiusque
635 1368 720 1401 bona
746 1368 855 1401 onmia
883 1368 1003 1401 confir-

355 1426 493 1461 mamm,
516 1420 569 1453 40.

267 1473 376 1506 xxiv.
392 1473 559 1507 Concessio
580 1474 820 1517 privilegiorum
842 1480 1003 1508 monaste-

354 1527 402 1560 rio
422 1527 628 1568 Floriacensi,
652 1528 878 1572 bonorumque
899 1530 938 1562 ad
964 1529 1004 1561 il-

354 1580 410 1613 lud
430 1581 643 1624 spectantium
669 1582 883 1621 confirmatio,
906 1582 960 1615 42.

267 1632 363 1665 XXX.
388 1633 616 1666 Monasterium
641 1634 670 1667 S.
693 1635 839 1679 Prosperi
868 1635 1008 1678 (deinde

353 1677 383 1710 S.
411 1677 519 1720 Petri)
544 1678 729 1720 Regiensis,
758 1679 878 1712 ordinis
903 1679 1005 1713 Cassi-

356 1722 473 1762 nensis,
497 1722 529 1754 in
553 1723 788 1766 protectionem
808 1724 897 1757 Sedis
918 1727 1005 1767 Apo-

355 1765 486 1799 stolicae
507 1767 670 1811 recipitur,
695 1768 761 1800 eius
782 1768 866 1801 bona
884 1768 1005 1801 confir-

356 1815 494 1846 mantur.
507 1821 653 1855 novaque
671 1812 774 1845 eidem
789 1813 1010 1846 conceduntur

355 1854 532 1897 privilegia,
555 1855 608 1889 43.

269 1907 379 1940 XXXI.
402 1909 446 1941 De
467 1910 632 1943 monachis
653 1921 689 1943 ex
710 1911 927 1944 Cantuariensi
946 1912 1006 1944 Ec-

357 1962 453 1995 clesia
473 1973 538 1996 non
556 1964 763 2006 expellendis,
786 1964 839 1997 46.

270 2014 394 2047 XXVII.
418 2015 561 2048 Ecclesia
580 2016 620 2048 ab
640 2017 812 2050 Altmanno
834 2018 1009 2050 Pataviensi

356 2068 507 2113 episcopo
525 2070 564 2102 ad
581 2070 762 2112 regularem
781 2071 1010 2104 canonicorum

264 857 330 889 XX.

356 2183 486 2218 structa,
510 2178 731 2217 confirmatur,
755 2179 808 2211 47.

270 2228 410 2263 XXVIII.
425 2231 632 2264 Confirmatio
646 2232 817 2269 bonorum,
835 2242 871 2264 ac
884 2232 1012 2275 privile-

358 2274 485 2317 giorum
499 2276 664 2308 concessio
679 2286 787 2309 eremo
800 2276 908 2320 Campi
919 2277 1012 2309 Ama-

353 2319 426 2352 bilis
435 2320 692 2361 congregationis
702 2320 935 2353 monachorum
945 2331 1012 2352 ere-

359 2363 509 2397 mitarum
521 2364 824 2405 Camaldulensium,
840 2364 891 2397 48.

271 2414 383 2448 XXIX.
408 2416 610 2459 Privilegium
642 2418 802 2450 Ecclesiae
835 2418 917 2450 Petri
948 2419 1009 2451 Da-

359 2469 469 2510 miani‚
493 2470 545 2503 49.

273 2523 365 2555 XXX.
389 2524 596 2557 Confirmatio
614 2525 784 2557 erectionis
805 2525 963 2557 Ecclesiae
982 2524 1012 2556 in

361 2577 540 2619 Wisegmd,
557 2588 638 2621 quae
655 2578 751 2610 totius
772 2578 942 2610 Bohemiae
957 2589 1010 2610 cn-

360 2636 418 2673 put
437 2636 467 2663 et
488 2631 677 2674 metropolis
698 2632 890 2668 declaratur,
914 2631 966 2663 50.

275 2685 381 2717 XXXI.
406 2684 496 2717 Bulla
515 2690 627 2717 contra
651 2685 822 2718 simoniam
844 2686 874 2718 in
896 2685 1015 2717 Lucen-

1683 274 1744 307 887

1124 356 1190 379 seui
1210 345 1383 379 Ecclesiam
1404 346 1559 379 invectam
1583 345 1613 378 in
1636 345 1780 378 collatio—

1125 399 1219 431 nibus
1241 399 1482 439 beneficiortuu,
1506 398 1558 431 51,
1696 390 1706 397 '

1037 453 1156 485 XXXII.
1182 453 1312 485 Decreta
1332 453 1416 486 circa
1445 453 1649 485 collationem
1677 453 1776 485 benc-

1125 496 1272 529 siciorui‘n
1316 497 1346 529 in
1381 497 1512 530 Lucensi
1551 497 1708 535 Ecclesia,
1750 504 1777 529 et

1124 552 1249 573 sacrum
1281 541 1492 574 ministerium
1517 541 1593 574 inibi
1623 552 1779 585 peragen-

1126 586 1214 625 dum,
1236 585 1288 617 54.

1038 638 1169 671 XXXIII.
1193 639 1360 672 Decretum
1383 640 1421 672 de
1442 650 1507 673 non
1526 639 1704 673 alienandis
1722 640 1779 672 bo-

1126 692 1184 731 nis,
1201 693 1239 725 ad
1251 693 1424 726 Ecclesiam
1438 694 1612 726 Lucensem
1634 700 1779 738 spectan-

1129 745 1223 785 tibus,
1247 744 1299 778 56.

1230 854 1259 886 S.
1283 854 1503 888 GREGORIUS
1525 855 1584 888 vil.

1039 942 1060 974 I.
1084 942 1247 984 Significat
1269 944 1378 976 comiti
1404 944 1442 977 de
1470 945 1588 978 Roceio
1617 946 1676 978 sub
1701 957 1780 989 qua-

1128 987 1201 1019 dam
1219 988 1405 1021 conditione
1425 999 1495 1021 eam
1516 989 1686 1032 Hispaniae
1707 1002 1781 1034 par-

1128 1036 1190 1063 tem
1213 1042 1419 1071 concessam,
1444 1044 1540 1076 quam
1562 1044 1579 1066 a
1600 1033 1778 1067 Saraceno-

1128 1086 1198 1107 rum
1213 1076 1361 1109 manibus
1373 1077 1530 1120 eriperet:
1556 1078 1681 1121 proibet
1702 1079 1781 1112 alios

1127 1119 1288 1163 principes
1327 1120 1395 1153 iure.
1431 1122 1577 1154 eamdem
1616 1123 1779 1165 regionem

1127 1174 1200 1196 cum
1221 1164 1320 1207 copiis
1341 1165 1475 1207 ingredi,
1493 1172 1681 1210 partemque
1694 1168 1780 1199 illam

1128 1208 1212 1241 illius
1236 1209 1419 1251 provinciae
1439 1210 1498 1242 sibi
1520 1211 1693 1248 vindicare,
1722 1212 1780 1244 nisi

1128 1252 1315 1285 interveniat
1333 1264 1435 1297 aequa
1455 1255 1561 1298 pactio
1581 1255 1781 1299 persolvendi

1128 1305 1197 1338 iura
1217 1306 1247 1339 S.
1272 1307 1366 1345 Petri,
1391 1306 1442 1339 58.

1040 1360 1075 1392 II.
1098 1359 1325 1392 Monasterium
1347 1361 1569 1403 Andaginense
1587 1363 1692 1395 Sancti
1718 1363 1782 1395 IIu-

1128 1413 1210 1445 berti
1233 1412 1264 1453 in
1283 1414 1456 1447 Arduenna
1478 1414 1509 1447 in
1531 1415 1662 1448 tutelam
1693 1418 1779 1459 Apo-

1128 1466 1259 1500 stolicae
1278 1467 1367 1500 Sedis
1383 1468 1565 1511 suscipitur,
1590 1469 1682 1513 eique
1700 1470 1783 1502 hona

1131 1519 1238 1552 omnia
1259 1520 1503 1559 confirmantur,
1528 1521 1580 1554 58.

1041 1573 1090 1606 III.
1114 1573 1433 1607 Excommunicatum
1449 1585 1466 1607 a
1485 1585 1517 1607 se
1540 1575 1709 1608 denunciat
1724 1577 1784 1609 Go-

1131 1626 1288 1658 tesredum
1306 1626 1551 1660 Mediolanensis
1570 1628 1728 1661 Ecclesiae
1750 1640 1785 1661 u-

1130 1685 1345 1722 surpatorem,
1367 1679 1419 1713 60.

1042 1733 1089 1766 lv,
1117 1733 1305 1766 Commissio
1326 1733 1476 1777 episcopo
1496 1734 1666 1773 Genuensi,
1688 1741 1719 1768 ut
1742 1736 1785 1767 vi-

1131 1796 1203 1818 rum
1238 1796 1369 1819 uxorem
1402 1798 1492 1819 suam
1528 1787 1687 1820 dimittere
1721 1799 1785 1821 non

1132 1839 1306 1882 permittat,
1331 1850 1413 1883 quae
1431 1841 1495 1872 vult
1518 1840 1556 1872 ab
1575 1841 1702 1873 obiecto
1722 1842 1785 1874 foi·-

1131 1893 1299 1926 nicationis
1319 1893 1452 1926 crimine
1472 1905 1505 1926 se
1526 1904 1714 1937 expurgare,
1729 1894 1781 1927 61.

1044 1948 1077 1980 Y.
1098 1947 1283 1980 Exhortatio
1304 1948 1343 1980 ad
1361 1958 1473 1981 omnes
1493 1949 1721 1983 Christifideles
1746 1951 1784 1982 ad

1132 2002 1383 2034 succurrendum
1409 2002 1624 2035 Orientalil‘ius
1649 2003 1687 2035 ab
1709 2003 1782 2035 insi-

1133 2055 1257 2087 delibus
1278 2054 1404 2093 invasis,
1429 2054 1481 2087 61.

356 2124 452 2156 vitam
478 2124 510 2157 in
540 2125 703 2158 territorio
727 2126 902 2159 pataviensi
928 2137 1007 2158 m„-
1027 2146 1029 2167 ς
1047 2108 1091 2140 VI.
1115 2108 1298 2140 Admonitio
1319 2108 1358 2140 ad
1379 2108 1548 2151 Hispaniae
1561 2119 1651 2150 reges
1670 2115 1698 2141 et
1720 2110 1785 2152 epi-

1133 2163 1259 2196 scopos,
1276 2158 1310 2185 ut
1330 2152 1475 2185 Officium
1492 2153 1671 2185 Romanum
1699 2153 1781 2185 reci-

1134 2197 1238 2240 piant:
1263 2207 1321 2229 nec
1342 2207 1405 2229 non
1428 2196 1631 2229 confirmatio
1652 2207 1782 2229 excom-

1134 2240 1369 2279 municationis,
1397 2246 1425 2273 et
1446 2240 1654 2283 depositionis
1675 2242 1783 2273 cuius-

1134 2285 1206 2317 dam
1217 2285 1395 2323 simoniaci,
1408 2296 1465 2328 per
1478 2285 1599 2326 legatos
1610 2285 1720 2325 factae,
1731 2285 1782 2318 6⁴2.

1047 2339 1107 2371 VII.
1131 2338 1335 2380 Privilegium
1366 2348 1425 2381 pro
1457 2338 1595 2370 Ecclesia
1622 2338 1652 2370 S.
1677 2339 1785 2371 Ililarii

1135 2391 1360 2429 Pictavicnsis,
1392 2401 1473 2433 quae
1501 2391 1559 2423 suh
1588 2391 1787 2434 protectione

1135 2445 1224 2477 Sedis
1245 2444 1445 2487 Apostolicae
1467 2444 1630 2487 recipitur,
1653 2444 1704 2477 63.

1047 2499 1122 2531 vlit.
1133 2497 1480 2531 Excommunicationis
1491 2497 1696 2530 denunciatio
1711 2509 1787 2531 con-

1134 2548 1183 2574 tra
1207 2552 1329 2579 omnes,
1353 2541 1406 2584 qui
1433 2541 1573 2573 detinent
1606 2542 1690 2574 bona
1720 2544 1785 2575 Au-

1137 2586 1253 2627 giensis
1286 2585 1490 2622 monasterii,
1519 2596 1601 2628 quae
1632 2586 1788 2619 Robeitus

1137 2630 1331 2663 simoniacus
1351 2629 1390 2662 ab
1410 2629 1465 2662 illo
1483 2630 1624 2668 abstulit,
1645 2629 1696 2662 64.

1050 2684 1098 2716 IX.
1123 2683 1309 2716 Commissio
1340 2683 1516 2716 Trevirensi
1548 2683 1788 2726 archiepiscopo
