2180 3205
169 226 218 252 An.
239 226 267 252 C.
283 226 353 253 ‘1120

195 874 217 893 ln
233 878 274 899 qu)
290 872 317 893 ab
322 878 353 917 ε,-

168 901 235 947 ruiti
233 906 329 951 depenclf-
332 908 353 946 r'e

169 953 209 999 dhb
213 956 304 1004 issep-iiie
282 959 301 973 m
295 958 354 972 iona-

168 1009 188 1026 t
183 1007 208 1026 ri
229 1012 253 1026 eo
256 1012 300 1026 rum
308 986 354 1026 Ei*-

182 1039 187 1043 *
215 1040 247 1042 ⁷-
290 1039 345 1053 „21⁴—
378 1019 519 1066 cappella
543 1028 643 1053 vestra
682 1026 712 1052 et
745 1017 896 1053 cimiteria
929 1017 1025 1050 libera
1067 1016 1127 1049 sint

169 1060 258 1080 ῗί(255118.

207 2323 240 2343 Ius
269 2323 360 2344 cudendi

174 2352 276 2370 moui-tas.

201 2428 284 2448 Solitae
304 2428 360 2447 clau·

190 2455 248 2474 sulae
277 2455 351 2474 constr<

174 2484 361 2506 mantespraesen-

183 2510 225 2527 tem
245 2514 349 2533 paginam.

426 215 495 249 504

376 279 581 319 obtinentur,
608 277 634 313 si
669 277 845 313 secundum
884 276 987 312 Deum
1016 289 1124 312 eorum

377 328 523 383 potestati
545 327 731 362 subtrahere
752 335 872 362 vestrae
898 326 1057 372 religionis
1075 338 1123 361 re-

376 378 514 413 verentia
540 377 665 425 poterit,
687 377 724 411 ad
741 385 876 412 vestram
899 384 929 411 et
950 388 1125 423 pauperum

375 427 637 472 gubernationem
685 426 773 461 vobis
818 426 911 460 liceat
949 425 1124 472 possidere.

375 476 523 511 Decimas
544 476 686 510 laborum
713 485 901 515 v,estrorum
930 487 984 522 pro
1011 474 1126 521 quibus

375 534 436 560 tam
453 537 519 567 vos,
541 538 635 581 quam
655 525 734 560 alios
752 525 944 560 monasticae
966 524 1126 570 religionis

374 575 458 610 viros
490 575 665 622 inquietare
701 575 843 622 episcopi
878 581 1125 614 consueverunt,

375 624 501 659 illorum
524 625 683 665 videlicet,
706 636 786 671 quos
808 623 1053 659 dominicaturas
1076 635 1127 677 ap-

376 674 506 721 pellant,
528 674 581 721 qui
604 682 706 709 vestro
728 682 857 720 sumptu
878 685 896 707 a
916 672 1125 712 monasteriis,

377 731 408 758 et
442 723 539 758 cellae
575 732 695 758 vestrae
729 722 897 758 clientibus
924 721 1126 764 excoluntur,

376 773 444 807 sine
471 772 556 807 omni
590 773 809 820 episcoporum
841 779 872 806 et
897 770 1124 825 episcopalium

375 822 589 856 ministrorum
603 822 852 857 contradictione
873 820 1024 875 deinceps
1038 819 1127 866 quie-

376 871 439 905 tius
465 871 620 911 habeatis,
651 872 704 918 qui
731 879 833 905 vestra
866 869 1041 924 peregrinis
1067 868 1128 902 fra-

347 910 477 955 ‘tribus
504 929 534 954 et
569 920 762 968 pauperibus
789 919 933 964 erogatis.
967 917 1127 952 Ecclesiae

347 990 354 993 -
378 981 500 1013 omnes,
535 982 615 1016 quae
639 969 769 1004 ubilibet
802 968 922 1023 positae
953 975 1044 1007 sunt,
1071 979 1126 1000 seu

377 1076 408 1103 ct
448 1068 550 1102 omnis
587 1067 758 1102 exactionis
796 1066 963 1105 immunia,
1009 1074 1130 1112 practer

377 1126 560 1152 consuttam
589 1117 726 1171 episcopi
754 1125 904 1163 paratam
927 1124 957 1149 et
979 1114 1127 1148 iustitiam

378 1167 409 1200 in
446 1166 656 1213 presb3ter,os
683 1179 708 1200 st
743 1166 893 1200 adversus
927 1165 974 1198 sui
1011 1163 1130 1197 ordinis

378 1215 562 1261 dignit-item
601 1215 805 1254 offenderint3
840 1214 994 1260 liceatque
1021 1211 1128 1248 vobis

380 1277 434 1299 scu
465 1265 611 1299 fratribus
635 1265 761 1303 vesttffis
784 1264 815 1298 in
838 1263 988 1297 Ecclesiis
1019 1261 1130 1295 vestris

380 1314 579 1361 prtslu3teros
601 1314 728 1360 eligere
751 1314 790 1347 ita
809 1321 926 1353 tamen,
954 1319 987 1346 ut
1009 1310 1130 1365 abepi-

379 1364 502 1410 scopis,
535 1363 583 1397 vel
610 1343 661 1397 abD
676 1363 896 1409 episcoporum
920 1360 1041 1395 vicariis
1063 1360 1132 1393 ani-

382 1424 502 1447 marum
531 1425 637 1447 curam
671 1412 789 1467 absque
824 1411 989 1445 venalitate
1024 1408 1131 1443 susci—

382 1462 483 1508 piant:
523 1461 625 1503 Quam
666 1462 691 1496 si
725 1460 921 1496 committere
956 1459 1012 1502 illi,
1046 1457 1130 1505 quod

379 1515 471 1558 absit,
494 1527 530 1550 ex
546 1516 696 1562 pravitate
711 1514 891 1554 nolue1int,
906 1522 980 1548 tunc
1003 1511 1133 1559 presbv-

381 1569 435 1603 teri
450 1582 485 1603 ex
498 1568 699 1616 Apostolicae
712 1568 805 1603 Sedis
820 1567 1014 1613 benignitate
1033 1564 1131 1600 officia

379 1622 558 1657 celebrandi
586 1622 743 1656 licentiam
783 1628 1028 1667 consequantur.
1068 1618 1133 1653 Ec-

379 1675 546 1710 clesiarum
584 1684 756 1710 vestrarum
794 1674 1068 1715 consecrationes,
1108 1672 1131 1706 si

380 1730 559 1764 dioecesani
586 1730 726 1776 episcopi
749 1729 845 1775 gratis
873 1728 1031 1763 noluerint
1049 1727 1134 1762 exhi-

381 1783 467 1821 bere,
489 1796 504 1817 a
533 1783 673 1829 quolibet
694 1783 848 1817 catholico
871 1782 1050 1829 suscipietis
1066 1782 1134 1828 epi-

380 1849 488 1884 scopo.
523 1837 589 1871 Nec
615 1838 764 1872 cellarum
788 1845 981 1876 vestrarum,
1005 1835 1134 1869 ubilibet

382 1891 574 1938 positarum,
602 1890 712 1925 fratres
748 1903 802 1936 pro
827 1889 966 1936 qualibet
1002 1889 1134 1923 interdi-

382 1945 485 1978 ctione
512 1944 558 1978 vel
587 1944 926 1983 excommunicatione,
957 1942 1133 1977 divinorum

382 1997 556 2032 officiorum
591 1997 834 2044 suspensionem
863 1996 1038 2041 patiantu1·;
1079 1995 1133 2029 sed

384 2059 446 2085 tam
471 2050 617 2085 monachi
646 2051 724 2097 ipsi,
747 2062 840 2097 quam
869 2049 978 2083 famuli
1008 2060 1135 2092 eorum,

385 2114 414 2140 et
438 2105 490 2152 qui
513 2117 546 2139 se
570 2104 756 2151 professioni
783 2103 975 2138 monasticae
994 2102 1136 2137 devove-

385 2166 469 2203 runt,
492 2159 606 2193 clausis
627 2159 842 2193 Ecclesiarum
865 2157 977 2201 ianuis,
999 2168 1061 2191 nou
1082 2155 1137 2190 ad-

386 2213 492 2247 missis
507 2213 712 2252 dioecesanis,
728 2212 851 2246 diviuae
862 2210 1020 2245 servitutis
1038 2210 1137 2244 officia

386 2266 566 2311 celebrent,
602 2275 632 2300 et
652 2266 832 2313 sepulturae
853 2264 953 2299 officia
975 2270 1136 2310 peragant.

387 2319 611 2355 Percussuram
625 2331 750 2366 quoque
762 2318 880 2366 proprii
895 2316 1137 2356 nummismatis,

388 2373 434 2407 vel
450 2381 606 2416 monetae,
625 2372 902 2418 quandocumque,
925 2371 972 2405 vel
987 2370 1138 2417 quamdiu

388 2426 475 2461 vobis
517 2426 687 2474 placuerit,
722 2425 874 2460 habeatis.
914 2425 998 2459 Haec
1044 2424 1139 2469 igitur

388 2480 510 2524 omnia,
544 2480 626 2514 sicut
653 2492 669 2514 a
697 2479 812 2514 nostris
839 2477 1139 2526 praedecessoribus

388 2534 554 2568 constituta
586 2542 676 2575 sunt,
715 2534 757 2568 ita
791 2541 821 2568 et
857 2544 916 2567 nos
951 2530 1139 2567 auctoritate

389 2586 559 2635 apostolica
580 2587 813 2633 constituimus,
835 2594 864 2622 et
887 2585 1059 2634 praesentis
1080 2584 1140 2633 pri-

944 222 1137 246 Bt'LLARItTu

1164 222 1326 245 ROHANFH

1168 276 1271 322 vilegii
1305 276 1430 310 decreto
1460 274 1695 310 confirmamus.
1734 276 1916 318 Praeterea,

1167 330 1210 365 fili
1232 330 1263 365 in
1290 328 1418 365 Christo
1438 329 1545 374 Ponti,
1571 342 1664 376 quem
1685 343 1752 370 nos,
1775 331 1805 364 in
1825 330 1916 365 Vien-

1168 384 1274 419 nensis
1296 383 1455 419 Ecclesiae
1482 384 1573 430 positi
1601 384 1770 430 regimine,
1800 386 1916 419 nostris

1169 450 1223 484 per
1243 437 1301 472 Dei
1319 437 1449 484 gratiam
1470 437 1615 472 manibus
1636 438 1667 472 in
1685 437 1827 472 abbatem
1843 450 1914 472 eon-

1167 492 1372 529 secravimus,
1394 499 1424 526 et
1447 503 1612 537 personam
1628 499 1726 531 tuam,
1748 500 1778 526 et
1799 492 1914 535 locum,

1168 546 1218 580 cui
1240 545 1308 580 Deo
1330 554 1457 580 auctore
1476 545 1648 592 praesides,
1676 546 1750 579 totis
1771 545 1918 579 dilectio-

1170 600 1218 634 nis
1258 599 1432 634 visceribus
1471 599 1717 646 amplectentes,
1753 606 1784 633 et
1817 599 1915 646 quieti

1168 663 1289 694 vestrae
1310 654 1461 689 attentius
1485 653 1702 700 providentes,
1735 653 1812 687 hacc
1837 653 1917 687 adii-

1168 708 1278 742 cienda
1300 707 1494 747 censuimus,
1523 716 1557 742 ut
1581 706 1775 741 abbatiarum
1803 715 1918 742 vestra-

1168 774 1235 796 rum
1281 761 1388 796 electis
1425 760 1531 795 nullus
1568 760 1786 807 episcoporum
1802 788 1811 803 ,
1849 760 1917 795 sine

1168 815 1436 851 commendatitiis
1460 814 1680 849 Cluniacensis
1708 814 1828 849 abbatis
1860 814 1919 849 lit-

1170 870 1254 910 teris,
1277 868 1525 904 consecrationis
1548 867 1593 901 vel
1617 867 1824 902 ordinationis
1851 880 1918 903 ma-

1170 936 1229 958 nus
1264 923 1426 970 imponat,
1461 922 1601 969 alioquin
1635 930 1857 962 consecrator,
1889 930 1919 956 et

1169 986 1328 1023 tamquam
1351 976 1588 1011 constitutionis
1615 975 1806 1022 apostolicae
1830 987 1919 1020 prae-

1171 1031 1338 1070 varicator,
1365 1031 1505 1076 graviora
1533 1029 1696 1067 subiacere
1720 1032 1764 1073 (l)
1792 1029 1846 1064 ulti
1863 1030 1917 1064 vni:

1170 1093 1199 1119 et
1226 1084 1401 1119 consecrati
1424 1084 1547 1126 electio,
1569 1083 1634 1118 sive
1660 1083 1826 1124 ordinatio,
1859 1085 1917 1118 do-

1172 1151 1229 1173 nec
1254 1138 1456 1185 Apostolicae
1479 1137 1568 1179 Sedi,
1586 1137 1698 1171 eteius
1715 1136 1917 1171 Cluniaccnsi

1172 1192 1362 1226 monasterio
1376 1191 1517 1230 satisfiat,
1541 1191 1622 1224 irrita
1640 1190 1802 1224 habeatur.
1820 1189 1918 1224 Porro

1173 1246 1361 1293 presbyteris
1388 1244 1615 1291 parochialium
1645 1243 1848 1278 ecclesiarum
1883 1243 1918 1278 S.

1173 1300 1299 1344 'ilariae,
1331 1307 1361 1334 et
1394 1299 1427 1333 S.
1462 1298 1607 1332 Orldonis
1641 1297 1919 1338 Cluniaceusium,

1172 1353 1332 1397 eiicicndi,
1353 1361 1382 1387 et
1409 1352 1600 1398 suscipiendi
1628 1352 1658 1385 in
1681 1351 1854 1385 Ecclesiam
1883 1363 1920 1385 ex

1173 1407 1298 1454 antiqua
1322 1406 1550 1441 consuetudine
1575 1406 1780 1452 poenitentes,
1797 1413 1827 1440 et
1844 1418 1922 1452 tuip-

1174 1461 1262 1496 tiales
1299 1461 1421 1495 chartas
1448 1460 1596 1499 faciendi,
1624 1459 1782 1494 licentiam
1816 1459 1921 1493 indul-

1172 1527 1299 1560 gemus:
1326 1514 1544 1562 prohibentes,
1568 1522 1629 1548 tam
1653 1513 1917 1555 Matisconensem

1174 1569 1369 1616 episcopum,
1391 1580 1484 1615 quam
1508 1575 1537 1602 et
1564 1567 1641 1602 alios
1662 1578 1757 1613 super
1779 1566 1855 1606 hoc,
1871 1566 1916 1601 vel

1174 1635 1268 1669 super
1289 1622 1369 1662 aliis,
1392 1634 1472 1669 quae
1495 1629 1607 1656 statuta
1634 1628 1720 1660 sunt,
1744 1619 1829 1654 vobis
1852 1632 1921 1654 mo-

1176 1676 1279 1711 lestias
1305 1676 1453 1721 irrogare.
1488 1675 1520 1710 Si
1550 1675 1621 1721 quis
1649 1674 1743 1720 igitur
1764 1686 1842 1708 ausu
1874 1681 1922 1708 te-

1176 1730 1320 1773 merario,
1353 1729 1511 1776 impiaque
1531 1728 1786 1775 praesumptione
1813 1736 1921 1762 contra

1175 1783 1288 1823 Deum,
1314 1791 1344 1817 et
1365 1791 1491 1817 sanctos
1523 1782 1592 1816 eius
1622 1781 1804 1829 apostolos,
1841 1794 1922 1816 cou—

1176 1845 1285 1884 traque
1311 1836 1445 1871 animam
1473 1848 1581 1875 snam,
1609 1836 1669 1870 hoc
1691 1844 1814 1870 nostrae
1843 1847 1923 1882 apo-

1176 1891 1301 1925 stolicae
1327 1890 1518 1924 auctoritatis
1540 1889 1736 1936 privilegium
1758 1889 1788 1923 in
1817 1889 1923 1936 aliquo

1177 1944 1344 1990 infringere
1367 1943 1548 1983 tentaverit,
1576 1943 1792 1978 incunctanter
1810 1955 1844 1978 se
1863 1955 1923 1977 no-

1177 2005 1257 2032 strae
1302 1997 1491 2044 apostolicae
1535 1996 1763 2031 maledictionis
1803 1996 1923 2030 noverit

1177 2052 1285 2086 aculeo
1307 2058 1558 2097 transpunctum,
1580 2058 1705 2084 nostrae
1731 2049 1922 2096 apostolicae

1178 2104 1514 2140 excommunicationis
1530 2103 1590 2138 telo
1614 2103 1803 2150 perfossum,
1826 2103 1924 2138 nostri

1178 2160 1271 2194 etiam
1294 2158 1455 2205 apostolici
1477 2157 1684 2192 anathematis
1705 2157 1809 2203 gladio
1829 2165 1926 2192 traus-
1947 2197 1950 2200 ⁴

1180 2213 1388 2256 verberatum,
1404 2224 1461 2247 nec
1483 2211 1542 2246 nisi
1563 2223 1618 2258 per
1644 2211 1772 2257 dignam
1794 2210 1926 2246 satisfa-

1179 2267 1314 2301 ctionem
1336 2266 1427 2301 saluti
1456 2266 1603 2312 pristinae
1632 2265 1852 2323 reparandum.
1888 2264 1922 2298 Ei

1180 2332 1264 2364 vero,
1298 2320 1351 2367 qui
1385 2326 1589 2354 conservator
1621 2318 1775 2358 extiterit,
1801 2317 1841 2351 sit
1868 2329 1926 2363 pax

1179 2373 1307 2408 Domini
1331 2372 1429 2407 nostri
1452 2372 1521 2406 lesu
1543 2371 1679 2411 Christi3
1712 2370 1874 2416 quatinus,
1896 2378 1927 2404 et

1180 2428 1232 2462 hic
1253 2427 1388 2462 fructum
1417 2426 1519 2461 bonae
1545 2425 1678 2459 actionis
1701 2424 1868 2471 percipiat,
1897 2431 1928 2458 et

1179 2480 1263 2528 apud
1279 2480 1455 2516 districtum
1475 2479 1616 2514 Iudicem
1631 2477 1769 2526 praemia
1783 2486 1928 2512 aeternae

1181 2535 1266 2582 pacis
1287 2534 1435 2569 inveniat.
1457 2534 1571 2568 Amen.

1216 2596 1254 2632 (l)
1271 2596 1349 2623 Forte
1365 2595 1503 2630 legendum
1519 2596 1636 2629 graviori
1654 2595 1796 2620 subiacent.
1833 2593 1872 2629 (rt.
1889 2591 1928 2628 τ.)

1946 229 1994 256 Αη.
2015 230 2043 257 C.
2062 228 2129 256 ¹120
