2180 3205
31 257 81 287 An.
97 257 127 285 C.
148 256 215 284 titus
853 253 1011 276 nouimus

235 310 369 345 celerem
414 310 562 345 sortiatur
599 310 755 345 effectum.
800 307 903 343 lluius
944 308 984 341 rui

234 359 343 405 gratia,
365 359 469 394 dilecti
494 360 525 395 in
550 359 686 394 Domino
709 358 774 402 lilii,
797 357 986 405 praedeees-

233 420 340 443 sorum
369 417 547 443 nostrorum
583 408 682 443 felicis
716 407 885 442 memoriae
920 406 985 440 l‘a-

232 457 350 492 schalis
372 466 400 492 et
423 457 534 492 Calixti
560 457 774 492 Romanorum
795 456 983 490 Pontificum

231 507 374 552 vestigiis
398 507 608 547 inhaerentes,
632 507 741 541 vestris
764 505 854 540 iustis
878 513 984 549 postu-

30 552 213 612 ‘ffffiffiffl'i'ffim
232 555 403 590 latinnibus
436 556 609 590 clementer
637 555 822 593 annuimus,
850 563 877 587 et
904 554 985 595 Braa

39 615 98 651 sedis
113 615 207 650 Aposto—
232 612 278 639 tae
295 604 352 640 Dei
372 604 547 640 Genetricis
564 616 751 651 semperque
769 603 906 649 Virginis
923 602 950 637 M
964 618 985 635 ι-

32 645 214 673 ¹⁸⁶¹⁸⁸¹¹⁵⁰¹¹³¹¹¹¹“
231 654 295 688 riae
318 654 502 698 ecelesiam,
540 654 568 688 in
598 666 658 700 qua
682 653 789 687 divino
818 652 982 698 mancipati

230 703 307 737 estis
330 702 494 750 obsequio,
519 703 578 738 sub
605 702 684 736 beati
719 701 802 736 l’etri
826 708 856 735 et
879 709 982 735 nostra

231 752 426 799 protectione
440 752 652 798 suscipimus,
676 759 705 785 et
725 750 896 796 praesentis
912 750 986 784 scri-

231 802 275 848 pti
301 801 476 848 patrocinio
504 801 753 841 communimus3
790 807 983 839 statuentes,

17 856 20 860 '
45 858 263 903 Beniamin-eut
292 862 508 898 quascumque
541 849 776 896 possessiones,
811 861 985 895 quaecum-

33 892 292 947 ssssggffimfssqtie
327 899 408 934 bona
449 899 741 945 impraesentiarum
776 898 856 932 iuste
892 906 984 945 atque

33 957 76 975 ¹⁰¹²
230 949 383 984 canonice
406 948 585 995 possidetis,
613 956 664 982 aut
688 948 718 982 in
743 947 881 982 futurum
905 959 984 981 ron-

229 999 372 1033 cessione
410 998 618 1041 Pontificum,
660 997 824 1041 largitione
858 1009 983 1039 regum,

231 1046 416 1082 liberalitate
436 1047 629 1094 principum,
652 1046 810 1081 oblatione
834 1046 983 1085 fidelium,

230 1097 297 1131 sive
324 1096 393 1132 aliis
422 1096 511 1131 iustis
538 1096 641 1131 modis
670 1096 811 1142 poteritis
833 1095 983 1141 adipisci,

232 1146 336 1180 sirma-
356 1145 445 1180 vobis
480 1145 653 1192 vestrisque
684 1144 922 1180 successoribus
956 1152 985 1178 et

233 1195 348 1230 illibata
387 1202 599 1242 permancant.
639 1192 759 1229 Locum
792 1193 984 1240 Vispaehave.

232 1253 262 1278 et
284 1243 481 1283 Usiuboven,
509 1244 538 1277 iu
559 1244 676 1291 quibus
700 1244 786 1290 prius
811 1243 984 1281 habitastis,

231 1294 312 1328 sicut
331 1306 386 1340 per
403 1293 558 1339 praefatos
582 1292 840 1339 praedecessores
863 1301 986 1327 nostros

232 1342 417 1378 confirmata
452 1350 543 1382 sunt;
577 1354 798 1389 quaecumque
832 1341 924 1376 etiam
955 1341 983 1375 in

234 1391 393 1439 parochiis
415 1400 445 1426 et
462 1392 491 1426 in
511 1391 643 1426 decimis
659 1390 698 1426 ab
713 1391 870 1437 episcopis
899 1390 986 1425 vobis

232 1453 383 1476 concessa
403 1448 495 1481 sunt;
518 1448 548 1475 et
569 1440 721 1487 quidquid
737 1440 811 1474 Otto
827 1440 986 1474 Palatinus

232 1502 358 1535 comes,
392 1489 536 1525 eiusdem
562 1489 620 1524 lot-i
649 1489 817 1529 fundator,
852 1500 987 1523 consen-

234 1539 331 1574 tiente
359 1539 455 1575 nobili
487 1538 785 1585 foemina-petrissa
815 1538 986 1578 comitissa,

234 1597 265 1623 et
291 1589 363 1624 aliis
389 1588 530 1636 quinque
563 1588 750 1627 comitibus3
778 1594 808 1622 et
834 1587 986 1634 quicquid

235 1637 351 1685 llaziga
383 1650 455 1673 cum
494 1638 566 1672 liliis
592 1637 657 1672 suis
691 1637 881 1680 Elddiardo,
910 1637 988 1671 Ber-

235 1687 357 1722 nhardo
383 1695 414 1722 et
435 1686 553 1721 Ottone
587 1686 769 1728 comitibus,
805 1698 860 1720 seu
894 1686 986 1720 etiam

235 1736 367 1771 illustris
387 1735 612 1771 recordationis
627 1747 734 1770 comes
756 1735 987 1779 Perictholdus,

237 1798 346 1820 comes
376 1786 468 1820 etiam
504 1785 712 1825 Chunradus,
746 1793 776 1818 et
805 1784 899 1819 frater
920 1784 989 1819 eius

236 1833 323 1875 Otto,
347 1834 522 1874 Bernhard,
550 1844 579 1869 et
600 1833 849 1873 Ekkontiamtus,
873 1833 987 1880 aliique

236 1884 346 1920 fideles
366 1883 487 1919 Christi
512 1896 568 1930 pro
590 1895 715 1917 suarum
738 1883 913 1917 animarum
937 1895 988 1917 sa-

237 1934 302 1968 lute
340 1933 576 1979 congregationi
615 1941 733 1967 vestrae
771 1932 810 1966 de
837 1945 893 1966 suo
922 1932 988 1966 iure

238 1982 389 2018 obtulisse
408 1990 592 2026 noscuntur,
617 1994 671 2029 per
687 1981 860 2029 praesentis
882 1981 987 2027 scripti

239 2032 383 2080 paginam
401 2031 489 2066 vobis
506 2032 536 2066 in
554 2039 738 2078 perpetuum
752 2031 987 2065 confirmamus.

54 2081 401 2128 summissum-uma,
429 2080 544 2115 Oleum
567 2092 707 2120 sacrum,
735 2080 989 2114 consecrationes

43 2123 126 2180 ζ’ζζζξῗξζ,
164 2123 226 2175 ξξζῗζ
239 2130 382 2165 altarium
416 2128 481 2164 sive
518 2129 716 2164 basilicarum
731 2156 738 2169 ,
778 2129 990 2163 ordinationes

66 2185 163 2226 uigerent·
178 2185 207 2220 ³¹¹,
241 2179 480 2219 monachorum,
502 2179 555 2225 qui
578 2179 615 2212 ad
639 2190 744 2212 sacros
771 2178 898 2212 ordines
921 2177 990 2212 sue-

50 2219 219 2274 ⁰¹''⁸,‚⁰;2¹,',‘,'1.f⁰‘¹'
241 2230 301 2263 rint
323 2228 542 2276 promovendi,
576 2239 592 2262 a
615 2227 805 2261 dioecesano
827 2227 990 2273 accipietis

240 2279 402 2325 episcopo,
428 2277 453 2311 si
483 2277 552 2311 sine
575 2276 723 2322 pravitate
751 2275 901 2310 exhibere
930 2288 990 2310 vo-

241 2327 351 2369 luerit;
378 2326 531 2372 alioquin,
560 2326 650 2360 liceat
676 2324 765 2359 vobis
788 2324 990 2368 catholicum,

240 2387 335 2424 quem
357 2375 542 2415 malueritis,
569 2373 655 2409 adire
676 2374 863 2413 antistitem,
894 2380 924 2407 et
951 2373 991 2408 ab

239 2437 278 2461 eo
299 2424 573 2460 consecrationum
596 2431 790 2458 sacramenta
818 2423 991 2469 suscipere,

240 2475 295 2522 qui
317 2473 518 2522 Apostolicae
543 2473 637 2508 Sedis
659 2472 754 2507 fultus
786 2472 969 2507 auctoritate
983 2499 990 2513 ,

60 2527 174 2564 λιιιηκ
183 2541 228 2558 mo·
241 2535 322 2570 quae
339 2522 549 2571 postulantur,
571 2521 742 2567 indulgeat.
757 2519 904 2555 Obeunte
921 2533 992 2556 vero

47 2566 124 2623 ἓξξζω*
147 2567 229 2595 ‘'³⁸⁰¹'‘
242 2581 283 2618 te,
306 2584 392 2608 nunc
413 2572 553 2607 eiusdem
570 2570 631 2606 loci
651 2570 778 2615 abbate,
801 2569 846 2604 vel
865 2578 990 2604 tuorum

241 2621 382 2671 quolibet
402 2633 635 2661 successorum,
660 2619 766 2654 nullus
788 2619 828 2653 ihi
852 2618 993 2668 qualibet

1039 253 1074 275 iii
1106 253 1153 275 ιϊ.
1660 239 1730 271 513
1796 249 1843 275 Αη,
1867 247 1978 276 (λίνω

1028 306 1235 353 surreptionis
1257 305 1368 340 astutia
1392 317 1445 340 seu
1471 304 1615 339 violentia
1646 316 1780 351 praepo-

1029 363 1135 395 natur,
1170 356 1227 389 nisi
1256 367 1350 402 quem
1379 356 1489 389 fratres
1511 354 1673 389 communi
1702 365 1780 388 con-

1027 417 1137 440 seusu.
1161 406 1206 438 vel
1231 405 1358 438 fratrum
1388 416 1460 451 pars
1481 403 1602 438 consilii
1627 403 1778 444 sanioris,

1027 454 1072 488 vel
1097 454 1135 488 de
1158 466 1231 495 suo,
1261 454 1305 487 vel
1329 453 1367 487 de
1393 454 1512 493 alieno,
1534 453 1559 486 si
1582 453 1776 499 oportuerit,

1027 503 1160 547 rollegio
1183 502 1357 536 secuudum
1383 502 1437 536 Dei
1466 503 1624 541 timorem,
1647 508 1676 537 ct
1696 501 1776 536 beati

1027 552 1189 587 Benedicti
1220 552 1356 597 regulam
1391 552 1555 598 elegerint.
1593 550 1691 585 Porro
1722 563 1773 585 se·
1803 564 1935 593 Seputiumrn
1955 566 1976 586 in

1028 601 1182 648 pulturam
1208 601 1265 634 loci
1285 601 1378 635 vestri
1401 601 1531 636 omnino
1559 600 1687 634 liberam
1706 612 1775 635 esse
1790 595 1978 653 Τᾚῦὓξξζξζζζζᾚ

1026 651 1196 694 sancimus,
1227 657 1257 683 ut
1285 662 1410 694 eorum,
1432 649 1485 697 qui
1509 661 1542 684 se
1566 649 1629 683 illic
1650 649 1774 696 sepeliri
1790 658 1873 682 beram

1026 699 1279 742 deliberaverint,
1302 699 1472 742 devotioni,
1495 707 1524 733 et
1549 707 1706 733 extremae
1727 710 1777 732 vo-

1027 749 1147 790 luntati,
1189 749 1245 783 nisi
1286 748 1363 782 sorte
1398 748 1659 782 excommunicati
1694 748 1775 791 sint,

1027 798 1132 832 nullus
1167 797 1307 832 obsistat.
1344 798 1428 831 Sane
1463 798 1646 831 advocatum
1690 797 1776 831 vobis
1821 806 1941 827 aim-aius

1026 847 1199 882 seeundum
1225 855 1360 881 vestrum
1381 847 1554 885 arbitrium,
1579 842 1976 893 aliorumqueflss‘c'ssgsspgfflffi'.

1027 897 1265 942 religiosorum,
1307 904 1335 929 et
1359 897 1423 930 sani
1457 895 1577 929 consilii
1615 896 1750 929 virorum
1767 923 1774 935 ,
1791 900 1835 933 ‘¹951
1859 898 1896 918 5¹¹¹)
1922 903 1976 948 ΜΞ

1026 959 1118 993 quem
1148 946 1345 992 potissimum
1369 945 1538 989 elegeritis,
1561 944 1775 982 concedimus,
1791 930 1977 981 iiiiin‘ibnqriii-

1026 996 1079 1042 qui
1106 995 1225 1029 timoris
1260 995 1438 1041 amorisque
1467 994 1522 1028 l)‹·i
1553 1001 1695 1039 respectu
1724 1006 1776 1028 ve·
1791 992 1978 1044 ssnussussffisswssfflssj

1026 1052 1107 1079 strae
1134 1044 1284 1079 voluntati
1327 1044 1461 1089 benigue.
1497 1043 1674 1090 provideat,
1711 1039 1876 1089 ipsemiuin-

1027 1101 1129 1128 tamen
1155 1094 1180 1128 si
1206 1092 1357 1127 molestus
1389 1092 1475 1127 vobis
1497 1092 1642 1135 extiterit,
1673 1100 1776 1127 nostra

1026 1143 1210 1178 auctoritate
1246 1142 1335 1176 liceat
1372 1142 1457 1176 vobis
1490 1142 1584 1176 alium
1627 1141 1776 1176 idoneum

1027 1192 1230 1227 constituere.
1254 1191 1352 1225 Porro
1384 1204 1439 1225 nec
1463 1191 1533 1237 ipsi,
1558 1203 1614 1225 nec
1636 1191 1706 1224 aliis
1730 1190 1778 1225 fa-

1027 1241 1127 1276 cultas
1149 1242 1199 1281 sit,
1221 1240 1413 1275 advocatiam
1430 1241 1487 1274 loci
1507 1241 1596 1274 vestri
1612 1240 1670 1274 sibi
1687 1241 1775 1286 quasi

1027 1290 1263 1325 haereditariam
1284 1290 1447 1324 vendicare
1466 1289 1511 1324 vel
1536 1289 1623 1324 vobis
1644 1290 1778 1324 retinen-

1028 1340 1112 1374 tibus
1137 1340 1307 1387 possidere.
1331 1339 1380 1373 Ad
1397 1338 1545 1373 indicium
1563 1347 1666 1374 antem
1683 1338 1777 1373 huius
1804 1347 1976 1383 cepsusannuq·

1027 1401 1042 1423 a
1070 1389 1152 1423 Sede
1175 1388 1354 1436 Apostolica
1375 1395 1540 1435 perceptae.
1560 1388 1776 1434 protectionis,
1791 1378 1839 1429 ᾖξ’
1854 1378 1979 1436 ρῇξζῗζξὲζ

1029 1439 1199 1472 bizantium
1222 1450 1350 1472 aureum
1375 1437 1465 1471 nobis
1481 1438 1634 1471 nostrisve
1656 1449 1778 1471 succes·
1793 1441 1838 1461 ‘¹²¹⁸-

1027 1488 1153 1522 soribus
1174 1486 1265 1522 annis
1286 1486 1420 1532 singulis
1444 1486 1637 1532 persolvetis
1665 1486 1779 1521 Decer-

1030 1537 1133 1571 ninius
1156 1548 1249 1582 ergo,
1276 1544 1308 1570 ut
1344 1535 1419 1570 nulli
1450 1536 1582 1569 omnino
1610 1535 1777 1570 hominum

1029 1587 1135 1627 liceat,
1164 1586 1331 1633 praefatam
1356 1584 1528 1620 Ecclesiam
1558 1593 1675 1619 temere
1707 1597 1781 1631 per-

1029 1636 1173 1679 turbare,
1209 1643 1261 1669 aut
1296 1634 1365 1669 eius
1393 1634 1609 1681 possessiones
1635 1633 1781 1678 auferre,

1030 1685 1075 1719 vel
1104 1684 1221 1719 ablatas
1251 1684 1405 1724 retinere,
1441 1683 1600 1724 minuere,
1630 1695 1684 1718 seu
1707 1683 1781 1730 qui-

1030 1734 1166 1769 buslibet
1188 1733 1404 1768 vexationibus
1425 1731 1571 1778 fatigare3
1594 1732 1648 1767 sed
1675 1733 1780 1767 omnia

1030 1784 1148 1829 integra
1169 1791 1404 1823 conserventur,
1423 1793 1546 1822 eorum,
1570 1794 1625 1828 pro
1643 1793 1779 1828 quorum

1030 1832 1277 1867 substentatione
1308 1839 1338 1866 et
1368 1831 1598 1876 gubernatione
1630 1843 1779 1866 concessa

1030 1889 1114 1925 sunt,
1138 1882 1246 1916 usibus
1273 1880 1467 1915 omnimodis
1494 1880 1666 1927 profutura,
1697 1880 1781 1914 salva

1030 1931 1230 1978 Apostolicae
1241 1930 1333 1965 Sedis
1347 1930 1540 1964 anctoritate.
1559 1929 1592 1964 Si
1609 1942 1669 1977 qua
1687 1929 1782 1975 igitur

1031 1980 1062 2014 in
1090 1980 1230 2015 futurum
1258 1978 1466 2014 ecclesiastica
1489 1979 1694 2013 saecularisve
1715 1990 1782 2024 per-

1030 2041 1118 2070 sona,
1141 2029 1221 2064 hanc
1241 2037 1364 2063 nostrae
1379 2027 1613 2062 constitutionis
1636 2027 1778 2074 paginam

1031 2091 1151 2116 sciens,
1178 2085 1286 2112 contra
1309 2089 1376 2112 eam
1401 2084 1519 2111 temere
1546 2088 1653 2111 venire
1680 2084 1782 2111 tenta-

1031 2128 1119 2166 verit,
1142 2127 1167 2162 si
1192 2126 1334 2162 secundo
1357 2126 1486 2160 tertiove
1512 2126 1703 2160 commonita
1721 2126 1782 2160 sue-

1032 2177 1081 2215 rit,
1103 2185 1133 2211 et
1156 2188 1217 2211 non
1246 2175 1456 2210 satisfactione
1471 2186 1609 2221 congrua
1632 2175 1782 2210 emenda-

1032 2226 1119 2266 verit,
1153 2225 1315 2272 potestatis
1343 2224 1535 2270 honorisque
1562 2224 1608 2258 sui
1632 2224 1783 2270 dignitate

1031 2282 1144 2315 careat,
1173 2285 1320 2321 reamque
1334 2285 1367 2307 se
1389 2273 1494 2307 divino
1514 2273 1630 2307 iudicio
1650 2274 1783 2308 existere

1032 2324 1070 2358 de
1099 2331 1273 2371 perpetrata
1309 2323 1470 2369 iniquitate
1503 2330 1672 2368 cognoscat
1703 2330 1731 2357 et
1766 2334 1783 2357 a

1032 2373 1242 2407 sacratissimo
1268 2371 1408 2418 Corpore
1431 2383 1466 2406 ac
1489 2371 1651 2417 Sanguine
1672 2371 1728 2406 Dei
1753 2380 1784 2406 et

1034 2422 1157 2456 Domini
1186 2421 1410 2468 Redemptor-is
1437 2421 1533 2455 nostri
1570 2420 1638 2455 Iesu
1666 2420 1782 2455 Christi

1032 2471 1132 2505 aliena
1156 2472 1218 2511 liat,
1241 2478 1333 2516 atque
1356 2470 1384 2504 iu
1407 2479 1546 2504 extremo
1568 2470 1712 2504 examine
1739 2470 1784 2504 di-

1033 2521 1155 2555 strictae
1185 2520 1294 2554 ultioni
1321 2519 1489 2554 subiaceat.
1519 2518 1652 2553 Cunctis
1677 2527 1782 2554 autem

1033 2570 1135 2603 eidem
1160 2569 1317 2603 Ecclesiae.
1343 2580 1398 2602 sua
1424 2568 1488 2602 iura
1517 2567 1715 2602 servantibus
1743 2568 1785 2602 sit

1037 2631 1093 2665 pax
1120 2618 1247 2654 Domini
1272 2619 1368 2652 nostri
1386 2617 1455 2652 Iesu
1477 2617 1608 2662 Christi,
1630 2625 1784 2666 quatenus

1813 1994 1892 2016 Solitas
1908 2000 1958 2015 cun·

1828 2026 1944 2047 clusioues.
