2180 3205
36 216 84 244 Αη.
103 216 130 242 C
152 216 218 242 ¹179

48 273 217 301 Novnqueeon-
233 269 455 304 monasterium
494 270 684 316 pertinentes
720 268 878 315 aliquibus
911 269 978 302 sine

35 306 216 332 “⁶¹¹⁹‘'¹¹⁹⁸'⁸
231 326 331 353 v·estia
354 318 513 353 voluntate
548 318 708 358 conserre;
734 318 789 352 sed
818 316 863 351 fas
891 317 977 351 iobis

230 367 280 407 sit,
315 366 351 401 ad
380 367 538 402 Ecclesias
570 367 653 414 ipsas
676 374 819 401 vacantes
847 365 977 412 presby-

230 424 312 450 teros
326 416 428 450 cidem
443 417 592 463 episcopo
612 423 825 470 praesentare:
849 414 976 468 quibus,

229 464 254 499 si
279 465 381 499 idonci
410 464 540 505 fuerint,
572 465 739 511 episcopus
766 475 872 498 curam
900 463 976 497 ani-

228 525 350 547 marum
373 513 558 555 committat,
587 514 627 547 ita
655 513 795 560 quidem,
831 520 864 546 ut
885 512 912 546 ei
936 511 975 545 de

228 562 330 608 plebis
351 574 424 596 cura
449 562 670 608 respondeant,
695 561 782 595 vobis
809 568 910 595 autem
937 560 975 594 de

228 610 454 657 temporalibus
485 611 620 645 debitam
653 610 880 645 subiectionem
916 609 976 642 im-

229 660 376 706 pendant.
399 659 612 694 Nihilominus
633 660 724 693 etiam
748 659 866 693 arctius
885 658 974 692 inter-

227 708 380 750 dicimus,
416 720 453 742 ne
480 709 528 743 cui
552 709 701 755 episcopo
724 707 770 742 vel
798 707 847 742 alii
871 706 975 741 eccle-

226 758 369 792 siasticae
397 769 561 804 personae,
591 770 645 792 vos
672 758 718 792 vel
747 756 972 791 monasterium

226 815 364 841 vestrum
405 807 472 840 sine
521 806 683 841 manifesta
726 813 757 840 et
796 805 973 840 rationabili

225 867 318 890 causa
361 855 678 890 excommunicationi
721 855 767 889 vel
808 854 973 888 interdicto

30 903 213 958 ιῇζτὲζξηωξὲζ
226 904 389 939 subiacere
423 904 523 939 liceat.
566 904 626 939 Sed
655 916 727 939 cum
756 903 900 949 generale
925 903 974 936 in-

30 965 100 988 offici·
152 967 214 988 ceie-
228 953 393 988 terdictum
408 953 623 995 tetrael'ueiit
647 953 691 988 fas
706 952 793 987 vobis
815 953 866 992 sit,
889 951 975 986 clau-

29 995 214 1055 {ffflsscffffl‘b
226 1003 271 1037 sis
303 1002 427 1042 ianuis,
466 1003 602 1037 exclusis
636 1001 917 1037 excommunicatis
943 1008 974 1035 et

226 1051 411 1091 interdictis,
445 1063 507 1085 non
542 1052 671 1098 pulsatis
697 1051 869 1097 campanis,
896 1062 973 1096 sup-

225 1112 331 1147 pressa
347 1111 423 1135 voce
439 1099 542 1135 divina
565 1101 664 1135 officia
684 1100 854 1135 celebrare.
866 1098 974 1134 Chris-

223 1161 274 1184 ma
295 1162 387 1189 vero,
413 1148 528 1184 Oleum
544 1158 700 1190 sanctum,
722 1148 973 1184 consecrationes

223 1198 367 1233 altarium
405 1211 460 1234 seu
496 1199 715 1253 basilicarum,
757 1197 972 1232 ordinationes

223 1247 422 1289 clericorum,
462 1248 515 1294 qui
544 1247 580 1282 ad
614 1260 719 1282 sacros
746 1246 874 1281 ordines
907 1246 972 1280 fue-

223 1296 286 1331 rint
308 1297 523 1343 promovendi,
545 1308 560 1330 a
583 1296 770 1331 dioecesano
792 1295 972 1342 suscipietis

223 1345 390 1393 episcopo,
431 1348 456 1382 si
491 1345 618 1392 quidem
647 1345 820 1380 catholicus
855 1344 971 1389 fuerit,

223 1402 254 1429 et
278 1406 314 1430 ea
347 1396 443 1441 gratis
475 1403 505 1429 et
537 1394 656 1441 absque
685 1394 834 1441 pravitate
866 1405 972 1440 symo-

222 1443 312 1478 niaca
343 1444 490 1479 exhibere
517 1443 604 1477 vobis
627 1443 777 1484 voluerit3
810 1442 970 1488 alioquin,

222 1492 313 1527 liceat
334 1493 420 1528 vobis
441 1491 645 1536 catholicum,
667 1504 761 1538 quem
784 1491 970 1535 malueritis,

222 1541 392 1576 antistitem
419 1542 516 1582 adire,
539 1542 590 1587 qui
616 1541 763 1575 nimirum
787 1548 890 1575 nostra
914 1540 971 1574 sul-

223 1597 273 1625 tus
294 1591 489 1635 auctoritate,
529 1590 615 1636 quod
642 1590 830 1637 postulatur,
869 1589 972 1623 indul-

27 1635 304 1722 uffhssffl’gh‘ijssgeatt.
343 1639 490 1674 Obeunte
522 1651 595 1674 vero
628 1646 678 1679 te,
718 1651 802 1673 nunc
829 1638 970 1673 eiusdem

27 1689 284 1724 ltgiiubet.1001
310 1688 433 1729 abbate,
455 1688 503 1723 vel
531 1696 656 1722 tuorum
679 1687 820 1734 quolibet
846 1699 972 1722 succes-

222 1749 352 1782 sorum,
386 1738 493 1772 nullus
528 1737 569 1771 ibi
592 1737 732 1783 qualibet
758 1736 971 1790 subreptionis

222 1787 335 1822 astutia
375 1799 431 1821 seu
466 1786 610 1820 violentia
647 1794 874 1832 praeponatur,
910 1798 970 1819 nisi

221 1847 316 1882 quem
338 1835 449 1870 fratres
474 1836 636 1871 communi
663 1846 831 1874 consensu,
854 1833 972 1868 vuelsia

222 1892 305 1919 trum
345 1897 416 1931 pars
453 1884 577 1919 consilii
610 1884 755 1926 sanioris,
794 1882 969 1917 secundum

221 1932 279 1968 Dei
303 1934 459 1973 timorem,
481 1943 512 1969 et
535 1933 615 1967 beati
643 1932 806 1967 Benedicti
830 1932 969 1977 tegulam

38 1985 150 2008 ”mmm
167 1988 209 2008 ¹¹¹¹-
222 1982 414 2030 providerint
441 1982 633 2029 eligendum.
661 1960 881 2016 Decernimnso
884 1992 970 2026 ergo,

26 2018 145 2044 ⁵⁰⁰¹¹¹⁸'⁵’
164 2022 205 2040 ⁰¹⁰
223 2040 256 2066 ut
284 2032 361 2066 nulli
387 2033 518 2067 omnino
552 2031 715 2065 hominum
758 2029 850 2064 liceat
881 2042 971 2076 prae-

221 2081 316 2116 fatum
339 2081 527 2116 coenobium
556 2088 672 2115 temere
699 2079 892 2127 perturbare,
918 2087 971 2113 aut

220 2131 290 2165 eius
323 2131 539 2177 possessiones
572 2129 705 2169 auferre,
733 2137 785 2163 aut
811 2128 971 2175 aliquibus

220 2179 441 2214 vexationibus
464 2180 607 2225 latigare3
641 2178 696 2213 sed
724 2178 829 2212 onmia
852 2178 970 2223 integra

220 2237 457 2269 conserventur,
479 2241 600 2272 eorum,
624 2240 679 2274 pro
701 2239 834 2274 quorum
855 2226 971 2273 guber-

220 2279 348 2312 natione
369 2286 400 2312 et
421 2277 672 2312 substentatione
704 2288 851 2311 concessa
887 2283 971 2319 sunt,

222 2326 331 2362 usibus
352 2327 544 2362 omnimodis
571 2325 749 2372 profutura:
776 2325 858 2359 salta
878 2324 971 2358 Sedis

221 2376 260 2423 Αἰ
253 2376 421 2410 »ostolicae
442 2375 641 2418 auctoritate,
663 2382 694 2409 et
715 2374 893 2408 dioecesani
912 2373 973 2427 epi-

221 2426 308 2471 scopi
336 2425 487 2459 canonica
513 2424 641 2458 iustitia.
668 2423 702 2458 Si
728 2435 789 2470 qua
817 2423 910 2469 igitur
940 2434 970 2456 in

222 2475 362 2508 futurum
378 2473 588 2508 ecclesiastica
603 2472 810 2508 saecularisve
828 2483 971 2518 ρθιεοηῡ,

222 2523 303 2558 lianc
318 2531 442 2558 nostrae
451 2523 686 2558 constitutionis
700 2523 843 2568 paginam
857 2534 971 2560 sciens,

221 2581 329 2608 contra
377 2584 444 2607 eam
489 2580 606 2607 temere
648 2584 752 2606 v·euiie
791 2570 971 2612 tentaverit,

37 2418 194 2442 &Buechn-

25 2451 83 2472 οιΙιε
98 2453 207 2479 poenales

830 216 871 238 At
875 216 1027 238 Exaxliiffl
1049 216 1085 238 ΙΙΙ
1108 214 1156 237 FP.

1652 205 1720 237 807

1019 268 1158 302 secundo
1181 267 1310 302 tertiove
1332 267 1534 307 commonita,
1556 267 1581 301 si
1606 279 1667 302 non
1683 267 1771 302 satis-

1020 317 1152 351 factione
1181 329 1318 362 congrua
1354 316 1578 356 emendaverit,
1609 317 1770 362 potestatis

1018 365 1210 411 honorisque
1245 366 1291 399 sui
1320 366 1471 411 dignitate
1509 373 1631 405 careat,
1667 377 1771 400 ream-

1017 426 1079 460 que
1107 426 1140 449 se
1167 414 1273 449 divino
1308 414 1424 449 iudicio
1450 414 1584 449 existere
1617 414 1656 448 de
1697 426 1771 460 per-

1018 471 1134 509 petrata
1163 463 1324 509 iniquitate
1354 471 1533 509 cognoscat,
1552 463 1770 498 ctasacratis-

1017 523 1096 545 simo
1112 512 1251 558 Corpore
1269 524 1303 546 ac
1323 512 1485 558 Sanguine
1507 512 1565 546 Dei
1588 519 1619 546 et
1640 511 1768 547 Domini

1018 561 1113 594 nostri
1132 560 1358 615 'Redemptoris
1373 561 1440 595 lesu
1457 560 1573 595 Christi
1589 561 1688 596 aliena
1706 561 1769 604 liat,

1015 617 1108 656 atque
1131 609 1161 643 in
1193 619 1332 644 extremo
1363 610 1505 645 examine
1532 610 1691 644 districtae
1719 609 1770 643 ul-

1017 658 1091 692 tioni
1114 659 1287 698 subiaceat,
1313 659 1435 693 cunctis
1456 667 1560 693 autem
1577 658 1678 694 eidem
1699 658 1769 693 loco

1015 719 1070 741 sua
1087 707 1152 741 iura
1168 708 1364 743 servantibus
1382 709 1421 742 sit
1445 720 1501 755 pax
1520 708 1647 742 Domini
1670 708 1768 743 nostri

1016 760 1086 794 lesu
1121 759 1255 800 Christi,
1291 769 1446 808 quatenus
1480 769 1511 796 et
1543 761 1594 796 hic
1633 762 1769 797 fructum

1015 813 1116 848 bonae
1137 814 1269 848 actionis
1289 814 1476 860 percipiant,
1499 824 1529 850 et
1555 815 1637 862 apud
1661 815 1770 850 (listri-

1014 876 1098 901 ctum
1121 867 1261 902 Iudicem
1290 869 1424 915 praemia
1446 877 1592 905 aeternae
1619 870 1704 917 pacis
1720 870 1770 904 in-

1015 921 1153 955 veniant.
1177 921 1291 956 Anien.

1063 974 1131 1009 Eoo
1158 975 1358 1010 Anaxannnn
1393 976 1566 1012 catholicae
1601 977 1767 1013 Ecclesiae
1795 995 1909 1017 Aiexaudrr
1926 995 1965 1017 pr.

1014 1039 1184 1075 episcopus
1210 1041 1253 1063 ss.

1063 1082 1131 1128 Ego
1152 1081 1295 1117 Ubaldus
1316 1083 1474 1119 Ostiensis
1492 1085 1662 1133 episcopus
1683 1097 1725 1120 ss.
1781 1098 1803 1116 et
1818 1095 1839 1116 S
1861 1095 1884 1116 1¹
1908 1095 1965 1116 Eort-

1061 1135 1129 1182 Ego
1152 1135 1285 1171 loannes
1313 1137 1416 1183 presb.
1440 1127 1959 1185 card.Ss.Ioannisfflffss1¹ssii0¹ii22

1014 1198 1044 1225 et
1064 1189 1152 1224 Pauli
1175 1189 1255 1224 tituli
1284 1190 1478 1226 pammachii
1501 1204 1542 1226 ss.

1060 1243 1129 1289 Ego
1150 1242 1284 1278 Ioannes
1312 1244 1415 1291 presb.
1440 1245 1524 1280 card.
1553 1246 1599 1280 tit.
1629 1245 1766 1282 Sanctae

1012 1296 1197 1331 Anastasiae
1216 1309 1258 1331 ss.

1060 1349 1128 1396 Ego
1148 1349 1283 1385 Ioannes
1306 1350 1470 1399 presbyter
1490 1352 1659 1388 cardinalis
1681 1352 1765 1388 tituli

1012 1403 1046 1438 S.
1065 1403 1162 1439 Marci
1186 1416 1229 1438 ss.

1061 1457 1131 1503 Ego
1152 1457 1338 1492 Theodinus
1362 1459 1524 1507 presbyter
1545 1460 1713 1496 cardinalis
1730 1461 1765 1495 S.

1012 1511 1123 1546 Vitalis
1151 1512 1230 1546 tituli
1252 1511 1339 1546 Vest.
1363 1525 1404 1547 ss.

1061 1565 1130 1610 Ego
1155 1565 1270 1600 Petrus
1292 1566 1454 1614 presbyter
1489 1567 1659 1603 cardinalis
1686 1567 1767 1602 tituli

1011 1618 1045 1652 S
1068 1617 1233 1652 Susannae
1256 1631 1298 1653 ss.

1060 1671 1129 1717 Ego
1151 1670 1221 1717 Ugo
1245 1672 1408 1720 presbyter
1430 1673 1600 1710 cardinalis
1622 1675 1704 1710 tituli
1731 1675 1764 1710 S.

1012 1724 1188 1760 Clementis
1214 1738 1257 1760 ss.

1059 1778 1129 1825 Ego
1151 1778 1288 1814 lacintus
1323 1779 1355 1814 S.
1392 1780 1508 1816 Mariae
1535 1782 1566 1816 in
1593 1782 1763 1818 Cosmedin

1012 1831 1163 1867 diaconus
1184 1834 1354 1868 cardinalis
1379 1846 1422 1869 ss.

1061 1885 1128 1931 Ego
1144 1885 1273 1921 Arilicio
1294 1887 1449 1923 diaconus
1466 1889 1636 1925 cardinalis
1656 1890 1764 1925 Sancti

1011 1938 1170 1973 Theodori
1192 1952 1234 1974 ss.

1062 1992 1128 2038 Ego
1159 1992 1330 2028 Rainerius
1358 1994 1512 2030 diaconus
1539 1996 1709 2031 cardinalis
1729 1996 1763 2031 S.

1012 2045 1139 2092 Georgii
1161 2046 1200 2080 ad
1227 2046 1341 2081 Velum
1364 2049 1506 2083 Aureum
1529 2061 1570 2083 ss.

1060 2099 1129 2146 Ego
1156 2099 1331 2136 Matthaeus
1358 2101 1391 2136 S.
1415 2102 1532 2138 Mariae
1553 2103 1659 2138 Novae
1682 2103 1764 2139 diac.

1012 2153 1181 2188 cardinalis
1208 2166 1252 2188 ss.

1061 2207 1129 2252 Ego
1141 2206 1313 2242 Rainerius
1327 2207 1409 2244 diac.
1423 2210 1507 2244 card.
1524 2210 1558 2245 S.
1574 2210 1706 2246 Adriani
1721 2224 1763 2246 ss.

1061 2260 1176 2295 Datum
1214 2259 1360 2296 Laterani
1388 2274 1444 2309 per
1476 2276 1606 2299 manum
1641 2264 1764 2300 Alberti

1014 2313 1186 2361 presbyteri
1220 2314 1303 2348 card.
1339 2324 1369 2350 et
1401 2318 1598 2358 canceilarii,
1625 2331 1659 2353 iv
1692 2319 1766 2353 idus

1013 2368 1128 2411 martii,
1155 2366 1325 2402 indictione
1350 2381 1408 2409 xii,
1437 2382 1555 2405 incarn.
1586 2371 1765 2408 dominicae

1013 2433 1095 2456 anno
1121 2433 1284 2466 maxxix,
1312 2416 1512 2469 pontificatus
1545 2437 1618 2460 vero
1654 2425 1765 2461 domni

1013 2474 1182 2509 Alexandri
1204 2474 1308 2521 Papae
1328 2475 1369 2509 111
1396 2489 1479 2511 anno
1501 2490 1551 2512 xx.

1060 2531 1122 2563 Dat.
1145 2532 1192 2562 die
1212 2532 1249 2562 12
1271 2532 1367 2562 martii
1387 2544 1464 2563 anno
1488 2534 1601 2566 Domini
1622 2536 1717 2574 1179,

1258 2578 1360 2617 pontit.
1383 2587 1461 2608 anno
1478 2589 1522 2609 xx.

1787 216 1836 242 An.
1850 216 1878 242 C.
1901 216 1966 242 ¹179
