2180 3205
32 267 80 294 An.
101 265 130 293 C.
147 265 214 293 ¹083

65 1708 213 1730 nonasterium

50 1735 193 1766 Andaginensc

33 1761 70 1783 sub
85 1763 212 1788 proteciione

33 1787 94 1809 Sedis
111 1789 213 1820 Apostoli-

33 1819 70 1835 σεο
87 1815 212 1842 ancipitum

33 1840 94 1871 eique
105 1841 161 1863 bona
171 1848 212 1863 om-

34 1867 68 1888 nia
90 1868 212 1890 confirman-

820 269 845 293 S.
872 266 1059 292 GREGOttttss
1085 266 1132 288 vti
1159 266 1207 288 ¹²1³.

240 327 367 375 speciali
382 325 530 362 charitate
545 334 575 361 et
589 325 693 362 studio
712 337 786 360 suae
800 323 909 359 Matris
926 335 990 357 am-

237 381 345 429 plexae
357 392 584 428 usquequaque
592 381 767 415 securiores
781 386 812 413 et
825 377 988 412 liberiores

234 434 274 469 ab
286 433 370 469 omui
387 433 584 468 infestatione
605 433 830 468 consisterent:
850 442 940 478 quaS,
956 438 987 464 ut

235 487 368 534 dignum
384 495 460 529 erat,
474 487 514 521 ita
526 486 667 521 Romana
682 485 821 531 suscepit
833 483 986 521 Ecclesia,

235 547 385 588 tantaque
408 540 543 588 protexit
580 539 720 586 undique
747 537 928 584 diligentia,
957 543 988 570 ut

236 594 387 629 omnibus
413 593 608 628 munimenta
637 591 801 639 praesidii,
827 589 988 624 nonnullis

233 659 361 695 quoque
388 646 518 693 gratiam
542 645 698 680 conferret
719 643 866 690 augendi.
886 643 987 678 Cuius

233 701 278 736 rei
318 700 450 748 plurima
485 699 576 735 nobis
612 698 754 746 exempla
798 697 986 733 sanctissimi

235 754 293 789 viri
328 754 541 801 reliquerunt,
568 753 621 800 qui
656 762 727 788 ante
763 766 819 787 nos
856 752 885 786 in
919 751 985 792 illa,

233 820 329 855 quam
343 807 494 849 diximus,
516 807 699 855 Apostolica
718 807 800 842 Sede
821 806 986 852 (uigentes,

233 872 290 907 pro
320 860 438 896 bonore
465 861 680 896 Ecclesiaruin
715 859 790 900 Dei,
830 868 860 894 et
900 859 987 894 exal-

232 914 349 949 tatione
376 926 484 949 earum
508 915 626 961 magis,
649 927 743 962 quam
767 926 823 961 pro
847 915 905 948 vita
933 922 986 948 aut

231 967 332 1003 salute
364 980 439 1009 sua,
471 968 585 1004 soliciti
615 968 754 1013 fuerunt,
776 968 986 1014 suscipientes

233 1022 424 1056 monasteria
451 1030 481 1057 et
503 1022 696 1057 venerabilia
727 1022 792 1056 loca
822 1022 852 1055 in
881 1029 986 1068 patro-

231 1075 350 1109 cinium
369 1076 563 1123 apostolicae
590 1075 805 1119 defensionis,
821 1082 850 1109 et
868 1074 985 1108 contir-

232 1138 354 1165 mantes
368 1142 403 1165 ea
420 1130 555 1178 propriis
572 1129 759 1178 privilegiis;
774 1137 930 1176 quatenus
949 1141 985 1162 ex

231 1183 414 1231 quotidiana
428 1184 651 1230 tranquillitate
673 1183 833 1218 ardentius
849 1183 878 1216 in
895 1182 986 1216 devo-

234 1238 318 1272 tione
344 1238 470 1272 divinae
496 1238 654 1273 servitutis
675 1246 703 1272 et
733 1238 762 1271 in
789 1236 873 1271 omni
904 1236 986 1271 bono

234 1291 432 1338 proficerent.
460 1290 530 1333 Qua
560 1292 590 1326 in
616 1304 647 1326 re
675 1304 768 1338 quain
794 1291 861 1338 pie,
891 1303 984 1337 quain

232 1353 340 1379 sancte
358 1344 512 1386 fecerunt,
534 1354 564 1380 et
585 1345 710 1380 illorum
738 1345 828 1379 nobis
850 1343 986 1378 ostendit

233 1397 344 1444 gloria,
359 1406 389 1433 et
404 1398 435 1432 in
451 1397 550 1445 ipsius
566 1398 608 1433 rei
630 1407 690 1433 tam
707 1399 862 1433 fructuosa
877 1398 984 1444 gratia.

232 1451 313 1486 Nam
339 1463 410 1486 cum
439 1451 573 1486 oratoria
598 1451 627 1486 in
653 1464 727 1498 pace
749 1460 779 1486 et
806 1451 986 1498 tranquilli—

234 1513 298 1541 tate
324 1505 513 1545 consistunt,
541 1513 572 1540 et
597 1506 809 1541 ecclesiastiea
833 1506 985 1540 beneficia

233 1571 391 1607 pauperes
413 1558 531 1594 Christi
559 1560 713 1601 nutriunt,
736 1568 802 1594 tum
831 1572 903 1594 vero
918 1559 986 1594 laus

233 1613 301 1649 Deo
330 1613 426 1660 digne
454 1614 619 1660 promitur,
647 1621 677 1648 et
703 1614 839 1648 remedia
874 1626 986 1660 pesca-

234 1675 350 1713 torum,
377 1675 439 1702 tam
469 1667 545 1701 vivis
563 1679 656 1714 quam
674 1667 833 1702 defunctis
860 1668 985 1715 impen-

233 1721 328 1756 ditur.
367 1720 459 1756 Unde
493 1733 550 1755 nos
585 1722 614 1755 in
658 1721 766 1756 eadem
805 1721 985 1768 Apostolica

233 1774 318 1810 Sede
355 1787 418 1810 non
459 1775 574 1810 nostris
613 1774 755 1819 meritis,
790 1775 844 1809 sed
881 1775 984 1810 diiina

233 1827 326 1863 locati
351 1828 461 1875 gratia,
480 1828 619 1875 suscepti
642 1828 733 1863 officii
754 1828 894 1864 debitum
909 1842 987 1864 con·-

234 1881 420 1926 sideranies,
437 1883 609 1930 praefatum
625 1883 861 1928 monasterium,
877 1885 925 1919 cui
942 1892 986 1929 tu,

235 1935 349 1971 dilecte
370 1935 414 1970 fili
431 1944 462 1971 et
480 1938 716 1984 praenominate
738 1937 830 1982 abba,
854 1951 986 1985 piaeesse

190 2028 194 2029 ⁷
235 1989 423 2031 dinosceris,
446 1998 499 2026 tuo
523 2001 629 2038 rogatu
646 1992 675 2026 in
700 1992 826 2026 tutelam
851 1995 987 2038 Aposto-

235 2043 314 2079 licae
340 2042 443 2084 Sedis,
477 2053 507 2079 et
538 2053 675 2080 nostram
703 2058 986 2093 successorumque

235 2105 414 2132 nostrorum
436 2096 652 2133 defensionem
675 2100 885 2146 suscepimus,
908 2112 988 2135 con-

236 2149 484 2197 firmantesque,
513 2159 543 2185 et
574 2152 814 2187 corroborantes
848 2154 906 2188 sibi
935 2166 988 2200 per

237 2204 411 2251 praesentis
447 2205 590 2251 paginam
629 2206 782 2252 privilegii
822 2207 986 2242 ecclesiam

236 2257 272 2293 S.
299 2257 415 2293 Mariae
441 2270 537 2305 super
563 2259 728 2293 Auxonam
751 2260 858 2294 sitam:
886 2261 988 2296 eccle-

237 2311 315 2346 siam
337 2311 371 2346 S.
398 2311 532 2359 Sulpicii
557 2325 653 2360 super
670 2313 808 2348 Mosam:
831 2321 988 2350 caeteras-

237 2377 299 2412 que
339 2365 555 2412 possessiones
593 2374 654 2400 tam
698 2368 727 2401 in
773 2368 853 2402 villis
893 2380 986 2416 quam

238 2417 390 2460 castellis,
414 2419 608 2466 caeterisque
643 2421 804 2462 ecclesiis,
836 2430 866 2457 et
898 2423 989 2457 terris

238 2471 332 2507 cultis
357 2479 389 2508 et
415 2472 555 2513 incultis,
577 2485 632 2508 seu
667 2474 696 2508 in
724 2475 872 2510 omnibus
893 2476 988 2511 rebus

240 2525 409 2562 mobilibus
448 2534 478 2562 et
518 2527 746 2570 immobilibus,
785 2541 864 2575 quas
905 2543 990 2565 nunc

241 2578 309 2615 iure
328 2580 468 2627 possidet
493 2583 546 2626 (l).

277 2635 316 2671 (l)
340 2639 467 2666 Videntur
483 2639 524 2665 liic
537 2641 683 2666 desiderari
699 2648 751 2667 non
764 2648 860 2673 pauca.

1666 251 1734 285 419

1365 318 1448 355 in.

1031 394 1197 426 Abbatibus
1234 392 1482 426 ammaeensibus
1510 390 1685 424 conceditur
1712 400 1782 422 om-

1080 443 1203 474 nimmia
1238 442 1408 474 iurisdictio
1444 451 1534 485 super
1565 439 1721 473 monachis
1754 444 1782 471 et

1080 492 1187 523 abbate
1210 491 1387 523 monasterii·
1408 491 1443 524 S.
1467 489 1626 522 Benedicti
1644 488 1687 522 ad
1715 488 1782 520 Pa-

1077 540 1151 572 dum
1177 540 1310 572 eiusdem
1332 540 1451 572 ordinis
1471 542 1533 581 (i).

1297 607 1511 638 stiititittitmt

1029 666 1195 696 Exordium.
1218 682 1257 687 —
1279 665 1485 694 Monasterium
1515 664 1542 694 S.
1566 664 1714 695 Benedicti
1744 664 1779 693 ad

1069 705 1178 735 Padum
1199 706 1273 735 iuris
1294 705 1378 734 Sedis
1397 704 1591 742 Apostolicae.
1609 720 1648 726 —
1665 703 1779 733 Census

1068 755 1185 774 annuus
1202 745 1237 774 ab
1258 754 1290 773 eo
1304 744 1444 774 lloin‘inis
1462 743 1655 773 Pontificibus
1668 743 1780 772 solven-

1068 786 1133 814 dus.
1156 801 1195 807 —
1220 784 1343 813 Abbatis
1376 783 1580 813 Cluniacensis
1610 783 1778 812 omnimoda

1069 825 1235 854 iurisdictio
1259 833 1348 863 super
1362 823 1520 853 nionaclios
1531 828 1559 852 et
1570 822 1704 852 abbatem
1717 831 1778 851 mo-

1068 864 1189 893 nasteiii
1208 864 1304 893 liuius.
1323 880 1362 885 —
1380 862 1465 892 Salvo
1486 867 1582 892 tamen
1606 862 1668 892 iure
1693 860 1777 891 Sedis

1068 904 1265 942 Apostolicae.

1027 970 1170 1005 Gregorius
1190 970 1330 1006 episcopus
1359 977 1453 999 servus
1475 975 1614 998 servorum
1645 968 1698 1001 Dei.
1728 969 1777 996 Hu-

1071 1015 1134 1050 goni
1154 1015 1302 1043 venerabili
1322 1015 1413 1043 abbati
1437 1014 1621 1042 cluniacensis
1640 1015 1775 1041 monaste-

1071 1060 1117 1092 rii,
1138 1060 1246 1096 suisque
1266 1059 1475 1092 successoribus.
1496 1059 1524 1087 in
1543 1059 1713 1095 perpetuum.

1076 1122 1222 1169 Suscepti
1257 1135 1314 1157 nos
1355 1122 1445 1156 officii
1481 1134 1555 1156 cura
1591 1122 1776 1169 compellit,

1030 1172 1259 1206 venerabilibus
1274 1171 1360 1209 iocis,
1384 1180 1414 1206 et
1437 1171 1604 1218 praecipue
1627 1172 1674 1205 liis
1695 1184 1776 1217 qnae

1028 1221 1142 1267 proprii
1167 1221 1242 1255 iuris
1268 1229 1341 1255 sunt
1367 1220 1500 1255 Sanctae
1528 1220 1690 1256 Romanae
1713 1221 1776 1254 Ei·-

1027 1270 1152 1314 clesiae,
1180 1270 1271 1304 talem
1296 1278 1420 1304 nostrae
1447 1270 1691 1316 dispensationis
1719 1271 1776 1304 ad-

1028 1319 1134 1353 bibere
1153 1319 1358 1365 diligentiam,
1382 1327 1414 1353 ut
1437 1318 1466 1352 in
1491 1319 1553 1352 illis
1571 1331 1617 1363 ea,
1640 1320 1776 1353 maxime

1026 1368 1207 1414 apostolicis
1230 1368 1410 1415 privilegiis,
1439 1376 1468 1402 et
1496 1367 1690 1402 memorabili
1718 1381 1776 1402 au-

1026 1418 1168 1451 ctoritate
1195 1417 1373 1455 firmentur,
1396 1429 1476 1464 quae
1498 1417 1535 1451 ad
1563 1429 1669 1452 sacrae
1695 1430 1776 1452 eru-

1027 1466 1155 1501 ditionis
1177 1466 1340 1509 studium,
1367 1474 1396 1500 et
1432 1466 1469 1500 ad
1499 1467 1661 1512 religiosae
1696 1467 1776 1501 vitae

1028 1517 1236 1562 propositum,
1258 1524 1288 1550 et
1303 1516 1480 1549 diuturnam
1496 1515 1645 1561 spiritalis
1658 1516 1775 1561 gratiae

1027 1565 1274 1599 aedificationem
1300 1565 1495 1611 potissimum
1513 1564 1612 1599 valere
1635 1577 1776 1599 noscun-

1028 1621 1087 1648 tur.
1106 1614 1306 1661 Quapropter
1333 1614 1371 1647 de
1393 1613 1522 1659 spiritali
1547 1613 1776 1659 gubernatione

1026 1671 1055 1697 et
1074 1671 1153 1697 statu
1178 1663 1357 1697 monasterii
1379 1663 1485 1697 Sancti
1510 1663 1685 1706 Benedicti,
1703 1675 1777 1697 con-

1028 1712 1166 1746 sistentis
1206 1713 1286 1746 inter
1326 1712 1413 1746 litora
1449 1711 1526 1746 Padi
1563 1720 1593 1746 et
1630 1712 1775 1746 Larionis

1029 1761 1218 1805 fluminum,
1252 1761 1432 1795 liuiusniodi
1477 1761 1616 1795 instituta
1652 1762 1776 1796 sancire

1028 1818 1058 1844 et
1084 1812 1270 1845 confirmare
1283 1810 1413 1856 dignum
1430 1809 1590 1854 duximus,
1610 1819 1640 1845 ut
1658 1819 1774 1850 nostra,

1028 1872 1119 1905 quam
1147 1859 1245 1893 semel
1278 1859 1508 1905 impendimus,
1544 1872 1669 1906 semper
1702 1872 1774 1894 cum

1029 1908 1083 1942 Dei
1111 1909 1266 1943 adiutorio
1287 1908 1457 1943 solicitudo
1489 1908 1611 1955 vigilet:
1640 1917 1670 1943 et
1692 1910 1773 1944 sicut

1029 1957 1058 1991 in
1089 1957 1142 1991 illo
1168 1967 1344 2002 auctorum,
1372 1970 1387 1992 a
1415 1957 1530 2005 quibus
1560 1966 1774 1993 constructum

1028 2014 1057 2040 et
1085 2006 1152 2041 Deo
1174 2007 1312 2041 oblatum
1341 2015 1409 2051 est,
1437 2006 1522 2041 omni
1546 2014 1687 2053 tempore
1718 2007 1775 2042 de-

1030 2056 1122 2099 votio,
1151 2055 1228 2090 tides
1251 2056 1335 2100 vivit,
1357 2064 1387 2091 et
1414 2055 1524 2102 pietas.
1554 2056 1593 2090 ita
1619 2056 1658 2091 ad
1685 2068 1775 2091 com--

1029 2116 1124 2138 mune
1160 2105 1326 2151 ipsorum,
1363 2117 1399 2140 ac
1437 2112 1559 2139 nostrae
1599 2104 1776 2140 devotionis

1030 2153 1174 2188 meritum
1200 2162 1304 2188 nostra
1327 2154 1440 2188 ibidem
1471 2153 1675 2200 providentia,
1706 2154 1775 2189 Deo

1029 2202 1230 2248 disponente,
1252 2204 1344 2246 vivat,
1371 2215 1406 2237 ac
1428 2212 1575 2249 operetur
1595 2204 1773 2238 auctoritas.

1029 2251 1173 2298 Namque
1200 2252 1424 2287 monasterium
1456 2251 1533 2286 illud
1567 2264 1583 2286 a
1613 2252 1775 2287 Tliedaldo

1030 2300 1141 2334 illustii
1171 2300 1246 2344 viio,
1270 2310 1356 2348 patre
1390 2300 1581 2336 marchionis
1611 2300 1776 2343 Bonis-acii,

1029 2349 1232 2383 constitutum
1267 2359 1331 2391 est3
1366 2350 1515 2384 tiaditum
1551 2362 1646 2393 vero,
1681 2358 1712 2385 et
1742 2351 1775 2386 in

1030 2398 1191 2452 proprium
1229 2399 1275 2433 ius
1311 2399 1459 2433 collatum
1493 2398 1583 2434 beato
1618 2399 1712 2435 Petro
1745 2408 1777 2436 et

1030 2459 1096 2481 eins
1114 2446 1313 2494 Apostolicae
1334 2448 1422 2489 Sedi,
1441 2448 1524 2482 sicut
1549 2457 1579 2483 et
1597 2448 1700 2496 aliqua
1717 2449 1777 2485 alia

1030 2496 1218 2531 monasteria
1253 2505 1393 2544 tempore
1428 2497 1526 2532 nostri
1562 2498 1775 2544 pontificatus,

1030 2545 1221 2580 aMatbilde
1243 2545 1303 2580 filia
1326 2546 1467 2581 eiusdem
1495 2547 1684 2584 marchionis
1710 2549 1778 2584 Bo-

1065 2606 1104 2641 (t)
1120 2607 1158 2633 Ex
1179 2607 1311 2634 Mabillon.
1333 2607 1358 2634 in
1379 2607 1500 2643 Append.
1521 2607 1553 2635 ad
1570 2611 1634 2636 tom.
1652 2610 1775 2638 vAnnal.

1030 2642 1165 2670 Benedici..

1803 240 1854 266 An.
1875 239 1901 267 C.
1922 238 1988 267 ¹083

1831 1123 1941 1143 Exordium

1837 2255 1987 2276 nonasterium

1802 2282 1816 2302 S
1840 2282 1948 2302 Benedicti
1960 2282 1987 2301 ud

1802 2308 1938 2328 Padumiuris
1949 2308 1987 2328 St-

1802 2334 1834 2355 dis
1845 2335 1984 2360 Apostolicae,
