2180 3205
54 195 102 222 An.
123 194 151 222 C.
170 194 237 222 ¹069

66 239 190 261 Eorumdom
202 245 236 259 un·

52 267 142 287 munitas
152 266 179 286 ab
194 272 236 286 om-

51 293 73 314 ni
92 294 194 315 mulos-tia.
209 292 236 316 vj,

51 321 92 340 etc.
118 319 235 339 cuiuscum-

52 351 93 373 que
107 352 217 372 personae.

61 644 175 665 Arintheum
183 649 231 673 con-

48 673 80 691 tra
116 673 230 690 sam-tinnis

17 706 22 708 -
48 697 110 717 huius
146 698 230 717 viniato-

49 729 89 744 [⁴85.

59 2467 179 2488 Exordium.

879 190 1073 212 ,tLExANmffl
1098 192 1120 213 tt
1144 192 1191 213 ΙΨ.

1709 186 1754 219 55

264 241 377 288 scripta
400 249 490 283 sunt,
509 249 693 285 statuentes,
716 251 749 277 ut
771 243 876 277 nullus
890 244 1011 278 archic-
1053 245 1202 290 religione
1216 246 1407 292 pollentibus
1421 247 1569 283 benevola
1583 251 1804 297 compassione

264 291 422 337 piscopus,
450 292 630 338 episcopus,
652 304 716 334 rex,
750 291 825 333 dux,
859 293 1007 334 marchio,

262 351 385 381 comes,
420 352 476 375 seu
511 341 612 387 aliqua
646 341 927 375 ecclesiasticarum
961 342 1006 376 vel

260 388 467 423 saccularium
490 402 601 436 magna
619 401 773 436 parvaque
791 402 936 435 persona,
952 402 1006 425 vos

261 438 448 484 inquietare,
474 446 505 473 et
532 440 593 473 iam
620 439 734 473 dictam
761 439 944 472 canonicam
967 439 1005 474 ‹le

258 487 406 522 omnibus
418 487 703 534 supramemoratis
719 486 812 521 rebus
830 487 1005 530 disvestire,

258 536 304 570 vel
327 536 404 582 quid
431 537 470 571 ab
491 537 560 571 eius
586 537 652 570 iure
675 536 705 570 in
733 536 815 571 aliud
839 537 1005 571 transferre

258 594 452 631 praesumat:
468 593 589 620 servato
601 585 630 619 in
646 584 867 619 omnibusiure
879 593 1004 620 sanctae

257 634 418 669 Romanae
440 634 598 669 Ecclesiae
614 642 644 668 et
659 633 830 680 privilegio.
853 634 1005 681 Quisquis

255 691 358 718 autem
391 684 556 718 temerario
580 695 671 726 ausu,
693 683 776 728 quod
795 683 887 726 absit,
910 683 1004 717 liuius

255 741 379 767 nostrae
399 732 569 767 sanctionis
589 731 787 778 privilegium
811 732 1002 773 contraierit,

254 790 285 816 et
303 781 378 816 illud
401 782 430 815 in
453 788 550 816 totum
574 789 731 827 partemve
754 781 924 827 infregerit,
944 782 1002 816 nisi

254 830 432 865 admonitus
446 830 537 876 digua
552 829 772 870 satisfactione,
794 830 878 876 quod
897 839 1002 865 contra

253 889 358 915 nostra
373 879 542 927 apostolica
564 886 677 913 statuta
692 878 878 926 deliquerat,
893 892 1003 914 emen-

252 929 390 973 daverit,
428 929 506 963 sciat
532 940 564 963 sc
591 928 782 974 apostolicae
816 940 1002 963 excommu-

251 978 418 1013 nicationis
439 990 475 1012 ac
495 977 702 1012 anathematis
723 977 847 1012 vinculo
868 978 1002 1023 graviter

252 1027 450 1068 innodatum,
476 1039 512 1061 ac
539 1038 592 1073 per
621 1026 681 1061 hoc
714 1037 786 1060 eum
820 1026 945 1061 diabolo
972 1035 1002 1062 et

252 1076 372 1122 angelis
393 1077 461 1111 eius
481 1075 639 1110 atrocibus
661 1075 772 1122 poenis
786 1076 1002 1111 miserabiliter

252 1125 448 1172 deputatum.
465 1124 506 1159 At
523 1136 608 1168 vero,
626 1124 677 1171 qui
700 1124 752 1170 pio
768 1124 883 1158 intuitu
895 1132 1001 1159 eustos

252 1183 282 1209 et
314 1174 495 1209 observator
525 1173 619 1208 huius
652 1180 776 1208 nostrae
810 1174 1001 1209 statuitionis

252 1223 398 1262 extiterit,
420 1222 611 1269 apostolicae
637 1222 867 1257 benedictionis
892 1223 1001 1257 abun—

251 1272 356 1307 dantia
383 1273 547 1319 repleatur.

297 1320 414 1355 Datum
436 1321 466 1354 in
490 1319 655 1355 Narniensi
679 1319 756 1354 urbe
778 1332 849 1354 xvir
872 1319 930 1354 kal.
955 1320 999 1355 fe—

249 1369 365 1404 bruarii
382 1381 437 1416 per
452 1381 564 1404 manus
584 1368 670 1402 Petri
691 1367 818 1409 Clerici,
838 1369 998 1414 fungentis

247 1418 316 1453 vice
354 1418 438 1453 Petri
478 1425 603 1452 sanctae
634 1417 797 1451 Romanae
834 1417 997 1453 Ecclesiae

246 1466 445 1507 subdiaconi,
472 1479 507 1502 ae
534 1465 774 1506 bibliothecarii,
792 1478 874 1502 anno
889 1467 928 1502 ab
947 1468 997 1502 in-

246 1517 426 1552 carnatione
447 1516 575 1551 Domini
604 1515 771 1550 millesimo
802 1516 996 1562 sexagesimo

246 1578 341 1607 nono,
364 1565 564 1613 pontificatus
586 1576 657 1599 vero
684 1564 802 1599 domini
824 1565 994 1600 Alexandri

244 1615 349 1663 Papae
362 1614 493 1650 secundi
511 1622 637 1658 octavo,
660 1613 830 1648 indictione
848 1617 992 1661 septima.

281 1672 345 1703 Dat.
368 1672 415 1702 die
434 1671 471 1701 16
490 1671 616 1701 ianuarii
635 1680 711 1700 anno
732 1670 847 1701 Domini
867 1672 953 1708 1009,

401 1710 502 1751 pontif.
519 1710 674 1740 Alexandri
691 1720 767 1740 anno
785 1719 844 1740 v111.

571 1810 656 1845 XVI.

243 1880 444 1923 Privileqium
474 1879 712 1924 confirmationis
738 1884 764 1911 ct
789 1879 992 1913 immunitatis

290 1930 437 1962 bonorum
470 1929 512 1961 acl
542 1928 702 1960 canonicos
728 1928 910 1961 Narnienses
932 1929 991 1962 Ec-

289 1978 395 2012 clesiae
418 1977 617 2022 spectantium
638 1979 699 2019 (d).

511 2045 724 2076 SUMMARtUM

241 2095 408 2125 Exordium.
425 2111 464 2117 —
481 2094 696 2124 Conssrmantur
710 2094 786 2124 bona
805 2095 947 2134 acquisita
961 2099 990 2125 et

280 2134 472 2174 adquirenda.
493 2150 532 2156 —
552 2134 712 2163 Anathema
732 2134 879 2173 privilegii
899 2135 987 2164 huius

279 2173 482 2204 violatoribus.

239 2236 389 2265 Alexander
408 2235 547 2271 episcopus
567 2241 660 2263 servus
685 2241 824 2263 servornm
851 2235 911 2269 Dei,
947 2236 986 2264 di-

283 2280 355 2309 lecto
373 2280 401 2308 iu
417 2279 526 2308 Christo
537 2279 591 2307 filio
603 2279 711 2308 Alberto
723 2280 909 2309 archidiacono
922 2281 986 2309 Har-

283 2325 387 2353 niensis
402 2324 544 2356 Ecclesiae.
564 2324 720 2360 cunctisque
739 2325 873 2352 canonicis
898 2327 987 2354 sanet.

282 2369 416 2398 Iuvenalis
435 2370 463 2397 et
490 2368 585 2401 Cassii,
606 2375 707 2397 necnon
726 2370 754 2397 et:
772 2369 898 2402 Maximi,
924 2370 985 2398 ilio·

282 2420 394 2450 rumque
412 2413 621 2446 successoribus.
641 2413 670 2441 in
688 2415 857 2449 perpetuum.

286 2466 444 2502 Convenit
483 2466 655 2513 apostolico
697 2467 902 2501 moderamini
936 2468 985 2514 pia

273 2532 312 2568 (1)
331 2532 370 2559 Ex
386 2532 569 2568 autnographo
599 2532 681 2559 edidit
706 2532 807 2568 Ughell.
837 2533 893 2560 Ital.
926 2533 984 2560 Sac.

239 2572 305 2596 tom.
325 2575 345 2602 1,
368 2567 418 2595 col.
438 2568 514 2596 ¹088.

1050 306 1249 334 succurrere,
1272 303 1302 330 ct
1326 298 1496 342 petentium
1521 299 1598 333 votis
1624 311 1803 344 congruum

1050 343 1199 389 impertiri
1215 344 1411 390 suffragium.
1425 346 1534 392 Igitur,
1550 347 1621 394 quia
1638 349 1803 394 postulatis

1048 404 1063 426 a
1088 392 1189 431 nobis,
1219 401 1374 439 quatenus
1400 396 1646 431 concederemus
1667 405 1697 431 et
1723 410 1801 432 con-

1049 440 1245 475 firmaremus
1267 442 1355 476 vohis
1382 444 1487 478 omnia
1515 445 1595 479 bona
1621 446 1720 492 ipsius
1746 459 1802 482 ca-

1048 490 1203 534 nonicae,
1238 490 1375 525 inclinati
1413 493 1560 538 precibus
1596 495 1717 536 vestris,
1747 507 1803 543 per

1047 538 1140 573 huius
1163 546 1286 574 nostrae
1307 540 1555 577 confirmationis
1581 543 1694 578 seriem
1717 556 1802 579 con-

1048 587 1209 623 firmamus
1222 596 1252 622 et
1267 589 1507 625 corroboramus
1526 591 1614 626 vobis
1626 593 1800 640 vestrisque

1046 636 1284 671 successoribus
1298 637 1378 672 hona
1402 639 1501 685 ipsius
1518 639 1800 689 Canonicac,‹piae

1047 685 1140 720 inodo
1163 686 1241 720 iuste
1265 686 1398 732 hahetis,
1413 696 1443 722 et
1466 688 1495 722 in
1514 698 1697 735 perpetuum
1714 691 1794 726 iuste

1046 734 1179 769 habituri
1203 735 1290 776 estis,
1317 736 1381 770 sive
1403 736 1464 771 sint
1484 737 1621 779 mobilia,
1644 740 1708 774 sive
1735 741 1799 775 sint

1046 783 1228 827 immobilia,
1250 785 1333 819 sicut
1360 786 1390 820 in
1418 785 1545 821 decreto
1571 795 1711 822 actorum
1737 789 1799 823 lia-

1045 832 1147 874 betis,
1181 833 1319 880 episcopi
1347 834 1465 870 scilicet
1505 837 1619 881 vestri,
1647 837 1728 872 salva
1766 839 1797 873 in

1044 882 1192 917 omnibus
1226 883 1339 917 iustitia
1374 891 1405 918 et
1439 885 1608 920 reverentia
1612 912 1670 920 .....
1696 895 1797 922 vestra

1043 939 1214 966 statuentes
1225 932 1428 978 apostolicam
1442 945 1606 969 censuram
1617 935 1697 970 subd
1704 948 1796 972 uccre

1042 979 1250 1015 obtestatione
1284 981 1404 1026 iudicii,
1433 990 1465 1017 ut
1493 983 1597 1018 nullus
1630 984 1795 1032 archiepi-

1042 1041 1169 1076 scopus,
1208 1030 1395 1077 episcopus,
1430 1031 1505 1073 dux,
1533 1033 1693 1077 marchio,
1731 1035 1796 1070 sive

1041 1090 1158 1119 comes,
1173 1091 1228 1113 seu
1243 1080 1428 1121 vicecomes,
1445 1088 1498 1115 aut
1510 1081 1568 1116 alia
1582 1082 1795 1119 ecclesiastica

1042 1127 1089 1161 vel
1116 1128 1282 1163 saecularis
1314 1141 1427 1175 magna
1463 1142 1618 1177 parvaque
1645 1144 1792 1178 persona,

1041 1184 1146 1211 contra
1170 1177 1250 1212 hanc
1264 1186 1401 1213 nostram
1415 1179 1685 1215 confirmationem
1701 1193 1794 1228 agere

1043 1233 1234 1269 praesumat:
1247 1236 1369 1262 servato
1382 1228 1412 1262 in
1426 1228 1574 1263 omnibus
1585 1229 1653 1263 iure
1666 1238 1793 1266 sanctae

1041 1273 1201 1309 Romanae
1220 1275 1389 1317 Ecclesiae,
1405 1285 1435 1311 et
1451 1277 1623 1324 privilegio,
1639 1278 1793 1326 Quisquis

1040 1331 1143 1357 autem
1167 1323 1261 1358 huius
1283 1333 1404 1360 nostrae
1432 1326 1602 1361 sanctionis
1631 1328 1792 1375 privilegia

1040 1371 1213 1416 violaverit,
1224 1381 1253 1407 et
1263 1374 1442 1409 admonitus
1459 1374 1553 1421 digna
1565 1375 1790 1419 satisfactione,

1038 1421 1122 1466 quod
1144 1429 1251 1456 contra
1279 1430 1383 1457 nostra
1404 1424 1575 1469 apostolica
1596 1432 1709 1460 statuta
1732 1427 1790 1462 de-

1037 1469 1141 1517 liquit,
1170 1483 1232 1505 non
1261 1471 1524 1507 emendaverit....
1547 1485 1581 1507 se
1601 1476 1791 1520 apostolic-ae

1036 1520 1372 1556 excommunicationis
1389 1533 1426 1556 ac
1443 1521 1648 1557 anathematis
1663 1524 1790 1560 vinculo

1036 1570 1171 1615 graviter
1194 1569 1341 1605 innodat:
1364 1578 1394 1605 at
1420 1583 1505 1615 vero,
1521 1571 1573 1617 qui
1596 1572 1648 1618 pio
1673 1572 1788 1609 intuitu

1035 1626 1142 1653 custos
1168 1626 1198 1653 et
1220 1618 1402 1654 observator
1418 1621 1575 1661 extiterit,
1597 1623 1788 1668 apostolicae

1036 1667 1265 1703 benedictionis
1292 1668 1483 1704 abundantia
1511 1670 1679 1716 repleatur.

1085 1716 1201 1751 Datum
1229 1717 1258 1751 in
1284 1718 1471 1752 monasterio
1492 1718 1598 1753 Sancti
1625 1720 1787 1756 Laurentii

1034 1764 1179 1800 Catiliani
1203 1778 1257 1800 xv·
1283 1766 1342 1800 kal.
1365 1767 1510 1801 februarii
1535 1780 1590 1814 per
1611 1781 1724 1803 manus
1728 1796 1785 1805 .....

1034 1814 1192 1849 Ecclesiae
1202 1814 1398 1855 subdiaconi,
1407 1828 1442 1850 ac
1454 1816 1693 1857 bibliothecarii,
1703 1830 1786 1854 anno

1033 1862 1071 1897 ab
1100 1864 1314 1899 incarnatione
1342 1864 1468 1899 Domini
1499 1866 1665 1901 millesimo
1693 1879 1787 1902 sexa-

1032 1912 1151 1957 gesimo
1178 1925 1274 1951 nono,
1298 1914 1498 1960 pontificatus
1530 1927 1603 1949 vero
1629 1915 1668 1950 D.
1693 1916 1784 1952 Alex.

1032 1961 1135 2007 Papae
1157 1962 1287 1997 secundi
1309 1974 1391 1997 anno
1413 1975 1487 2004 vui,
1510 1963 1575 1998 ind.
1601 1976 1659 1998 vu.

1074 2017 1136 2047 Dat.
1156 2018 1203 2047 (lie
1222 2018 1256 2047 17
1277 2018 1403 2049 ianuarii
1422 2029 1498 2049 anno
1516 2020 1631 2050 Domini
1651 2022 1736 2060 1069,

1178 2058 1280 2097 pontif.
1298 2058 1454 2088 Alexandri
1475 2069 1551 2089 anno
1569 2069 1628 2090 v111.

1355 2150 1453 2186 XVII.

1029 2215 1228 2260 Confirmatio
1259 2217 1458 2252 institutionis
1486 2219 1692 2254 Ilarlebeeani
1725 2223 1785 2255 col-

1076 2266 1147 2308 legii·
1172 2267 1389 2299 canonicorum
1411 2267 1444 2300 in
1466 2268 1665 2302 Noviomensi
1690 2270 1785 2303 dioe-

1077 2315 1136 2346 cesi
1156 2314 1218 2356 (l).

1294 2378 1510 2410 SUMMARIUM

1027 2433 1192 2463 Exordium.
1209 2434 1404 2465 —Canonica
1422 2436 1649 2469 Harlehecensis
1668 2440 1722 2470 sub
1736 2444 1783 2471 tu-

1067 2474 1122 2503 tela
1142 2473 1225 2503 Sedis
1245 2475 1429 2513 Apostolicae
1456 2478 1608 2515 recipitur.
1631 2496 1669 2501 —
1690 2480 1780 2518 Eique

1063 2535 1101 2568 (i)
1120 2536 1145 2560 tu
1163 2535 1257 2562 Codice
1267 2535 1441 2564 Donationum
1458 2538 1562 2573 piarum
1577 2539 1777 2568 ediditAuber-

1029 2574 1072 2596 tus
1088 2570 1213 2597 Miraeus.

1826 195 1876 223 An.
1897 196 1924 224 C.
1942 198 2010 226 1069

1851 364 2003 387 {Ioutirmantur

1825 391 1879 410 hini·
1904 398 2008 417 mugiunt-1

1825 420 1844 436 vt
1869 422 2006 443 ,ινιμιιιψυιὶμΔ

1835 1301 1948 1321 ΑιιινΙιοηη
1961 1308 2002 1327 pri-

1818 1328 1887 1350 vilvan
1920 1328 1981 1348 huius

1818 1360 1841 1373 ii«
1851 1354 1961 1375 lat-›rihuu
