2180 3205
172 269 222 297 An.
241 268 269 295 o.
289 270 356 299 1156
420 254 491 287 656

417 318 485 364 Ego
507 316 619 399 lfietrus
640 312 803 360 presbyter
833 308 1002 346 cardinalis
1037 306 1117 342 tituli

369 367 403 403 S.
428 367 520 402 Caeci
538 377 595 399 tae.
927 380 936 391 .

418 416 485 461 Ego
511 411 692 448 Bernardus
718 408 880 457 presbyter
906 406 991 443 card.
1014 407 1060 442 tit.
1083 405 1117 440 S.

368 465 522 509 Stephani
544 463 574 496 in
598 459 852 495 Coelio-monte.

418 515 487 560 Ego
508 511 668 547 Henricus
701 508 806 556 presb.
833 506 919 542 card.
946 506 997 541 Ss.
1025 504 1117 541 Nerei

369 571 399 599 et
420 562 567 597 Achillei.

418 612 484 658 Ego
510 611 644 645 Ioannes
670 606 775 654 presb.
795 606 879 642 card.
903 606 954 641 Ss.
977 607 1117 643 Silvestri

368 669 400 697 et
424 660 561 695 Martini.

418 711 491 745 Dat.
519 710 550 744 in
577 707 662 742 Urbe
683 705 790 741 Veteri
813 718 870 753 pet·
895 718 1023 741 manum
1046 706 1120 741 Ro-

368 759 454 795 landi
490 757 524 793 S.
552 757 593 792 R.
618 756 654 790 E.
678 755 784 803 presb.
811 755 896 790 card.
921 764 952 791 et
974 755 1117 790 cancell..

369 809 412 844 id.
449 807 566 847 octob,
598 805 664 840 ind.
698 817 730 846 V,
764 806 884 839 incarn.
922 805 1008 840 dom.
1035 817 1119 840 anno

369 869 482 898 metvl,
496 855 700 904 pontificatus
715 866 791 890 vero
809 854 940 889 Adriani
959 854 1063 901 Papae
1077 854 1119 889 lV

369 919 453 943 anno
474 919 525 942 111.

408 963 472 994 Dat.
491 963 539 994 die
560 963 598 994 15
619 961 748 992 octobris
767 970 842 991 anno
863 960 980 990 Domini
1000 961 1088 998 1156,

611 1006 716 1047 pontif.
739 1015 816 1036 anno
834 1014 876 1036 ιιι.

716 1163 772 1200 XI.

373 1239 574 1285 Confirmatio
595 1239 746 1273 bonorum
770 1239 922 1276 omnium,
942 1244 967 1270 ec
991 1238 1116 1276 furium,

419 1291 462 1323 ad
482 1289 642 1323 canonicos
668 1288 872 1322 Ferrariensis
891 1287 1043 1321 Ecclesiae
1054 1299 1122 1332 per-

419 1339 579 1372 tinentium
607 1340 668 1381 (A).

642 1415 856 1447 SUMMARIUM

370 1479 537 1509 Exordium.
551 1495 591 1501 —
610 1478 811 1508 Ferrariensis
831 1477 960 1508 Ecclesia
979 1477 1033 1507 sub
1057 1487 1123 1517 pro-

410 1525 535 1554 tectione
545 1523 629 1553 Sedis
647 1523 834 1562 Apostolicae
850 1523 1001 1561 recipitur;
1015 1539 1054 1544 —-
1068 1521 1123 1551 Bo-

411 1577 507 1607 naque
529 1568 626 1597 omnia
645 1568 680 1596 ad
709 1567 774 1596 eius
797 1567 955 1596 canonicos
972 1566 1122 1605 pertinen-

412 1613 450 1642 tia
469 1612 573 1642 iisdem
590 1621 656 1641 cum
674 1611 858 1650 pertinentiis
874 1615 902 1640 et
919 1611 1036 1640 iuribus
1053 1620 1121 1639 con-

412 1659 574 1686 firmantur.
604 1672 644 1678 -—
675 1655 782 1684 Solitae
812 1655 971 1684 clausulae.
1000 1671 1039 1676 —
1060 1653 1120 1683 Ila-

411 1701 505 1729 ‹ti-iani
524 1700 578 1730 PP.
601 1705 628 1729 et
651 1699 679 1729 S.
695 1699 727 1728 R.
748 1699 898 1729 Ecclesiae
927 1699 1120 1729 cardinalium

414 1744 654 1783 sutmtriptiones.

371 1819 482 1848 ,tin-janus
502 1811 621 1848 episeopus
641 1818 719 1839 servus
740 1818 856 1838 servorum
885 1808 937 1846 Dei,
957 1808 1048 1838 dilectis
1066 1808 1121 1839 [iliis

409 1855 526 1884 canonicis
535 1854 687 1884 Ferrariensis
697 1853 813 1882 Ecclesiae
825 1856 870 1882 tani
882 1852 1040 1891 praesentibus
1052 1862 1120 1891 quani

408 1899 489 1929 futuris
503 1899 613 1928 canonice
633 1897 808 1935 substituendis,
828 1897 850 1926 in
872 1900 1019 1935 perpetuum.

419 1965 523 1999 Oslicii
558 1965 654 1999 nostri
690 1977 748 1999 nos
779 1964 929 1998 admonet
955 1973 985 1998 et
1013 1963 1120 1998 invitat

368 2015 560 2055 auctoritas,
580 2026 637 2061 pro
658 2013 872 2048 Ecclesiarum
893 2021 975 2047 statu
997 2021 1120 2059 satage-

369 2075 414 2104 re,
430 2071 460 2098 et
475 2075 582 2098 earum
603 2063 700 2109 quieti
714 2070 745 2098 et
759 2062 975 2109 tranquillitati
989 2062 1121 2097 salubri-

371 2121 427 2155 ter,
439 2113 609 2147 auxiliante
624 2113 771 2153 Domino,
788 2112 962 2158 providere.
979 2112 1118 2157 Dignum

370 2174 518 2208 namque,
545 2169 576 2196 et
597 2162 752 2196 honestati
776 2162 969 2196 couveniens
984 2174 1052 2195 esse
1071 2160 1121 2194 di-

370 2211 542 2256 gnoscitur,
560 2219 593 2245 nt
614 2211 665 2257 qui
686 2210 722 2245 ad
746 2210 959 2245 Ecclesiarum
980 2211 1119 2257 regimen

370 2260 522 2306 assumpti
559 2272 691 2304 sumus,
727 2272 779 2294 eas
806 2272 821 2293 a
856 2272 1021 2306 pravorum
1061 2260 1121 2294 ho-

371 2309 491 2343 minum
526 2310 664 2356 nequitia
700 2316 863 2349 tucamur,
898 2317 929 2344 et
955 2308 992 2342 Β.
1035 2308 1118 2343 Petri

372 2366 465 2404 atque
494 2357 587 2392 Sedis
613 2358 814 2405 Apostolicae
850 2358 1023 2404 patrocinio
1050 2370 1119 2392 mu-

176 2407 508 2460 ss.fi2⁰1{2‘i{i⁹⁰⁵³<⁵„bnlam¹¹⁵·
544 2407 615 2448 Quo
642 2408 747 2448 circa,
782 2406 887 2441 dilecti
925 2408 955 2441 in
984 2407 1121 2441 Domino

176 2454 446 2499 ...monimen-sitii,
481 2457 589 2490 restris
626 2457 717 2490 iustis
751 2456 1016 2502 postulationibus
1054 2457 1121 2490 cle—

175 2502 206 2520 ‘¹³⁵
222 2500 358 2526 *⁴⁹⁰⁵¹⁰¹i⁰³⁶
374 2512 495 2538 menter
529 2505 716 2549 annuimus,
750 2513 781 2539 et
808 2505 975 2551 praefatam
1008 2505 1122 2539 Ferra-

175 2535 285 2558 rempnur’
374 2553 510 2587 riensem
537 2553 724 2594 Ecclesiam,
752 2554 782 2588 in
811 2566 871 2600 qua
899 2554 1005 2589 divino
1034 2566 1122 2589 man-

409 2627 449 2663 (l)
463 2627 551 2654 Edidit
567 2628 680 2663 Ughell.,
698 2628 753 2655 Ital.
772 2629 842 2662 Sao„
860 2632 925 2656 tom.
942 2637 972 2656 n.

202 1971 322 1992 Exordium.

959 248 1149 275 nULLAnttm
1174 249 1338 274 ROMANUM

1922 251 1971 278 An.
1990 250 2019 277 C.
2034 250 2101 278 1¹57

1162 305 1256 352 cipati
1290 305 1366 340 estis
1393 305 1557 354 obsequio,
1583 306 1645 341 sub
1665 306 1747 342 beati
1768 306 1854 342 Petri
1876 316 1907 343 et

1162 362 1266 389 nostra
1294 356 1488 402 protectione
1521 356 1724 403 suscipimus,
1751 364 1783 391 et
1815 369 1907 404 prae-

1161 404 1259 438 sentis
1273 405 1381 452 scripti
1396 405 1560 452 privilegio
1577 405 1827 447 communimus;
1842 415 1906 441 sta-

1162 460 1309 498 tuentes,
1350 462 1384 488 ut
1422 466 1637 502 quascumque
1678 455 1904 501 possessiones,
1933 459 2030 495 pom-‚9
2056 466 2103 481 ⁰¹¹¹·

1160 513 1378 550 quaecumque
1395 503 1474 538 bona
1490 504 1600 539 cadem
1614 503 1754 539 Ecclesia
1769 505 1906 552 imprae-
1920 491 2104 546 ἒὲῖῑῖἶεωῖἷιῖἷ

1160 552 1332 586 sentiarum
1355 552 1434 587 iuste
1456 560 1486 587 et
1509 553 1659 588 canonice
1681 553 1831 599 possidet,
1852 552 1992 602 autssffilia
2006 550 2104 601 „Yiffifl
2135 576 2142 583 ·

1161 601 1190 634 in
1214 600 1354 636 futurum
1376 603 1579 637 concessione
1605 602 1808 647 Pontificum,
1836 604 1905 639 lar·
1919 613 1954 632 tiis
1977 586 2003 632 ei)
2023 610 2103 632 iuribu
2139 609 2143 613 '

1160 651 1279 696 gitione
1306 663 1414 698 regum
1441 651 1489 686 vel
1523 652 1714 698 principum,
1748 642 2077 689 obtaiioue⁰⁰¹¹fl¹¹¹¹³¹²¹'¹“

1162 699 1314 745 fidelium,
1337 713 1392 736 sen
1414 701 1483 736 aliis
1506 702 1594 736 iustis
1617 701 1730 744 modis,
1751 701 1819 736 Deo
1839 715 1908 750 pro·

1162 750 1249 796 pitto,
1272 751 1386 796 poterit
1402 751 1546 798 adipisci,
1571 751 1658 785 firma
1675 750 1763 785 vobis
1781 752 1909 786 vestris-

1160 811 1220 846 que
1236 800 1475 835 successoribus
1497 809 1527 835 et
1548 800 1663 834 illibata
1684 809 1906 846 permaneant;

1161 849 1190 882 in
1214 848 1331 895 quibus
1357 849 1433 884 haec
1455 849 1590 897 propriis
1623 849 1773 884 duximus
1794 851 1909 897 expri-

1161 897 1275 932 menda
1309 898 1484 934 vocabulis:
1519 898 1620 933 villam
1651 898 1804 938 videlicet,
1827 911 1908 946 quae

1161 947 1275 981 dicitur
1309 947 1531 989 Quartusiana,
1556 947 1690 983 fundum
1717 955 1824 983 contra
1847 948 1909 984 Pa-

1131 1008 1133 1010 ·
1161 996 1249 1037 dum,
1276 996 1379 1031 locum
1407 996 1555 1036 Curcula,
1582 1004 1677 1044 caput
1698 997 1817 1039 Redae,
1849 997 1909 1033 vil-

1161 1046 1242 1086 lam,
1278 1057 1359 1092 quae
1393 1046 1508 1081 dicitur
1547 1045 1735 1091 Bauiotum,
1773 1046 1907 1082 fundum

1161 1095 1383 1142 Dundorgum,
1417 1096 1535 1140 villam,
1561 1107 1642 1142 quae
1667 1095 1783 1130 dicitur
1804 1097 1910 1138 Quar-

1161 1145 1282 1185 tiatica,
1317 1144 1450 1180 fundum
1487 1144 1645 1185 Pecorile,
1678 1145 1801 1185 villam,
1828 1157 1910 1192 quae

1161 1194 1276 1229 dicitur
1308 1193 1405 1229 Fossa
1437 1194 1534 1238 Nova,
1567 1194 1718 1241 capellam
1750 1194 1784 1229 S.
1810 1195 1909 1230 Marci

1161 1243 1279 1278 ibidem
1313 1244 1417 1284 sitam,
1445 1256 1559 1290 aquam
1587 1244 1789 1290 piscaritiam,
1828 1256 1909 1291 quae

1161 1293 1276 1328 dicitur
1296 1292 1524 1337 Morticiacum,
1547 1293 1711 1327 ecclesiam
1727 1292 1836 1328 Sancti
1854 1293 1908 1328 Mi·

1163 1343 1280 1378 chaelis
1317 1355 1390 1377 cum
1428 1343 1495 1377 suis
1527 1341 1722 1388 pertinentiis
1749 1342 1779 1376 in
1809 1342 1908 1389 burgo

1161 1391 1336 1436 Ferrariae,
1357 1391 1493 1439 capellas
1510 1391 1617 1426 Sancti
1638 1391 1724 1426 Petri
1746 1399 1776 1426 et
1797 1391 1908 1426 Salva-

1162 1443 1238 1476 toris
1269 1443 1344 1476 sitas
1371 1442 1402 1475 in
1429 1450 1531 1475 castro
1558 1439 1700 1475 eiusdem
1735 1440 1908 1482 Ferrariae‚

1163 1503 1234 1526 cum
1258 1491 1408 1525 omnibus
1429 1491 1497 1526 suis
1526 1489 1733 1535 pertinentiis,
1756 1490 1907 1536 capellam

1163 1540 1294 1575 Sanctae
1315 1540 1430 1574 Mariae
1448 1538 1650 1585 Magdalenae
1665 1547 1696 1573 et
1713 1538 1819 1573 Sancti
1832 1539 1908 1580 Viti,

1162 1602 1244 1636 quae
1265 1598 1310 1624 est
1334 1590 1363 1624 in
1387 1597 1523 1624 mercato
1550 1587 1724 1632 Ferrariae,
1755 1588 1907 1635 capellam

1163 1639 1269 1674 Sancti
1294 1638 1459 1681 Leonardi,
1482 1636 1662 1683 Corrigium
1684 1637 1776 1672 stadii
1796 1645 1908 1683 totum,

1164 1689 1363 1723 medietatem
1387 1687 1600 1722 Lendenariae
1627 1686 1767 1729 maioris,
1788 1694 1819 1720 et
1845 1686 1909 1721 mi-

1162 1738 1262 1782 noris,
1288 1736 1485 1772 Cocolariam
1525 1736 1596 1770 lami
1629 1738 1685 1779 (1),
1710 1735 1907 1782 piscatoriam

1162 1786 1372 1829 Zamedcllae,
1388 1798 1533 1821 mansum
1550 1786 1579 1819 in
1596 1785 1698 1831 capite
1713 1785 1810 1819 lamas
1825 1797 1910 1819 com-

1165 1837 1282 1880 munis,
1300 1836 1501 1870 medietatem
1524 1834 1614 1869 fundi
1636 1833 1810 1874 Gallinarii,
1838 1846 1910 1868 me-

1163 1885 1309 1920 dietatem
1338 1885 1427 1919 fundi
1449 1883 1670 1930 purpuranae,
1699 1891 1823 1929 portum
1844 1882 1910 1918 Ca-

1163 1935 1237 1981 pitis
1265 1934 1382 1975 Redae3
1419 1942 1532 1968 terram
1567 1944 1715 1980 quoque,
1744 1943 1825 1978 quae
1850 1931 1910 1966 suit

1163 1984 1202 2018 de
1217 1984 1346 2023 Aiaclia,
1370 1983 1503 2030 positam
1524 1983 1554 2016 in
1578 1982 1667 2021 valle,
1690 1993 1771 2028 quae
1793 1981 1910 2016 dicitur

1162 2033 1316 2067 Zuculae:
1351 2045 1497 2067 mansum
1533 2043 1630 2066 unum
1659 2031 1689 2064 in
1712 2029 1820 2074 fundo,
1855 2030 1908 2077 qui

1163 2083 1278 2117 dicitur
1306 2082 1410 2117 Duce:
1447 2082 1576 2128 insuper
1602 2079 1804 2115 medietatem
1839 2091 1910 2113 om-

1163 2133 1250 2166 nium
1270 2144 1387 2172 rerum,
1407 2143 1485 2178 quae
1508 2142 1564 2177 pro
1585 2129 1752 2164 animabus
1769 2128 1908 2163 fidelium

1163 2181 1383 2216 defunctorum
1407 2180 1558 2214 ecclesiae
1579 2179 1613 2213 S.
1641 2177 1768 2224 Georgii
1791 2178 1821 2211 in
1845 2178 1909 2223 epi-

1162 2231 1270 2278 scopio
1292 2230 1453 2265 Ferrariae
1476 2229 1708 2276 relinquuntur,
1732 2236 1792 2262 tam
1810 2226 1910 2261 mobi-

1163 2281 1238 2315 lium
1267 2292 1367 2326 quam-
1383 2278 1610 2313 immobilium:
1637 2276 1835 2311 medietatem
1851 2275 1905 2311 de-

1163 2329 1339 2364 cimationis
1353 2329 1495 2363 eiusdem
1511 2327 1662 2362 ecclesiae
1684 2325 1791 2360 Sancti
1807 2324 1910 2360 Geor-

1163 2379 1223 2424 gii,
1261 2386 1357 2412 totam
1385 2378 1537 2412 decimam
1564 2376 1660 2411 totius
1690 2375 1794 2415 villae,
1827 2386 1910 2421 quae

1164 2428 1279 2462 dicitur
1317 2426 1558 2467 Cocomarium‚
1589 2434 1620 2460 et
1659 2432 1802 2464 caetera,
1830 2435 1910 2470 quae

1198 2511 1237 2546 (t)
1254 2511 1335 2536 Lctnm
1353 2509 1393 2536 vel
1409 2512 1509 2536 lunium
1524 2508 1624 2544 piscina
1639 2511 1680 2535 est
1690 2505 1842 2542 longobard.
1860 2504 1911 2532 lin-

1162 2558 1228 2584 guag
1248 2549 1317 2576 unde
1334 2549 1440 2584 Papias:
1462 2550 1554 2580 Lama,
1572 2550 1676 2580 piscina
1694 2549 1795 2573 dicitnr
1819 2555 1835 2571 (ι
1851 2547 1912 2578 qui-

1164 2592 1270 2615 busdum
1289 2590 1420 2614 barbaris.
1439 2588 1509 2616 Italis
1529 2590 1600 2614 lama
1618 2590 1658 2615 est
1676 2586 1807 2623 planities,
1833 2592 1910 2612 cam·

1166 2636 1225 2665 pm,
1242 2632 1291 2656 etc.
1314 2628 1350 2663 (n.
1372 2628 1412 2663 τ.)
