2180 3205
51 224 100 251 An.
119 223 149 250 C.
166 223 232 250 Ηὴίι

17 827 21 829 ·
65 821 122 844 Bana
135 823 218 848 omnia,

52 853 168 879 acue-in.
188 859 236 875 mo-

59 885 161 910 ntmarin.
176 890 227 906 ora-

52 916 107 936 toria
120 919 167 936 eum
182 920 235 942 pcr-

65 946 162 967 uuentiin
176 946 224 966 stn-

52 975 106 1003 ‘⁸¹³⁵
125 976 235 997 confirmat

89 1005 194 1028 Panum.

901 223 1013 246 1.t's.tt·s
1041 223 1062 245 ΙΙ
1089 223 1136 244 W.

248 277 339 313 nobis
376 277 478 312 nllicio
523 277 633 313 fratres
672 287 796 312 nastros
831 278 997 324 episcopus

247 326 402 362 debemus
423 327 570 373 diligere,
591 335 622 362 et
644 328 784 362 ecclesiis
811 327 868 361 sibi
891 341 906 362 a
932 326 997 360 Dea

247 376 426 412 commissis
440 389 527 411 suam
540 377 686 411 iustitiam
695 388 890 411 conservare.
909 376 998 410 Prae-

247 425 449 460 decvssornm
473 438 546 471 ergo
572 433 750 461 nostrorum
778 425 995 460 Romanorum

247 473 438 509 Pontificum
463 476 604 522 vestigiis
631 474 841 519 inhaerentes,
870 474 943 516 tuis,
966 473 995 508 in

247 522 374 558 Christo
388 524 480 559 frater
491 524 673 559 charissime
686 523 822 571 Rayneri
837 524 996 571 episcope,

249 573 515 620 postulationibus
545 573 741 620 impartimur
761 584 940 614 assensum,
967 580 997 606 ct

246 630 386 656 sanctam
407 623 639 657 Ariminensem
655 620 842 666 Ecclesiam,
863 622 913 656 cni
929 621 996 656 Deo

247 679 374 706 auctore
402 671 571 718 praesides,
596 680 721 706 sanctae
744 670 906 705 Romanae
935 670 997 705 Ec-

247 720 360 755 clesiae
380 721 549 767 privilegiis
564 721 752 763 munientes,
772 719 809 754 ail
827 720 924 767 ipsius
938 719 995 754 loci

247 769 448 805 stabilitatem
464 778 493 804 et
511 782 631 817 pacem,
656 769 855 809 monasteria,
879 768 996 815 plebes,

248 819 415 859 ecclesias,
441 827 558 857 curtes,
587 830 716 857 massas,
750 819 830 853 salas
853 821 910 862 (t),
938 830 996 852 ca-

248 868 348 908 stella,
371 868 496 912 casalia,
525 869 642 911 vineas,
668 876 776 907 terras,
804 867 916 914 sylvas,
941 879 998 914 pa-

249 917 358 955 tudes,
395 918 519 964 praedia
561 917 642 952 culta
679 925 709 952 et
750 918 889 960 inculta,
925 929 996 951 cum

249 967 380 1002 decimis
401 975 430 1002 et
452 966 574 1002 colonis
594 966 673 1005 suis,
695 966 792 1001 sei-ris
813 976 843 1000 et
864 965 997 1006 ancillis,

248 1016 428 1051 aldionibus
451 1018 508 1059 iffi),
535 1024 565 1050 et
587 1015 716 1050 caeteris
736 1015 896 1059 omnibus,
918 1027 998 1062 qnae

248 1065 426 1113 aliquorum
451 1065 589 1100 fidelium
613 1065 830 1108 concessione,
857 1065 922 1099 sive
946 1077 998 1099 ac-

248 1115 420 1162 quisitione
454 1114 594 1161 qualibet
619 1114 647 1149 ei
681 1114 760 1149 iuste
793 1122 824 1148 et
859 1113 999 1160 legaliter

251 1164 431 1211 pertinent,
471 1163 518 1199 vel
545 1164 640 1198 etiam
674 1175 755 1210 quae
794 1162 833 1198 de
874 1170 998 1198 nostrae

250 1222 376 1248 sanctae
409 1213 570 1248 Romanae
605 1212 767 1247 Ecclesiae
803 1220 903 1252 tenet,
942 1212 997 1247 tibi

249 1262 376 1310 tuisque
399 1262 547 1309 legitimis
567 1261 805 1297 successoribus
831 1261 999 1297 confirma-

250 1324 339 1351 mus;
369 1312 398 1346 in
421 1311 536 1359 quibus
557 1311 634 1346 haec
657 1311 791 1359 propriis
818 1310 1000 1345 nominibus

250 1360 402 1395 duximus
417 1360 621 1408 apponenda:
645 1360 765 1395 scilicet
786 1360 864 1394 infra
892 1360 1000 1394 civita-

251 1418 313 1444 tem
336 1411 591 1453 Ariminensem,
621 1409 769 1444 ecclesias
800 1410 906 1444 Sancti
939 1409 997 1443 ,tti-

250 1459 370 1494 cliaelis
390 1459 582 1505 archangeli,
616 1459 750 1494 Sanctae
781 1459 999 1501 innocentiae,

250 1508 386 1544 Sanctae
407 1508 522 1543 Mariae
550 1509 579 1543 in
607 1508 727 1546 Tribio,
760 1517 790 1542 et
811 1508 998 1542 Siuctoruin

250 1566 422 1606 martyrum
446 1558 581 1593 Cosmae
602 1566 631 1592 et
658 1557 814 1597 Damiani,
842 1569 922 1604 qnae
946 1569 1000 1591 vo-

251 1616 339 1642 catur
371 1607 506 1642 Sanctae
540 1606 669 1650 Crucis,
696 1608 830 1641 Sanctae
858 1606 1000 1653 Agnetis,

250 1655 359 1691 Sancti
386 1655 528 1701 Genesii,
554 1656 688 1691 Sanctae
714 1655 921 1703 Euphemiae,
953 1667 1001 1690 ec-

251 1705 378 1740 clesiam
411 1705 517 1741 Sancti
545 1705 672 1740 Ioannis
702 1705 931 1752 Exangelistae,
966 1704 999 1739 S.

252 1754 389 1793 Martini,
415 1754 523 1790 Sancti
550 1754 712 1802 Sylvestri,
739 1754 845 1790 Sancti
873 1753 1000 1794 Vitatis,

252 1803 360 1839 Sancti
384 1804 542 1839 Laurentii
565 1805 657 1839 sitam
680 1816 775 1850 supra
795 1811 914 1850 portam
932 1802 1002 1838 Gal-

254 1852 368 1898 linam,
389 1865 462 1888 cum
484 1853 634 1888 omnibus
657 1853 854 1900 pertinentiis
875 1865 1000 1893 earum,

253 1910 340 1938 extra
365 1902 522 1938 civitatem
546 1915 618 1938 vero
646 1903 870 1937 monasterium
894 1902 1001 1936 Sancti

253 1951 338 1986 Petri
365 1964 438 1987 cum
460 1952 596 1987 oratorio
623 1951 730 1987 Sancti
753 1951 864 1991 Mauri,
899 1951 1002 1986 eccle—

253 2002 334 2036 siam
357 2000 545 2037 Sanctorum
568 2001 703 2036 Anilreae
726 2009 756 2036 et
785 2000 917 2039 Donati,
943 2012 1002 2035 ec-

254 2050 381 2086 clesiam
415 2050 523 2086 Sancti
558 2051 685 2085 Ioannis
717 2050 888 2098 Baptistae,
923 2062 1002 2097 quae

256 2107 383 2135 vocatur
404 2099 480 2135 foris
506 2108 639 2147 portani,
667 2112 739 2134 cum
763 2100 920 2134 destructa
949 2111 1003 2133 ec-

254 2149 348 2184 elesia
374 2148 482 2184 Sancti
504 2149 668 2196 Stephani,
695 2160 775 2196 quae
795 2149 929 2182 invicem
944 2148 1001 2182 sibi

255 2198 401 2233 cohaeret
416 2201 474 2242 t5),
496 2198 661 2238 ecclesian]
677 2197 784 2232 Sancti
798 2197 1001 2243 Apollinaris,

255 2256 285 2282 et
318 2248 542 2282 monasterium
584 2247 691 2282 Sancti
724 2246 894 2281 Gaudentii
930 2258 1002 2280 cum

255 2297 392 2331 oratorio
412 2296 520 2331 Sancti
544 2295 679 2331 Victoris
701 2307 772 2330 cum
795 2295 943 2330 omnibus
957 2307 1004 2330 ea-

257 2357 326 2380 rum
363 2345 578 2392 pertinentiis,
614 2345 777 2380 ecclesiam
815 2344 1003 2379 Sanctorum

256 2393 383 2430 loannis
408 2403 438 2429 et
462 2394 565 2435 Pauli,
587 2394 750 2429 ecclesiam
780 2393 887 2429 Sancti
916 2392 1006 2428 Gre-

276 2457 332 2496 .(t)
354 2460 426 2488 [dem
450 2459 521 2496 quod
537 2462 628 2486 curiis.
651 2459 689 2494 (n.
710 2460 748 2493 τ).
787 2459 826 2493 (2)
853 2458 933 2486 Iidem
959 2458 1004 2492 qui

257 2498 332 2528 aldi«,
347 2503 487 2524 servorum
504 2503 602 2530 genus;
618 2495 778 2521 Muratorius
789 2498 886 2525 tamen,
899 2495 961 2520 Ant.
972 2494 1001 2520 [t.

257 2539 293 2558 m.
309 2540 381 2564 εει,
401 2536 420 2558 ι.
439 2539 457 2563 ι,
480 2532 530 2558 col.
551 2531 613 2562 Seu,
632 2530 745 2565 explicat
764 2529 869 2556 dicens:
891 2530 1005 2554 Mettium

257 2569 321 2600 quid
337 2570 408 2594 incer
422 2576 506 2594 servos
523 2570 598 2598 nique
617 2568 733 2592 [laertes.
752 2566 789 2599 (n.
807 2566 846 2599 τ.)
883 2565 922 2599 (5)
939 2565 1006 2599 Lege

257 2605 407 2630 cohaerent.
433 2603 470 2637 (n.
497 2606 537 2636 τ.)

808 2643 846 2674 63

336 2647 410 2678 ΒυΙὶ.
430 2646 506 2677 Rom.
537 2645 589 2675 Vol.
611 2645 647 2675 ΙΙ.

1669 210 1737 242 497

1039 278 1115 321 gorii
1140 277 1216 310 inira
1237 277 1378 312 camilon]
1402 276 1558 310 civitatem
1576 275 1606 309 iu
1623 275 1787 314 suburbio,

1038 327 1200 361 ecclesiam
1216 327 1350 361 Sanctae
1371 326 1484 360 Mariae
1504 325 1639 367 Maioris,
1665 325 1786 370 plebem

1037 376 1144 409 Sancti
1170 376 1279 418 Angeli
1300 376 1328 410 in
1353 374 1481 414 Salute,
1510 374 1632 420 plebem
1661 374 1788 409 Sancto-

1039 436 1106 458 rum
1135 423 1260 460 loannis
1293 433 1324 459 et
1358 424 1454 468 Petri,
1491 436 1571 470 qnae
1601 432 1729 458 vocatur
1757 424 1786 458 in

1037 472 1203 520 Coi-pedo,
1237 473 1386 508 ecclesias
1412 473 1518 507 Sam-ii
1546 472 1656 515 Mauri,
1679 473 1786 507 Sancti

1038 522 1181 565 Martini,
1212 522 1318 557 Sancti
1341 522 1540 564 Cliristol'ori,
1565 522 1699 557 Sanctae
1724 522 1789 556 §ti-

1039 572 1116 610 riae,
1144 580 1171 603 ‹·t
1201 571 1350 617 quii-quid
1375 572 1451 606 iuris
1473 571 1594 605 habetis
1618 572 1647 605 in
1675 584 1788 606 mona-

1038 620 1132 655 sterio
1157 621 1264 655 Sancti
1292 621 1455 655 Theonisti
1487 620 1564 654 infra
1594 621 1690 667 ipsam
1727 622 1789 667 ple-

1040 669 1122 709 bem,
1155 669 1277 716 plebem
1305 670 1411 704 Sancti
1444 669 1530 703 l‘auli
1559 678 1588 703 ct
1620 669 1787 716 Stephani,

1037 718 1200 753 ecclesiam
1229 718 1335 753 Sancti
1366 718 1529 765 Prospeii,
1557 718 1720 753 ecclesiam
1753 719 1786 753 S.

1040 768 1133 805 Petri,
1157 768 1320 802 ecclesiam
1344 767 1476 801 Sinctae
1497 767 1611 801 Mariae
1627 768 1657 801 in
1675 767 1787 811 Cento,

1038 816 1202 852 ecclesiam
1231 817 1365 851 Sanctae
1387 816 1501 851 Mariae
1524 818 1553 850 in
1577 815 1735 855 Vera-mo,
1758 826 1788 851 ct

1038 866 1145 901 Sancti
1178 865 1304 901 loannis
1338 867 1366 899 in
1404 865 1550 903 Frelinli,
1587 866 1662 899 infra
1688 866 1787 911 ipsam

1041 915 1163 962 plebem
1194 917 1289 954 sitas,
1318 914 1441 961 plebem
1468 915 1575 948 Sancti
1603 914 1729 949 loannis
1757 915 1786 949 in

1038 964 1184 1005 Galilzei,
1211 965 1374 999 ecclesiam
1397 964 1504 999 Sancti
1535 963 1723 998 Cliristofoi·i
1757 965 1788 998 in

1039 1014 1256 1060 Flanignano,
1293 1013 1457 1048 ecclesiam
1490 1014 1522 1046 S.
1559 1012 1720 1047 Laurentii
1757 1014 1788 1047 in

1039 1072 1141 1098 castro
1169 1062 1291 1102 Sulani,
1318 1062 1484 1097 ecclesiam
1510 1062 1616 1097 Sancti
1644 1061 1733 1097 Pauli
1758 1062 1789 1096 in

1039 1118 1127 1148 curte
1156 1113 1298 1148 eiusdem
1331 1112 1441 1152 castri,
1463 1112 1627 1146 ecelesiam
1655 1110 1790 1146 Sanctae

1041 1162 1223 1208 Margaritae
1247 1162 1276 1196 in
1299 1161 1410 1196 Castro
1432 1173 1504 1195 cum
1527 1168 1663 1202 curseto,
1691 1168 1720 1195 et
1735 1173 1790 1195 ec-

1040 1213 1165 1246 clesiam
1189 1210 1296 1246 Sancti
1319 1210 1476 1253 Andreae,
1497 1210 1660 1244 ecclesian
1683 1209 1789 1244 Sancti

1040 1260 1224 1295 christofori
1249 1261 1278 1294 in
1303 1268 1404 1295 castro
1422 1259 1612 1304 Scortigat0‚
1640 1268 1669 1293 et
1682 1259 1789 1293 Sancti

1040 1310 1153 1349 Vicini,
1183 1310 1306 1356 plebem
1334 1308 1441 1343 Sancti
1473 1308 1678 1354 Archangeli,
1709 1320 1790 1354 qnae

1042 1367 1168 1394 iocatur
1203 1360 1232 1393 in
1268 1358 1436 1401 Aeci-boto,
1469 1357 1633 1392 ecclesiam
1656 1357 1791 1392 Sanctae

1041 1409 1156 1443 Mariae
1180 1409 1211 1443 in
1232 1408 1408 1443 Camerano
1436 1416 1464 1441 et
1486 1406 1592 1441 Sancti
1617 1407 1742 1440 loannis
1760 1407 1790 1440 in

1041 1458 1153 1501 (lente,
1175 1457 1282 1493 Sancti
1310 1456 1455 1492 Andreae
1472 1457 1500 1489 in
1522 1456 1636 1499 Gallia,
1657 1455 1792 1491 Sanctae

1041 1507 1155 1541 Mariae
1178 1507 1294 1547 Novae,
1321 1506 1454 1540 Sanctae
1480 1505 1596 1540 Minae
1623 1506 1654 1539 in
1683 1503 1792 1545 Ceola,

1041 1556 1148 1591 Sancti
1171 1555 1404 1590 Bartholomaei
1428 1555 1459 1589 in
1481 1554 1606 1593 Trib'io,
1635 1553 1714 1588 infra
1742 1555 1793 1600 ip-

1041 1618 1106 1640 sam
1125 1606 1247 1652 p!ebem
1270 1605 1356 1647 sitas,
1380 1604 1501 1650 plebem
1523 1604 1711 1638 Sanctorum
1727 1602 1792 1636 Viti

1042 1664 1070 1689 et
1099 1655 1245 1695 Modesti,
1280 1654 1444 1689 ecclesiam
1476 1653 1610 1688 Sanctae
1643 1652 1791 1693 lustinae,

1042 1705 1148 1740 Sancti
1172 1703 1326 1738 Iuvenalis
1348 1702 1426 1737 insi-a
1449 1703 1546 1750 ipsam
1571 1701 1706 1749 plebem,
1731 1701 1794 1748 ple-

1043 1753 1113 1789 bem
1155 1753 1264 1788 Sancti
1304 1752 1444 1796 Martini,
1478 1763 1559 1799 quae
1597 1758 1723 1786 vocatur
1761 1751 1791 1785 iu

1044 1802 1220 1838 Burduntlo
1254 1815 1309 1837 scu
1344 1801 1560 1844 Bei‘ilunchio,
1600 1800 1723 1848 plebem
1757 1799 1791 1834 S.

1042 1852 1216 1892 Laurentii,
1239 1864 1317 1898 quae
1343 1859 1468 1885 iocatur
1494 1851 1525 1884 in
1545 1858 1651 1884 monte
1679 1851 1794 1896 Appa-

1043 1902 1146 1942 ‹liano,
1173 1901 1337 1936 ecclesiam
1365 1900 1500 1934 Sanctae
1530 1898 1729 1942 Clu-istinae,
1755 1897 1789 1932 S.

1045 1951 1178 1991 Martini,
1197 1963 1278 1997 quae
1301 1957 1430 1984 vocatur
1451 1949 1482 1983 in
1504 1947 1634 1993 Viginti,
1657 1948 1792 1982 Sani-tae

1043 2000 1159 2034 Mariae
1175 2000 1205 2034 iu
1222 1999 1369 2042 Paterno,
1389 2006 1418 2033 et
1432 1997 1582 2045 quicquid
1606 1997 1682 2031 iuris
1699 1997 1716 2029 h
1730 1997 1792 2031 ibet

1044 2051 1073 2084 in
1096 2049 1226 2084 ecclesia
1253 2048 1360 2083 Sancti
1390 2047 1559 2090 Hermetis,
1585 2046 1664 2080 inira
1693 2047 1792 2091 ipsam

1046 2099 1168 2145 plebem
1195 2098 1282 2138 sitas,
1317 2096 1440 2144 plebem
1473 2095 1580 2134 Sancti
1614 2094 1739 2129 Ioannis
1762 2095 1792 2128 in

1044 2148 1190 2193 Bulgaria
1217 2146 1323 2187 Nova,
1346 2146 1510 2180 ecclesiam
1533 2144 1641 2179 Sancti
1668 2143 1791 2190 Apolli-

1045 2198 1139 2236 naris,
1170 2208 1249 2242 quae
1277 2196 1307 2229 in
1334 2195 1457 2230 deserto
1480 2194 1605 2233 reiacet,
1627 2193 1790 2228 ecclesiam

1045 2245 1150 2281 Sancti
1174 2245 1311 2285 Martini,
1334 2256 1413 2291 quae
1441 2251 1568 2278 vocatur
1593 2242 1622 2276 in
1651 2241 1791 2283 Cerreto‚

1044 2294 1207 2330 ecclesiam
1229 2293 1334 2328 Sancti
1357 2292 1441 2327 Petri
1458 2293 1487 2326 in
1510 2299 1612 2326 castro
1634 2290 1792 2331 Vei-muli,

1045 2352 1073 2378 et
1096 2343 1247 2390 quicquid
1271 2343 1348 2377 iuris
1368 2342 1461 2376 habet
1483 2341 1513 2375 in
1528 2340 1671 2376 ecclesiis
1684 2341 1791 2375 Sancti

1045 2393 1192 2435 Antii-eze,
1220 2391 1326 2426 Sancti
1347 2391 1460 2431 Blasii,
1483 2398 1513 2425 et
1540 2389 1647 2425 Sancti
1676 2389 1791 2435 Viti-in

1045 2442 1180 2485 Gualdo,
1208 2441 1285 2475 infra
1321 2441 1419 2488 ipsam
1449 2439 1572 2486 plebem
1599 2440 1687 2482 sitas,
1724 2438 1794 2485 ple-

1047 2491 1115 2526 bem
1138 2490 1244 2525 Sancti
1263 2489 1390 2524 Ioannis
1413 2489 1442 2523 in
1466 2488 1661 2532 Cella-lovis,
1688 2496 1717 2522 et
1733 2488 1795 2534 ple-

1047 2541 1116 2575 bem
1144 2540 1277 2574 Sanctae
1304 2538 1516 2578 Innocentiae,
1545 2537 1668 2584 plebem
1684 2536 1794 2572 Sancti

1046 2589 1206 2625 Laurentii
1222 2588 1252 2623 in
1267 2588 1379 2633 Strata,
1402 2587 1526 2635 plebem
1541 2587 1649 2622 Sancti
1664 2585 1792 2633 Georgii

1805 221 1844 246 Au
1874 219 1903 246 C.
1921 220 1986 246 ΗΜ
