2180 3205
25 261 74 289 Λιι.
95 259 123 288 C.
141 259 208 288 1¹22

80 435 206 459 obedientia

25 464 121 491 pnepost
125 467 148 484 ιο
168 468 206 489 pei·

24 491 138 540 affin-teos
147 495 206 516 prae·

62 675 87 697 Bt
97 675 204 697 subtectio
229 696 234 702 ,

22 703 139 752 aazia
161 702 202 723 ¹⁰⁰¹

46 1047 145 1070 Advocati
158 1046 201 1069 ete·

20 1075 112 1096 ettonem
127 1076 153 1096 ad
166 1081 201 1096 ca-

21 1101 110 1123 nonicos
149 1107 200 1129 spe-

21 1130 79 1150 cui-e
104 1127 200 1150 deciara-

22 1157 64 1177 zur.

84 1234 198 1256 Decretum

19 1261 164 1283 immunitatis
186 1268 197 1282 a

20 1293 156 1315 quacumque

21 1315 124 1340 molestia,
142 1317 185 1337 etc.

37 1606 118 1630 Census
131 1613 199 1629 annu-

19 1633 45 1654 tn
58 1634 197 1657 taruanensi

19 1659 96 1686 putatio
110 1667 148 1687 per
161 1668 199 1683 eus

19 1687 180 1713 persolvendus.

44 1766 121 1789 solitae
141 1767 198 1789 clau-

19 1793 84 1815 tntae.

62 2595 140 2618 (lnttxu
156 2596 196 2618 PP.

16 2621 156 2650 subscriptio.

842 249 880 274 CA
887 251 913 273 L!
921 250 1000 273 xrtjs
1023 250 1046 272 tt
1070 250 1116 272 Pt‘.

233 303 280 338 vel
303 303 444 338 arctioris
467 303 627 349 religionis
649 304 791 343 obtentu,
810 305 877 339 siue
894 317 983 351 prae-

234 353 327 399 positi
351 353 397 387 vel
420 354 672 398 congri-gationis
695 353 817 388 licentia
840 354 878 388 de
895 355 982 388 clau-

232 409 296 436 stio
319 402 490 436 discedere
510 402 602 443 Quod
627 403 651 436 si
669 402 857 443 discesserit
877 403 982 437 nullus

230 462 302 485 eum
331 451 568 498 episc·,0poium
598 452 702 486 nullus
724 451 884 492 abbatum,
906 453 978 486 nul-

230 499 278 534 lus
305 501 549 541 monachorum,
582 501 649 535 sine
685 501 901 535 communium
941 501 980 534 li-

231 556 366 583 terarum
390 550 535 584 cautione
557 549 724 596 suscipiat:
759 550 908 596 quamdiu
933 551 979 584 vi-

229 597 344 633 delicet
367 599 396 632 in
416 598 556 633 Ecclesia
580 607 678 633 vestra
701 599 842 633 canonici
859 599 978 634 ordinis

228 655 329 702 tenor,
351 647 488 681 Domino
513 655 700 694 praestante,
723 659 773 693 vi‘
777 656 866 682 uerit
894 648 978 683 Sane

228 697 304 731 iuris
322 697 524 731 ecclesiastici
549 704 743 731 sacramenta
759 709 775 730 a
791 697 977 732 dioecesano

226 746 404 792 suscipietis
436 745 604 792 episcopo,
632 746 656 779 si
686 745 814 792 quidem
847 747 976 792 gratiam

225 803 319 841 atque
358 794 615 829 communionem
650 772 865 841 ApostolicaeD
883 795 977 831 Sedis

225 843 382 888 habuerit,
409 852 439 878 et
466 844 490 878 si
514 856 548 878 ca
564 844 659 890 gratis
677 857 713 878 ac
736 844 803 878 siue
827 845 976 891 pravitate

225 892 358 928 voluerit
384 892 550 933 exhibere,
585 894 737 939 alioquin,
766 893 855 928 liceat
889 894 976 929 vobis

225 954 281 989 pro
292 942 475 977 eorumdem
492 951 760 977 sacramentorum
776 944 975 990 susceptione

223 991 430 1028 catholicum.
453 1004 548 1038 quem
572 992 762 1035 malueritis,
784 992 870 1026 adire
892 993 974 1027 anti-

223 1040 339 1076 stitem.
361 1040 460 1075 Porro
488 1041 546 1075 loci
570 1042 661 1075 vestri
690 1041 882 1076 advocatiam
906 1042 974 1078 sine

223 1090 392 1137 praepositi
408 1098 438 1124 et
460 1089 590 1124 fratrum
613 1102 783 1131 consensu,
806 1099 859 1125 aut
874 1103 889 1125 a
905 1091 975 1126 fun-

191 1169 200 1177 .
222 1139 366 1174 datorum
389 1139 589 1180 haeredibus,
616 1147 668 1174 aut
690 1140 882 1187 quibuslibet
905 1141 973 1176 aliis

222 1188 382 1235 occupari,
398 1188 547 1223 omuibus
563 1188 778 1236 prohibemus.
796 1189 881 1223 Nulli
896 1202 972 1237 ergo

222 1239 353 1272 omnino
376 1238 537 1272 hominum
558 1238 687 1272 facultas
708 1239 758 1279 sit,
782 1239 971 1285 praedictam

221 1286 394 1322 Ecclesiam
424 1295 541 1321 temere
576 1287 778 1334 perturbare,
819 1296 871 1322 aut
905 1289 972 1323 eius

221 1337 438 1383 possessiones
459 1336 592 1379 auferre,
615 1336 661 1371 vel
684 1337 800 1371 ablatas
826 1338 970 1382 retinere,

223 1385 382 1427 minuere,
406 1393 457 1420 aut
481 1386 653 1420 temerariis
678 1386 893 1420 vexationibus
919 1387 970 1420 fa-

223 1434 335 1481 tigare;
371 1435 426 1469 sed
456 1435 572 1481 integra
596 1444 822 1470 conserventur
843 1448 969 1480 eorum,

222 1495 278 1530 pro
317 1497 452 1531 quorum
483 1485 731 1519 substentatione
756 1493 785 1519 et
811 1485 970 1531 guberna-

219 1532 304 1568 tione
330 1546 479 1568 concessa
511 1542 598 1574 sunt,
636 1533 744 1568 usibus
778 1534 970 1569 omnimedis

220 1582 393 1629 profutura.
428 1583 474 1617 Ad
495 1583 646 1617 indicium
675 1591 778 1617 autem
804 1592 969 1630 perceptae

221 1632 347 1666 huiusa
370 1632 511 1666 Romana
540 1632 679 1667 Ecclesia
715 1632 875 1672 libertatis,
909 1646 969 1667 au-

219 1693 306 1716 reum
326 1694 423 1716 unum
440 1682 609 1728 quotannis
631 1681 833 1716 Lateranensi
858 1682 969 1727 palatio

219 1730 413 1777 persolvetis.
433 1730 467 1765 Si
490 1743 550 1778 qua
573 1731 666 1776 igitur
693 1731 724 1765 in
748 1730 888 1765 futurum
916 1743 969 1766 ec-

218 1779 392 1814 clesiastica
419 1780 624 1814 saecularisve
650 1792 794 1827 persona,
817 1780 897 1815 lianc
912 1792 969 1814 no-

218 1836 300 1864 strae
313 1829 546 1863 constitutionis
565 1829 709 1876 paginam
725 1829 839 1869 sciens,
861 1839 967 1864 contra

217 1889 285 1912 eam
318 1878 425 1913 venire
457 1879 638 1933 tentaverit,
663 1878 805 1913 secundo
838 1879 968 1913 tertiove

217 1928 422 1968 commonita,
454 1928 479 1962 si
504 1940 564 1962 non
592 1927 803 1962 satisfactione
829 1940 966 1974 congrua

218 1976 454 2021 emendaverit,
490 1977 652 2024 potestatis
684 1977 878 2024 honorisque
919 1978 966 2012 sui

217 2025 369 2071 dignitate
395 2034 514 2070 careat,
548 2038 694 2073 reamque
716 2039 749 2061 se
779 2026 884 2061 divino
913 2027 967 2061 iu-

217 2074 301 2109 dicio
342 2075 476 2110 existere
513 2075 551 2110 de
589 2083 764 2131 perpetrata
806 2076 967 2123 iniquitate

217 2133 398 2170 cognoscat,
425 2132 455 2159 et
481 2137 497 2159 a
524 2125 734 2160 sacratissimo
760 2125 902 2172 Corpore
937 2133 968 2160 et

217 2172 380 2218 Sanguine
394 2173 522 2208 Domini
538 2174 761 2221 Redemptoris
783 2174 881 2209 nostri
895 2174 966 2208 Iesu

218 2221 337 2257 Christi
359 2222 458 2257 aliena
482 2224 545 2267 fiai,
572 2232 665 2270 atque
688 2224 718 2257 in
741 2231 882 2258 extremo
901 2235 967 2258 exa-

219 2271 304 2306 mine
321 2271 480 2306 districtae
504 2272 613 2307 ultioni
636 2272 807 2307 subiaceat.
835 2270 968 2307 Cunctis

218 2328 322 2355 autem
341 2320 443 2355 eidem
467 2322 656 2356 monasterio
679 2322 757 2355 iusta
771 2321 968 2356 servantibus

219 2369 258 2404 sit
282 2382 340 2417 pax
364 2369 491 2414 Domini
521 2371 616 2405 nostri
644 2370 713 2405 lesu
738 2370 868 2411 Christi,
895 2382 968 2417 qua-

219 2425 311 2454 ¹⁰¹¹¹¹⁵
331 2427 361 2454 ‘3‘
382 2419 434 2454 ¹¹¹⁰
456 2419 590 2454 smmum
614 2419 715 2454 bonae
737 2428 870 2454 ²¹⁰¹¹⁰¹¹¹S
890 2432 967 2466 9⁶³¹*-
986 2429 988 2467 Ῐ
1009 2438 1168 2472 Ecclesiae
1196 2437 1415 2472 defensoribus
1444 2437 1591 2477 fecimus,
1618 2438 1760 2472 auctori-

219 2467 346 2514 cipiant,
368 2475 398 2502 et
416 2468 499 2516 apud
522 2469 698 2503 districtum
722 2468 859 2503 Iudicem
878 2481 968 2516 prae-

219 2516 280 2550 mia
307 2525 452 2552 aeternae
481 2518 566 2564 pacis
589 2518 756 2552 inveniant.
779 2518 892 2552 Amen.

267 2565 339 2600 Eoo
384 2565 548 2602 CAthTUS
590 2566 762 2602 catholicae
806 2566 968 2602 Ecclesiae

219 2614 397 2662 episcopus.

1658 241 1729 272 525

1075 305 1188 339 Datum
1220 304 1364 340 Laterani
1393 317 1448 352 per
1476 317 1602 339 manum
1633 305 1776 354 Chryso-

1023 354 1095 399 goni
1124 362 1248 388 sanctae
1276 354 1437 389 Romanae
1467 354 1626 389 Ecclesiae
1650 355 1772 390 diaconi

1023 402 1189 437 cardinalis
1211 416 1246 438 ac
1270 403 1513 447 bibliothecarii,
1542 416 1586 439 vri
1603 404 1672 439 idus
1689 405 1773 449 maii,

1023 451 1194 486 indictione
1228 466 1299 496 xiv,
1337 453 1560 488 incarnationis
1596 453 1771 489 dominicae

1021 512 1104 534 anno
1130 513 1265 544 mexxn,
1302 502 1503 548 pontificatus
1528 511 1633 538 autem
1662 503 1768 538 domni

1021 548 1134 584 Calixti
1154 550 1181 584 11
1209 550 1311 597 Papae
1338 563 1479 586 annoiv.

1100 606 1160 636 Dat.
1180 607 1227 637 die
1249 608 1267 637 9
1286 608 1353 638 maii
1373 617 1449 638 anno
1472 608 1586 639 Domini
1607 609 1692 646 1122,

1272 652 1374 691 pontis.
1392 662 1468 682 anno
1485 662 1520 683 tv.

1361 793 1428 827 XX.

1020 869 1217 913 Oldeqarius,
1250 863 1487 903 Tarraconensis
1508 872 1764 916 archiepiscopus.

1065 920 1180 962 legatus
1202 919 1291 952 Sedis
1317 920 1510 964 Apostolicae
1532 922 1573 954 ad
1590 923 1767 960 eoeercitum,

1064 975 1170 1001 contra
1187 969 1359 1001 Saracenos
1380 970 1412 1001 in
1430 969 1592 1013 Hispaniis
1606 978 1764 1014 paratum,

1064 1018 1257 1051 constituitur
1278 1019 1331 1061 (1).

1281 1091 1494 1122 summatum

1015 1156 1220 1195 Hispaniarum
1244 1157 1373 1187 Ecclesia
1406 1162 1512 1196 quanta
1543 1159 1617 1189 mala
1649 1166 1764 1199 experta

1054 1203 1090 1231 sit
1112 1212 1125 1231 a
1144 1202 1326 1240 paganorum
1346 1202 1547 1240 oppressione.
1562 1220 1601 1226 —
1630 1204 1765 1235 Peccato-

1053 1254 1117 1274 rum
1137 1246 1271 1275 remissio
1295 1246 1431 1275 omnibus
1452 1246 1480 1275 iu
1499 1248 1682 1286 expeditione
1694 1258 1766 1278 con-

1054 1294 1094 1319 tra
1114 1290 1231 1319 eosdem
1250 1290 1455 1319 militantibus.
1478 1307 1516 1312 —
1533 1291 1625 1321 Cruce
1642 1293 1762 1331 signati.

1051 1333 1248 1371 —Oldegarii
1269 1334 1354 1364 Sedis
1367 1334 1549 1373 apostoticae
1570 1336 1666 1374 legati,
1688 1347 1763 1376 quae

1052 1378 1089 1408 sit
1102 1378 1234 1413 facultas,
1257 1383 1285 1408 et
1303 1388 1377 1417 quae
1397 1381 1569 1417 praestanda
1586 1381 1762 1412 obedientia.

1011 1442 1112 1473 Calixtus
1135 1444 1340 1482 episcopusservus
1357 1454 1472 1474 servorun]
1488 1445 1539 1480 Dei,
1555 1446 1660 1476 omnibus
1674 1448 1762 1486 episco-

1050 1489 1093 1527 pis,
1116 1488 1218 1527 regilius,
1242 1489 1372 1527 comitibus,
1395 1490 1544 1528 principibus,
1565 1492 1706 1530 caeterisque
1721 1492 1763 1523 Dei

1050 1533 1166 1570 fidelibus,
1188 1534 1286 1563 salutent
1313 1538 1335 1563 ct
1353 1535 1502 1572 apostolieum
1525 1534 1720 1566 benedictionem.

1063 1600 1232 1635 Pastoralis
1263 1600 1374 1640 oflicii,
1411 1600 1503 1635 nobis
1533 1613 1549 1636 a
1579 1601 1645 1637 Deo
1673 1616 1762 1637 com-

1012 1651 1110 1690 missi,
1132 1649 1299 1684 solicitudo
1330 1651 1480 1696 exposcit,
1515 1659 1547 1685 ut
1569 1651 1655 1685 omni
1679 1653 1760 1698 vigi-

1011 1699 1104 1734 lantia
1126 1707 1156 1734 et
1182 1699 1465 1746 circumspectione
1488 1712 1615 1746 gregem
1649 1701 1762 1735 Domi-

1010 1749 1115 1783 nicum
1150 1761 1326 1796 pascamus.
1354 1748 1579 1795 Hispaniarum
1602 1750 1757 1796 siquidem

1009 1798 1151 1832 Ecclesia
1189 1797 1313 1844 quantis
1345 1798 1591 1839 calamitatibus,
1619 1800 1761 1844 quantis-

1009 1860 1070 1894 que
1098 1847 1230 1881 fitiorum
1259 1847 1316 1881 Dei
1346 1847 1498 1882 mortibus
1527 1860 1582 1894 per
1615 1848 1759 1894 Pagauo-

1010 1910 1078 1931 rum
1120 1897 1357 1943 oppressionem
1397 1896 1523 1931 assidue
1562 1898 1760 1938 conteritur,

1009 1946 1168 1981 neminem
1197 1954 1332 1980 vestrum
1367 1945 1462 1980 latere
1503 1946 1672 1981 credimus.
1717 1947 1761 1982 Ea

1010 2003 1137 2042 propter
1171 1994 1373 2029 dilectionem
1411 2003 1566 2039 vestram,
1601 2004 1760 2042 tamquam

1010 2045 1087 2085 Deo,
1110 2045 1199 2079 cuius
1214 2044 1370 2090 legatione
1385 2044 1555 2090 fungimur,
1575 2045 1759 2079 exhortaute

1009 2106 1064 2141 per
1087 2106 1155 2137 nos,
1177 2094 1397 2133 admonemus,
1420 2102 1449 2127 (t
1472 2101 1630 2140 tamquam
1654 2094 1758 2128 caris-

1008 2155 1116 2183 simos,
1140 2143 1298 2190 precibus,
1329 2143 1445 2189 quibus
1468 2155 1646 2189 possumus,
1681 2143 1760 2178 iuci-

1008 2200 1122 2232 tamus,
1149 2200 1305 2238 quatenus
1326 2192 1362 2226 ad
1379 2192 1506 2225 fratrum
1526 2192 1757 2231 defensionem,

1008 2249 1038 2275 et
1074 2241 1287 2275 Ecclesiarum
1325 2241 1541 2275 liberationem
1577 2241 1759 2275 nullatenus

1008 2290 1175 2325 desistatis
1199 2289 1355 2325 Omnibus
1377 2290 1460 2324 enim
1489 2290 1518 2323 in
1542 2290 1599 2324 hac
1626 2290 1760 2336 expedi-

1008 2340 1093 2374 tione
1131 2346 1310 2373 constanter
1353 2338 1577 2379 militantibus,
1613 2339 1757 2374 eamdem

1010 2396 1208 2435 peccatorum
1229 2388 1459 2430 remissionem,
1484 2400 1577 2434 quam
1598 2388 1759 2424 orientalis

1045 2507 1083 2543 (1)
1100 2507 1231 2542 Descript.
1243 2515 1256 2534 a
1269 2507 1346 2541 Diago
1357 2515 1389 2533 ex
1401 2507 1501 2533 archiv.
1521 2507 1679 2535 cathedralis
1697 2510 1760 2535 Bar-

1009 2549 1131 2575 cinonen.
1150 2548 1194 2574 lib.
1213 2556 1219 2574 t
1241 2547 1372 2582 Antiquit.
1395 2547 1438 2573 fot.
1456 2547 1500 2579 2ae
1518 2547 1600 2574 edidit
1617 2548 1757 2575 Bollandus

1010 2589 1068 2614 Act..
1091 2589 1137 2614 SS.
1167 2588 1262 2614 mensis
1286 2587 1391 2620 martii,
1412 2587 1454 2614 die
1474 2595 1512 2619 vi,
1533 2588 1557 2614 in
1578 2587 1628 2614 ssue
1649 2596 1707 2623 cap.
1729 2596 1758 2614 m

1010 2628 1083 2656 Vitae
1100 2628 1124 2654 S.
1145 2626 1288 2661 Oldegarii.

1803 266 1891 293 Aac.
1915 267 1982 293 1¹22

1818 1790 1974 1814 Hispaniarum

1792 1817 1884 1837 Ecctrsia
1893 1821 1974 1842 quanta

1792 1844 1847 1863 mala
1885 1847 1974 1868 experta

1791 1871 1819 1889 sit
1842 1875 1852 1889 a
1878 1869 1973 1894 Pagano·

1791 1902 1841 1917 rum
1851 1897 1975 1923 oppressio-

1791 1928 1826 1944 ne.

1828 2320 1972 2341 pcccatorum

1788 2353 1902 2368 remissum
1914 2353 1972 2368 mui-

1788 2375 1829 2394 bus
1843 2375 1864 2394 in
1883 2375 1972 2399 expedi-

1788 2407 1846 2427 tinne
1857 2406 1973 2426 militanti-

1787 2434 1828 2454 bus
1841 2436 1916 2454 contra
1924 2438 1973 2454 eos-

1788 2460 1845 2483 dem,
