2180 3205
27 270 77 299 An.
98 269 129 299 C.
142 269 209 298 1098

866 271 1010 295 ῘἮΒΑΝΠΒ
1036 273 1059 294 ΙΙ
1087 273 1135 296 ΙΨ.

235 331 296 362 tur.
327 321 469 357 eiusdem
498 335 612 359 causae
633 325 788 359 actionem
823 337 924 373 usque
946 326 983 360 ad

236 379 377 406 nostrum
414 372 547 407 reditum
586 373 735 408 duximus
769 373 982 409 deferendam.

235 420 333 455 Porro
380 420 598 456 Beneventum
645 423 806 457 venientes
822 450 830 463 ,
871 423 982 458 iterum

235 478 358 505 nostras
397 470 433 504 ad
470 470 553 505 illam
589 471 693 506 literas
732 471 958 507 destinavimus
975 500 982 513 ,

234 518 318 553 diem
355 527 386 553 et
417 519 548 563 locum,
583 532 646 567 quo
678 532 770 555 causa
805 521 982 556 ventilanda

234 567 345 608 fuerat,
369 568 582 614 designantes.
606 568 688 603 Cum
711 577 815 604 autem
833 582 889 604 nec
907 577 983 604 tunc

233 617 380 657 venisset,
405 618 443 651 ad
467 617 570 652 locum
594 617 688 652 aliurn
719 630 787 652 eam
811 619 903 652 tertio
926 631 983 653 vo-

232 667 384 701 cavimus.
408 666 500 701 Venit
523 666 585 708 illa,
611 666 667 701 sed
695 678 821 701 causam
853 668 980 713 aggredi

231 716 398 758 recusavit,
426 727 568 750 asserens
594 727 628 750 se
655 727 852 762 nequaquam
876 717 980 751 omnia

231 762 414 810 Ciuglensis
448 764 545 798 cellae
577 764 773 799 munimenta
810 774 839 799 et
876 765 980 800 literas

231 813 397 859 recipisse,
415 812 452 847 ad
469 812 553 860 quod
569 813 698 847 fratrum
715 822 892 848 nostrorum
908 815 980 860 qui-

230 861 301 896 dam
324 862 530 897 sacramentis
557 874 697 897 asserere
723 863 819 910 parati
845 863 979 904 fuerant,

229 923 263 945 se
279 923 336 946 nec
350 911 466 957 plures,
482 922 540 945 nec
555 911 630 945 alias
648 912 677 945 in
696 911 766 946 loco
784 911 895 946 eodem
911 925 980 947 car-

229 967 287 1000 tas,
303 972 397 1007 quam
413 972 490 1007 quas
512 959 723 1005 reddiderant,
737 960 906 996 invenisse.
925 961 978 996 Illa

228 1017 351 1044 secreto
372 1008 533 1044 nonnullis
556 1009 685 1044 fratrum
701 1037 711 1048 )
737 1010 790 1055 qui
814 1009 977 1045 nobiscum

228 1065 333 1100 erant,
353 1059 548 1093 munimenta
563 1070 618 1093 sua
641 1058 796 1105 prodidit;
815 1059 903 1093 uobis
921 1071 979 1094 au-

229 1115 292 1143 tem
314 1108 480 1143 ostendere
507 1107 707 1148 detrectavit;
730 1120 865 1155 cumque
894 1108 980 1143 iudi-

226 1151 324 1192 ciario
339 1157 448 1192 ordine
461 1169 586 1192 causam
610 1168 669 1191 nec
690 1156 783 1191 vellet
796 1169 898 1203 agere,
922 1170 979 1192 nec

227 1205 355 1251 valeret,
370 1218 428 1241 nos
445 1217 529 1250 eam,
546 1214 578 1239 ut
595 1205 633 1240 ad
655 1205 775 1240 abbatis
797 1214 827 1240 et
848 1206 977 1241 fratrum

227 1263 403 1290 vestrorum
426 1254 626 1290 concordiam
648 1262 814 1301 satageret,
835 1268 979 1291 commo-

228 1303 371 1339 nuimus:
395 1316 453 1339 nec
475 1304 592 1338 monita
612 1304 761 1351 suscepit,
781 1312 812 1338 et
826 1304 977 1339 iudicium

227 1353 355 1400 penitus
376 1352 573 1399 subterfugit.
589 1353 706 1387 Iterum
725 1353 867 1387 coenobii
885 1354 977 1388 vestri

227 1402 403 1436 munimina
442 1401 596 1436 vidimus:
638 1402 750 1436 iterum
787 1401 975 1437 Pontificum

226 1449 444 1486 Romanorum
482 1450 664 1498 privilegia,
698 1460 728 1485 et
751 1451 975 1497 imperatorum

226 1500 344 1548 scripta
382 1500 616 1547 perspeximus:
652 1500 765 1534 iterum
803 1499 977 1536 fundatoris

225 1548 287 1584 loci
323 1549 584 1595 chirographum,
604 1557 633 1583 et
654 1549 869 1583 Beneventani
890 1550 977 1596 prin-

225 1598 319 1645 cipis,
345 1598 399 1645 qui
422 1608 496 1632 tunc
518 1598 670 1644 temporis
701 1598 812 1642 fuerat,
839 1610 976 1633 conces-

225 1647 347 1681 sionem
363 1647 556 1687 audivimus·‚
571 1647 686 1693 quibus
700 1648 847 1682 omnibus
865 1648 978 1683 instru-

226 1697 280 1741 cti,
302 1704 334 1730 ut
359 1697 457 1743 prius,
490 1708 611 1736 sumus,
638 1695 842 1743 Cinglensem
865 1696 974 1731 cellam

225 1744 264 1779 ab
291 1745 360 1792 ipso
378 1744 569 1779 fundationis
583 1745 712 1780 exordio
725 1745 762 1779 ad
786 1744 976 1780 Cassinense

225 1794 412 1828 coenobium
437 1794 643 1841 pertinuisse3
662 1802 692 1828 et
707 1806 763 1841 per
777 1794 976 1829 Cassinensis

225 1842 346 1877 abbatis
377 1843 568 1877 voluntatem
601 1843 884 1878 sanctimonialium
932 1843 974 1878 ibi

1659 270 1729 304 193

1025 338 1217 370 censemus,
1252 329 1345 375 dico,
1380 331 1593 368 decernimus.
1628 332 1663 369 Si
1706 336 1777 382 quis

1024 384 1128 410 autem
1152 386 1220 423 post
1240 378 1327 423 baec,
1355 379 1487 416 liuiuscc
1512 382 1644 418 actionis
1667 391 1775 420 tenore

1025 426 1161 470 cognito,
1172 427 1364 462 costitutioui
1382 438 1505 465 nostrae
1520 438 1636 467 temere
1648 433 1775 469 obviare

1025 476 1234 520 temptaverit,
1261 478 1451 522 apostolicae
1480 480 1705 527 indignationis
1725 482 1775 517 ul-

1025 522 1108 556 tione
1150 524 1324 569 plectetur;
1364 528 1416 573 qui
1464 540 1535 563 vero
1572 540 1774 566 conservator

1023 572 1184 616 extiterit,
1228 574 1352 609 divinae
1399 576 1629 613 benedictionis
1675 581 1773 626 gratia

1024 620 1211 667 perfruatur.
1246 622 1408 669 Scriptum
1447 638 1501 672 per
1532 639 1659 662 manum
1691 629 1773 664 Petri

1023 670 1163 704 scrinarii
1186 672 1265 705 sacri
1291 673 1406 717 palatii,
1429 674 1600 710 indictione
1622 679 1772 723 septima,

1024 719 1141 753 mensis
1168 720 1346 755 decembris
1368 721 1417 756 die
1440 735 1495 757 vn.
1520 723 1635 759 Datum
1651 726 1772 762 Romae

1021 767 1105 813 apud
1120 768 1250 803 Beatum
1264 769 1392 804 Petrum
1410 783 1464 818 per
1479 784 1607 807 manum
1623 774 1773 810 Iohannis

1022 825 1147 851 sanctae
1173 817 1336 853 Romanae
1362 819 1523 855 Ecclesiae
1550 822 1673 857 diaconi
1696 836 1772 858 car-

1021 865 1154 907 dinalis,
1194 879 1227 901 vr
1261 867 1332 902 idus
1365 868 1565 911 decembris,
1600 871 1772 908 indictione

1021 915 1175 960 septima,
1211 928 1293 950 anno
1333 917 1509 953 dominicae
1547 920 1771 957 incarnationis

1021 975 1163 1005 chvnr,
1177 965 1374 1011 pontificatus
1386 975 1489 1002 autem
1500 967 1607 1003 domni
1616 969 1733 1005 Urbani
1743 971 1771 1005 11

1020 1012 1196 1058 Papae,xr.

1059 1069 1119 1099 Dat.
1137 1071 1183 1100 die
1203 1072 1219 1101 8
1235 1072 1401 1102 decembris
1420 1082 1495 1103 anno
1513 1073 1629 1106 Domini
1646 1075 1731 1114 1098,

1270 1112 1373 1151 pontif.
1394 1122 1470 1142 anno
1488 1122 1525 1143 xl.

1335 1234 1451 1269 XLIX.

1021 1312 1243 1347 illonaslerium
1262 1316 1295 1348 S.
1317 1315 1500 1359 Curuplzali's
1521 1318 1575 1351 sub
1586 1320 1772 1362 protectione

1068 1366 1156 1399 Sedis
1178 1368 1370 1410 Apostolicae
1392 1369 1551 1413 recipitur:
1580 1372 1664 1415 eique
1691 1374 1771 1406 bona

1067 1421 1173 1453 onmia
1201 1432 1237 1453 ac
1266 1422 1433 1466 privileyia
1465 1424 1607 1457 hactenus
1633 1437 1770 1459 concessa

1067 1474 1291 1518 confirmantur
1315 1476 1377 1517 (11).

1288 1543 1502 1576 SUMMARIUM

1018 1602 1185 1633 Exordium.
1206 1621 1245 1626 —
1271 1604 1480 1636 Monosterium
1510 1607 1564 1636 sub
1589 1609 1768 1646 protectione

1058 1646 1142 1676 Sedis
1158 1648 1342 1686 Apostolicae
1359 1651 1512 1690 recipitur:
1528 1668 1567 1673 —
1582 1651 1673 1691 Eique
1690 1653 1766 1683 bona

1057 1692 1153 1721 omnia
1172 1693 1394 1724 confirmantur.
1419 1712 1460 1717 —-
1480 1695 1634 1726 Decretum
1653 1698 1765 1726 immu-

1056 1735 1155 1764 nitatis
1176 1746 1190 1765 3
1209 1737 1424 1776 cuiuscumque
1443 1747 1587 1777 personae
1613 1740 1767 1777 1nolestia;

1057 1784 1085 1809 et
1102 1779 1247 1810 libertatis
1277 1782 1306 1811 in
1322 1782 1457 1820 eligendo
1480 1783 1584 1812 abbate
1602 1793 1636 1813 ex
1653 1785 1764 1822 gremio

1055 1825 1286 1861 monacliorum3
1318 1826 1430 1856 electus
1456 1836 1523 1856 vero
1546 1829 1765 1859 consecrandus

1056 1867 1091 1896 ab
1111 1869 1250 1907 episcopo
1268 1870 1452 1907 dioecesano,
1470 1872 1526 1901 nisi
1539 1872 1626 1902 fuerit
1644 1882 1764 1902 excom-

1797 270 1846 297 An.
1866 269 1895 298 C.
1913 270 1980 298 1098

225 1900 500 1938 ⁰⁰¹¹g¹⁸⁰g³⁰⁰nem
546 1892 642 1926 1¹¹¹S⁵e
663 1941 668 1946 ,
686 1891 884 1946 ὼὲΡΟεΙῙῧῙΠ·
923 1892 975 1948 819
1055 1913 1232 1942 municatus.
1250 1930 1289 1935 —
1306 1913 1413 1944 Eadem
1433 1915 1633 1946 decernuntur
1651 1926 1702 1956 pro
1724 1917 1767 1947 al·

49 1972 126 1995 Eadem
152 1974 204 1995 cena
225 1948 297 1996 pos-t
330 1941 443 1975 multas
480 1941 604 1975 landem
639 1941 825 1996 d¹¹al¹0¹¹fffss
859 1951 974 1987 ‘legs‘ffl
1056 1956 1162 1985 tarium
1187 1959 1421 1996 consecratione,
1439 1964 1466 1989 et
1489 1960 1665 1990 clericorum
1688 1962 1765 1991 ordi—

24 1997 140 2030 cutnnengr
162 2001 204 2031 ¹ab·
224 1997 353 2025 veritate
396 1998 581 2036 perspecta,
621 1998 854 2025 communicato
902 2003 973 2025 cum
1055 2000 1183 2029 natione.
1213 2017 1253 2022 —
1273 2000 1385 2032 Census
1407 2013 1524 2033 annuus
1557 2005 1705 2035 Ecclesiae
1734 2005 1763 2035 S.

22 2025 66 2073 1ἒὲ
81 2027 204 2074 itid'ffiffii
225 2037 375 2073 fratribus
402 2039 515 2074 nostris
541 2039 710 2086 episcopis,
733 2051 788 2074 seu
812 2039 975 2074 Romanae
1056 2043 1137 2073 Pauli
1169 2045 1203 2074 de
1225 2044 1301 2074 Urbe
1330 2047 1553 2085 persolvendus.
1583 2065 1623 2070 —
1651 2048 1764 2078 Poenae

25 2078 204 2127 Ἑοζῖξῇξᾞξζῗ
225 2086 385 2122 Ecclesiae
411 2087 635 2128 cardinalibus,
655 2088 875 2134 iudicibusque
897 2101 975 2123 con-

25 2134 85 2178 ἔξω
99 2133 205 2159 ⁰¹⁹⁰¹¹³¹¹'
225 2136 318 2177 silio,
354 2136 520 2171 venerabili
565 2136 649 2170 fratri
684 2136 829 2171 Oderisio
869 2137 972 2171 abbati

225 2193 330 2220 vestro
351 2184 521 2231 Cinglense
548 2186 772 2220 monasterium
795 2198 833 2220 ex
854 2186 974 2231 integro

225 2234 438 2275 restituimus;
468 2234 508 2268 ita
541 2242 644 2268 tamen
681 2242 715 2268 ut
741 2234 779 2268 de
807 2235 876 2268 loeo
906 2235 974 2281 ipso

226 2283 481 2318 sanctimoniales
515 2283 645 2317 minime
674 2282 888 2329 expellantur,
920 2284 973 2318 sed

226 2344 352 2379 semper
379 2332 443 2366 illic
476 2331 651 2378 puellarum
686 2332 744 2366 Dei
773 2333 974 2378 congregatio

226 2390 439 2421 conservetur,
461 2388 558 2424 tanto,
585 2388 619 2414 ut
645 2393 820 2427 speramus,
848 2381 975 2427 religio-

226 2430 305 2474 sius,
332 2438 448 2477 quanto
481 2429 630 2464 sanctiori
658 2437 790 2476 patrono
813 2438 974 2464 monaste-

226 2478 337 2526 rioque
359 2479 546 2514 commissae
564 2486 652 2512 sunt:
676 2479 761 2513 salva
778 2479 806 2512 iu
826 2479 975 2514 omnibus

226 2527 319 2563 Sedis
344 2528 545 2575 Apostolicae
574 2528 757 2562 reverentia.
780 2528 882 2569 Quam
912 2529 975 2563 sci-

226 2574 300 2612 licet
343 2577 572 2611 restitutionem
614 2576 714 2611 literis
755 2577 975 2624 praesentibus

227 2632 323 2660 ratam
362 2634 392 2660 et
431 2626 610 2660 inviolatam
653 2635 806 2673 perpetuo
847 2638 974 2661 manere

305 2682 381 2713 Ball.
403 2682 480 2712 Rom.
509 2682 563 2713 Vol.
587 2682 623 2712 II.
654 2689 712 2697 'W'
727 2682 787 2713 ³:25

1057 2093 1156 2118 contra
1180 2093 1369 2119 temeratores
1388 2091 1532 2130 privilegii
1551 2092 1649 2122 huius.

1017 2148 1119 2178 Urbanus
1146 2151 1265 2188 episcopus
1286 2160 1364 2180 servus
1385 2161 1500 2182 servorum
1523 2153 1574 2191 Dei,
1603 2154 1691 2183 dilecto
1715 2154 1764 2184 titio

1029 2220 1031 2222 .
1055 2193 1197 2232 Bet-engario
1209 2194 1286 2224 abbati
1301 2196 1520 2225 monasteriiSancti
1539 2196 1685 2235 Cucuphaus,
1702 2198 1764 2235 quod

1054 2237 1188 2267 (tolonense
1207 2238 1300 2276 (licitur,
1323 2239 1417 2276 eiusque
1439 2239 1607 2269 suecessoribus
1625 2241 1767 2278 regulariter

1054 2279 1230 2318 substituendis,
1254 2282 1277 2310 in
1305 2286 1450 2321 perpetuum.

1064 2341 1139 2376 Piae
1163 2343 1329 2389 postulatio
1351 2345 1522 2380 voluntatis
1540 2346 1655 2381 effectu
1674 2346 1768 2383 debet
1818 2346 1938 2368 Emffiium·

1018 2399 1227 2437 prosequente
1248 2392 1412 2438 compleri,
1431 2403 1597 2439 quatenus,
1619 2403 1650 2430 et
1671 2396 1769 2432 devo-

1017 2440 1109 2474 tionis
1136 2441 1299 2475 sinceritas
1321 2442 1517 2478 laudabiliter
1548 2444 1711 2489 enitescat,
1738 2454 1769 2481 et

1017 2489 1134 2523 utilitas
1157 2489 1310 2535 postulata
1334 2492 1415 2526 vires
1438 2492 1654 2528 indubitanter
1675 2507 1769 2529 assu-

1017 2545 1089 2572 mat.
1118 2537 1197 2579 Quia
1231 2552 1306 2585 ergo
1339 2540 1466 2575 dilectio
1493 2550 1565 2582 tua,
1604 2543 1641 2577 ad
1675 2542 1769 2579 Sedis

1050 2603 1088 2638 (t)
1106 2604 1144 2630 Ex
1162 2604 1269 2631 Archiv.
1287 2606 1438 2633 monasterii
1454 2606 1533 2634 huius
1548 2607 1631 2636 edidit
1647 2609 1767 2637 Baluzius

1016 2643 1065 2670 loc.
1083 2644 1141 2676 cit.,
1159 2652 1232 2671 num.
1251 2652 1368 2672 cccxvii.
