2180 3205
251 1958 364 1981 Graecae
374 1956 431 1980 lati-

219 1988 340 2020 tinaeque
362 1989 431 2012 litte-

219 2028 270 2049 rae,
291 2021 346 2044 sine
373 2028 432 2051 spe-

219 2052 277 2075 ciali
309 2051 432 2075 Maximo—

219 2082 431 2106 rumpontifieum

219 2122 291 2141 cura,
331 2114 431 2138 deletae

218 2145 335 2169 fuissent,

452 150 498 178 XX
1149 153 1350 180 PRAEFATIO

454 220 522 256 quo
549 209 658 245 doctis
685 209 763 245 viris
791 209 955 246 scientiae
982 211 1169 247 humilitati
1197 217 1230 247 et
1250 211 1424 258 angelicae
1445 211 1585 260 puritati
1607 210 1812 248 coniunctae
1839 210 2046 249 miraculum

452 278 534 314 prae
561 267 669 303 oculis
704 267 865 315 adposuit
903 268 1049 305 Ioannes
1088 269 1192 313 XXII,
1220 270 1279 317 qui
1307 270 1339 305 S.
1368 269 1539 305 Thomam
1577 269 1786 318 Aquinatem
1813 270 1904 306 inter
1929 270 2047 306 beatos

451 325 590 360 caelites
617 325 865 361 adnumeravit.
894 326 1042 363 Novisne
1070 327 1247 375 operariis,
1275 330 1332 375 qui
1361 328 1535 370 docerent,
1562 328 1813 375 praedicarent,
1834 328 2047 375 evangeliza-

450 388 538 425 rent,
566 382 665 418 vinea
690 383 829 419 Domini
858 384 921 420 suit.
947 384 1174 421 instruenda?
1202 386 1363 422 instruxit
1390 385 1550 421 laudatus
1571 385 1756 429 Honorius,
1778 385 1943 422 Ordinem
1963 386 2046 421 Fra-

451 446 543 475 trum
570 441 849 488 praedicatorum
876 442 1070 491 recipienS,
1098 443 1254 479 eiusdem
1281 444 1459 480 conditore
1486 454 1506 479 a
1533 443 1696 490 Gregorio
1723 443 1768 479 IX
1796 444 1830 479 in
1858 444 1936 480 albo
1964 455 2046 480 san-

450 504 585 533 ctorum
612 498 777 547 inscripto
797 500 837 535 (1³.
1788 540 1791 541 γ

498 556 565 591 Sed
593 569 758 604 quorsum
786 558 875 594 ista?
903 559 946 595 Ut
981 560 1148 595 nimirum
1183 560 1405 596 meminerint
1438 559 1586 603 eruditi,
1614 559 1816 607 discantque
1844 560 1984 604 indocti,
2010 560 2046 596 in

450 620 520 649 tam
548 616 663 662 ampla
691 616 902 664 reipublicae
930 618 1137 654 christianae
1165 618 1488 661 administratione,
1509 618 1640 665 siquid
1673 617 1815 654 sortasse
1843 618 1877 653 in
1905 619 2046 654 homine

450 678 532 708 nota
559 673 702 720 dignum
731 675 1006 722 deprehendent,
1026 676 1111 712 illud
1131 688 1211 713 cum
1231 677 1376 723 egregiis
1402 676 1612 712 facinoribus
1633 682 1884 724 comparatum,
1904 677 2046 713 omnino

450 741 491 765 ex
518 731 626 767 oculis
654 732 866 768 intuentium
895 725 1110 778 evanescere,
1137 735 1226 770 velut
1255 735 1289 769 in
1318 734 1399 770 solis
1426 735 1520 770 disco
1548 734 1714 778 maculas,
1741 746 1830 782 quae
1857 746 1921 771 nec
1946 735 2047 770 clari-

450 789 528 824 tatis
557 790 744 835 fulgorem,
772 803 836 827 nec
862 792 1073 828 beneficium
1101 793 1223 828 caloris
1250 792 1474 828 imminuunt.
1503 792 1577 834 Qua
1604 804 1686 828 sanc
1724 792 1759 828 in
1797 804 1844 836 re,
1877 793 2046 840 privatum

450 846 629 883 hominem
649 860 729 884 cum
750 849 842 885 orbis
863 850 1013 886 universi
1037 850 1199 897 magistro
1225 862 1294 886 non
1315 861 1389 886 esse
1409 850 1696 886 confundendum
1712 861 1751 886 ex
1766 862 1806 886 eo
1826 851 2046 898 potissimum

449 910 554 952 patet,
582 907 674 953 quod
693 906 721 942 si
749 907 831 954 quid
859 907 894 942 in
922 908 1045 956 primo,
1074 909 1121 943 nil
1151 920 1305 956 unquam
1334 908 1368 943 in
1390 908 1498 944 altero
1526 908 1733 956 reprehendi
1757 919 1868 955 posse,
1889 909 2046 944 omnium

449 969 645 1011 temporum
686 965 808 1000 notitia
847 966 1070 1002 demonstrat.
1100 966 1148 1001 Ex
1176 978 1244 1013 quo
1272 967 1340 1002 iam
1368 972 1491 1014 sponte
1526 966 1623 1009 fluit,
1651 966 1824 1002 Ecclesiae
1851 966 2046 1002 Catholicae

449 1021 628 1057 historiam
656 1034 725 1058 non
754 1035 828 1059 esse
855 1024 1103 1060 addiscendam
1131 1036 1172 1060 ex
1198 1025 1286 1060 fictis
1313 1025 1567 1061 haereticorum
1588 1024 1810 1072 hostiumque
1830 1024 1964 1060 romani
1984 1036 2046 1061 no-

448 1079 552 1115 minis
580 1085 639 1115 aut
665 1081 968 1117 rationalium-mn
995 1082 1058 1129 (uti
1086 1082 1261 1118 vanissimi
1289 1083 1449 1118 homines
1476 1094 1511 1118 se
1538 1095 1573 1119 se
1601 1083 1791 1131 appellant)
1818 1082 1966 1127 sabellis;
1987 1083 2045 1119 sed

449 1148 489 1172 ex
516 1137 716 1174 certissimis
738 1139 987 1183 monumentis,
1007 1151 1155 1186 quorum
1172 1140 1360 1175 maximam
1381 1146 1514 1187 partem
1541 1140 1734 1176 Bullarium
1760 1140 1862 1188 capit,
1881 1151 1901 1176 a
1920 1140 2046 1188 quibus

448 1195 562 1230 omnis
589 1197 820 1243 corruptionis
847 1197 998 1245 suspicio
1026 1197 1142 1233 abest:
1162 1198 1264 1233 Hisce
1285 1198 1485 1233 addendum
1506 1204 1567 1241 est,
1583 1198 1733 1246 plurima
1754 1210 1828 1234 esse
1848 1209 1949 1245 quae,
1967 1198 2048 1234 licet

447 1252 590 1288 maximi
618 1254 810 1297 momenti,
837 1255 961 1290 nullibi
996 1261 1136 1303 possent
1171 1256 1330 1303 reperiri:
1360 1267 1442 1292 nam
1459 1256 1702 1304 ,perantiquae
1730 1256 1867 1292 tabulae
1884 1284 1892 1296 ,
1919 1255 2046 1304 partim

448 1309 617 1346 incendiis
646 1311 849 1356 absumtae,
876 1313 1076 1361 Urbemque
1104 1326 1173 1349 non
1201 1325 1272 1349 una
1298 1314 1369 1350 vice
1396 1314 1551 1350 barbaris
1579 1314 1892 1362 depopulantibus,
1925 1313 2046 1362 deper-

448 1368 551 1412 ditae,
578 1369 613 1404 in
642 1371 804 1417 profanos
831 1383 1015 1407 conversae
1042 1384 1137 1415 usus,
1165 1373 1376 1415 destructae;
1403 1373 1528 1420 partim
1554 1372 1806 1419 langobardicis
1825 1378 1883 1407 aut
1901 1372 2046 1419 gothicis

447 1426 591 1463 minutis
617 1429 877 1476 properansque
904 1429 1063 1465 litterulis
1091 1436 1260 1473 exaratae,
1287 1430 1377 1466 lectu
1398 1436 1477 1466 sunt
1496 1430 1731 1478 perdifficiles:
1755 1429 1944 1466 nonnullae
1962 1429 2045 1465 item

447 1486 536 1521 carie
565 1486 754 1522 admodum
781 1487 974 1523 terebratae
1001 1493 1061 1523 aut
1087 1488 1307 1523 librariorum
1335 1488 1469 1524 incuria
1497 1488 1742 1524 inemendatae
1770 1487 1909 1535 OEdipo
1937 1487 2046 1524 inter-

448 1550 543 1591 prete
570 1544 700 1580 habent
728 1557 824 1592 opus.
855 1545 1068 1581 Incredibilis
1096 1546 1177 1581 hinc
1204 1558 1322 1581 rerum
1347 1546 1446 1593 copia
1473 1546 1671 1589 interiisset,
1699 1551 1758 1581 aut
1785 1545 1886 1581 tineis
1913 1545 2046 1582 alendis

448 1601 634 1638 iacuissent
661 1603 695 1637 in
724 1603 941 1639 archivorum
969 1604 1094 1651 pluteis
1121 1610 1273 1640 vetustae
1300 1604 1450 1643 tabulae,
1472 1604 1505 1639 ni
1526 1610 1747 1640 strenuorum
1774 1604 1926 1640 virorum
1945 1605 2046 1640 inde-

449 1660 557 1696 fessus
584 1660 691 1704 labor,
719 1661 885 1697 Romanis
913 1662 1139 1698 Pontificibus
1167 1662 1440 1710 auspicantibus,
1469 1662 1673 1705 foventibus,
1693 1662 1768 1698 illas
1788 1674 1828 1698 ex
1849 1662 2045 1709 autograhis

447 1718 624 1754 codicibus
652 1719 839 1766 exscriptas
866 1720 901 1754 in
928 1718 1071 1755 Bullarii
1099 1720 1275 1766 volumina
1302 1720 1494 1763 intulisset,
1522 1731 1590 1767 qua
1616 1720 1792 1768 impensa,
1825 1732 1892 1769 quo
1919 1720 2046 1764 studio,

447 1776 573 1823 quibus
601 1777 691 1812 curis
732 1777 754 1812 ii
793 1777 943 1813 scienter
981 1778 1119 1822 dicent,
1147 1778 1205 1825 qui
1244 1778 1463 1814 bibliothecis
1497 1778 1685 1814 lustrandis
1719 1779 1847 1814 multos
1873 1790 1983 1815 annos
2009 1790 2046 1815 se

447 1834 667 1870 abdiderunt.

497 1892 566 1927 vll.
595 1892 694 1928 Artes
721 1905 738 1928 e
766 1893 908 1930 Graecia
948 1894 1031 1930 olim
1070 1894 1248 1930 exulantes
1282 1894 1316 1929 in
1350 1894 1485 1929 Italiam
1513 1906 1559 1930 se¹
1575 1900 1804 1942 receperunt,
1830 1894 1890 1930 ubi
1917 1895 2044 1931 mirum

448 1951 542 1987 dictu
568 1956 620 1987 est
647 1964 713 1998 quo
741 1951 870 1988 iubare*
887 1952 1090 1996 micuerint,
1118 1964 1187 1999 qua
1213 1952 1437 1988 excelluerint
1461 1958 1656 1996 venustate3
1684 1958 1715 1988 at
1744 1952 1942 1989 labentibus
1968 1964 2044 1989 sae-

448 2010 533 2045 culis
560 2022 578 2045 e
605 2009 745 2045 sublimi
785 2008 1008 2053 corruentes,
1035 2010 1217 2058 paullatim
1252 2021 1390 2057 pessum
1418 2010 1467 2046 ire
1494 2016 1538 2054 et,
1567 2010 1703 2057 imperii
1730 2011 1811 2046 sede
1838 2011 2043 2058 Byzantium

448 2068 642 2111 translata,
682 2068 925 2103 contabescere
972 2074 1179 2116 coeperunt;
1221 2068 1379 2111 tandem,
1419 2068 1573 2103 barbaris
1608 2067 1742 2104 Italiam
1781 2066 2051 2112 invadentibus,

448 2126 619 2161 extinctae
639 2137 679 2161 ac
699 2126 836 2161 illorum
856 2125 1019 2161 manibus
1040 2127 1254 2173 praefocatae
1275 2132 1366 2161 sunt.
1388 2125 1470 2167 Quis
1490 2132 1648 2161 nostrum
1663 2137 1757 2162 nunc
1777 2125 1918 2162 Homeri
1932 2125 2044 2172 Virgi-

447 2184 552 2231 liique
584 2186 768 2231 poemata,
796 2183 872 2231 quis
899 2184 1002 2219 Tullii
1030 2184 1342 2231 Demosthenisque
1369 2183 1627 2231 eloquentiam,
1655 2183 1731 2231 quis
1764 2183 1872 2220 immo
1898 2184 2044 2232 Chryso—

447 2248 597 2278 stomum
626 2247 659 2277 et
686 2241 870 2285 Basilium,
898 2242 1148 2289 Hieronymum
1177 2247 1207 2277 et
1236 2242 1493 2278 Nazianzenum
1511 2270 1519 2285 ,
1546 2242 1776 2278 Prudentium
1803 2247 1836 2277 et
1862 2241 2043 2278 Sedulium·

446 2300 687 2343 admiraretur,
715 2299 781 2335 nisi
808 2299 843 2335 in
871 2299 1047 2336 Catholica
1072 2299 1237 2343 Ecclesia,
1264 2299 1299 2335 in
1327 2311 1404 2336 arce
1432 2299 1534 2335 veluti
1561 2299 1743 2343 tutissima,
1763 2310 1924 2346 graecum
1945 2305 1978 2335 et
1995 2300 2042 2335 la-

480 2485 519 2520 (1)
540 2484 603 2512 Vide
623 2485 722 2512 TULLH
742 2485 882 2516 DANDOLo,
903 2485 930 2511 Il
944 2485 1037 2512 Medio
1052 2484 1128 2512 Ero:
1145 2485 1232 2512 Stndi
1250 2484 1360 2517 slot-ici,
1381 2484 1510 2520 filosofici
1524 2492 1538 2510 e
1554 2482 1698 2510 letterarii
1716 2482 1744 2517 (3
1764 2482 1841 2517 vol.);
1863 2486 1890 2509 et
1909 2482 2041 2517 eiusdem,

446 2530 539 2557 Roma
564 2530 598 2556 ecl
623 2530 634 2557 i
658 2530 735 2564 Papi
752 2530 780 2564 (5
797 2530 872 2562 voh),
889 2529 1030 2556 Mediolani
1051 2529 1128 2556 1857.
1151 2529 1238 2556 Tanta
1262 2533 1303 2556 est
1322 2537 1412 2556 rerum
1433 2528 1576 2561 evidentia,
1597 2531 1626 2554 ut
1646 2527 1696 2562 ipsi
1720 2527 1862 2554 acatholici
1881 2536 1953 2554 nunc
1973 2526 2041 2562 pali-

446 2574 554 2601 nodiam
565 2582 662 2601 canere
678 2578 817 2609 cogantur.
830 2574 887 2604 Qua
897 2574 924 2600 in
937 2582 965 2600 re
977 2574 1107 2608 tegendus
1124 2574 1263 2600 lli-:Smers
1278 2573 1388 2600 Mutum
1401 2573 1427 2600 in
1437 2581 1485 2600 sua
1494 2572 1615 2607 History
1629 2573 1663 2606 of
1671 2572 1755 2600 Latin
1773 2572 1975 2606 Christianity,
1985 2575 2039 2598 etc.

445 2618 571 2650 (Londini
587 2619 731 2653 1854-5&
751 2627 802 2645 nec
817 2626 869 2645 non
886 2617 1036 2645 Ronanus
1056 2618 1210 2651 FERGUSON,
1229 2618 1346 2651 Luelter,
1363 2619 1407 2644 his
1423 2618 1516 2652 times,
1533 2618 1684 2645 character
1699 2617 1758 2643 and
1776 2617 1867 2644 works
1886 2615 1935 2651 [th.
1952 2615 2041 2649 1848),

446 2667 473 2691 et
487 2664 513 2690 S.
531 2664 562 2690 Α.
580 2663 600 2690 l.
618 2671 654 2690 m:
671 2663 967 2695 Rei-:vER—Gaoxmxs,
984 2663 1119 2690 Diaei-ibe
1136 2663 1167 2690 in
1183 2663 1268 2690 Ιοαη.
1288 2663 1391 2697 Wiclisi
1410 2662 1513 2696 vitam,
1528 2662 1693 2696 ingenium,
1707 2661 1818 2696 scripta
1833 2660 1938 2696 (Ultrai.
1952 2659 2041 2695 1837).
