2180 3205
182 263 277 292 An.c.
298 265 364 292 1¹75

180 329 200 345 et
219 324 240 345 S.
261 324 284 345 R.
305 325 362 347 Eccl.

199 356 337 377 cardinalium

181 385 360 413 subscriptiones.

432 255 502 287 778

427 319 494 364 Ego
516 317 658 352 Ubaldns
679 315 836 351 Ostiensis
857 314 1027 362 episcopus
1049 326 1090 348 ss.

977 259 1164 283 conanimi
1186 258 1349 282 ROMANUM

1472 313 1621 349 LXXIX.

425 376 493 421 ESO
514 374 697 409 Besnffl'dus
726 373 911 408 P0fffle¹¹s¹5
938 380 969 407 et
994 371 1128 407 sancum
1173 387 1328 420 Concessio
1367 388 1623 433 privileqiormn,
1663 393 1690 420 et
1727 387 1921 432 confirmatio

374 432 509 467 Rnlinae
531 433 701 479 episcopus
723 445 764 466 ss.

423 490 489 535 Ego
511 489 682 525 Gualterus
706 489 897 524 Albanensis
924 487 1020 535 episc.
1044 499 1087 522 ss.

421 547 490 593 Ego
517 547 651 582 Ioannes
686 547 900 594 preslncard.
924 546 974 581 Ss.
999 545 1127 580 Ioannis

371 613 400 639 et
424 605 512 640 Pauli
538 606 583 640 tit.
614 605 808 641 Pamniachii
836 617 877 639 ss.

1218 437 1367 470 bonorum
1389 438 1524 470 omnium
1540 437 1715 470 Bnlneolen.
1730 437 1920 477 monasterii,

1218 487 1302 529 quod
1329 488 1383 519 sub
1409 487 1498 520 Sedis
1520 486 1714 530 Apostolicac
1737 486 1922 530 protectione

1216 536 1381 580 suscipitur
1401 537 1456 579 (1).

1436 603 1651 635 ΞΠΜΜΑΠΙΗΜ

421 663 489 709 Ego
512 663 645 699 loannes
681 663 843 712 presbyter
878 661 1049 698 cardinalis
1077 661 1124 695 tit.
1168 665 1335 696 Exordium.
1353 684 1391 688 —-
1413 666 1623 696 Monasterium
1643 666 1733 696 hocce
1756 665 1810 695 sub
1833 665 1918 696 Sedis

370 719 404 755 S.
434 722 617 757 Anastasiac
644 735 687 757 ss.

420 779 487 826 Ego
515 780 664 815 Albertus
687 779 790 827 presb.
824 778 908 814 card.
938 779 984 812 tit.
1015 776 1122 811 Sancti

370 836 529 872 Laurentii
558 838 588 872 in
617 837 737 872 Lucina
759 850 802 872 ss.

417 894 485 941 Ego
506 895 700 930 Guillelnius
726 895 889 942 presbyter
910 893 994 928 card.
1019 893 1064 926 tit.
1088 892 1122 926 S.

368 952 453 987 Petri
481 954 518 988 ad
543 954 674 988 Vincula
697 966 739 988 ss.

416 1011 484 1057 Ego
510 1012 592 1047 Boso
615 1011 719 1059 presb.
743 1011 827 1046 card.
852 1009 1122 1045 &pudentianae

368 1070 412 1102 tit.
443 1070 580 1105 Pastoris
602 1083 644 1105 ss.

416 1128 483 1173 Ego
506 1128 639 1162 loannes
663 1127 825 1176 presbyter
847 1126 1017 1161 cardinalis
1040 1124 1119 1160 tituli

365 1186 471 1221 Sancti
494 1186 590 1220 Marci
614 1199 656 1221 ss.

414 1244 480 1290 Ego
501 1244 677 1279 'l'lieoditus
704 1243 867 1291 presbyter
894 1241 1063 1277 cardinalis
1085 1241 1118 1276 S.

364 1302 474 1337 Vitalis
503 1310 510 1336 t
517 1330 575 1336 .....

413 1360 482 1406 Ego
504 1360 687 1395 Manli-edus
715 1359 876 1407 presbyter
898 1358 1068 1393 cardinalis
1084 1359 1117 1393 S.

363 1418 520 1453 Caeciliae
547 1431 590 1453 ss.

414 1476 481 1522 Ego
508 1476 622 1511 Petrus
657 1476 821 1524 presbyter
844 1475 1014 1510 cardinalis
1039 1474 1117 1509 tituli

363 1534 396 1568 S.
421 1534 587 1569 Snsannae
609 1548 652 1570 ss.

410 1593 480 1639 Ego
501 1592 651 1627 Vivianns
680 1592 845 1640 presbyter
879 1591 1115 1638 cardinalistit.

361 1650 395 1685 S.
418 1650 571 1698 Stephani
598 1652 628 1685 in
657 1651 768 1685 Coelio
790 1650 897 1684 Monte
924 1663 966 1684 ss.

410 1708 478 1755 Ego
495 1708 628 1757 Cyntius
645 1710 800 1743 diaconus
821 1708 990 1743 cardinalis
1008 1707 1115 1742 Sancti

361 1767 492 1801 Adriani
519 1779 561 1801 ss.

410 1825 480 1871 Ego
507 1824 579 1871 Ugo
605 1825 758 1859 diaconus
788 1823 957 1859 cardinalis
991 1822 1024 1857 S.
1052 1822 1117 1856 En-

361 1883 471 1918 stacliii
496 1883 579 1918 iuxta
601 1883 770 1930 Templum
793 1882 953 1929 Agrippae
974 1894 1017 1916 ss.

411 1941 477 1988 Ego
499 1941 668 1976 Rainerins
703 1941 784 1976 diac.
813 1940 899 1975 eard.
930 1940 964 1975 S.
987 1939 1114 1987 Georgii

360 1999 398 2035 ad
420 1999 534 2035 Velum
554 1999 696 2034 Aureum
725 2012 768 2034 ss.

411 2058 478 2104 Ego
499 2057 631 2093 Ardicio
646 2058 798 2092 diaconus
819 2055 986 2091 cardinalis
1008 2055 1115 2091 Sancti

361 2116 519 2152 Theodori
553 2128 596 2151 ss.

413 2175 478 2221 Ego
505 2175 652 2209 Vitellius
679 2173 833 2208 diaconus
867 2172 1034 2208 cardinalis
1062 2172 1114 2208 Ss.

361 2232 463 2279 Sergii
491 2241 520 2267 et
546 2232 674 2267 Bacclii.

412 2290 527 2325 Datum
549 2289 713 2336 Anagniae
740 2301 795 2336 per
825 2301 952 2323 manum
975 2287 1115 2323 Gratiani

363 2357 488 2383 sanctae
515 2348 676 2383 Romanae
701 2347 862 2382 Ecclesiae
884 2346 1069 2381 subdiaconi
1086 2354 1116 2381 et

363 2406 488 2450 notarii,
515 2418 567 2440 xlx
595 2405 656 2441 kal.
693 2405 863 2450 februarii,
897 2404 1007 2439 indict.
1042 2417 1115 2446 vui,

364 2464 586 2499 incarnationis
623 2463 803 2498 dominicae
841 2475 924 2497 anno
965 2474 1115 2504 mchxv,

365 2522 475 2567 pontis.
493 2534 564 2556 vero
575 2520 615 2556 D.
628 2520 799 2556 Alexandri
816 2520 880 2554 PP.
896 2519 939 2554 ΙΙΙ
953 2532 1035 2554 anno
1048 2532 1114 2554 xvi.

402 2589 463 2619 Dat.
482 2590 528 2621 dic
548 2591 584 2621 ti
602 2591 729 2620 ianuarii
751 2599 828 2621 anno
849 2589 965 2620 Domini
989 2590 1076 2628 1175,

607 2644 684 2678 pont.
711 2649 786 2668 anno
814 2647 868 2667 xvi.

1207 710 1392 748 Apostolicae
1408 711 1588 750 protectione
1603 710 1726 749 recipit3
1739 727 1779 732 —
1793 710 1824 740 Ei
1843 710 1918 740 bona

1206 755 1303 784 onmia
1327 755 1490 792 confirmat3
1506 772 1546 777 —
1567 754 1696 789 Quorum
1716 754 1826 793 potiora
1851 764 1920 793 pro-

1207 800 1278 838 priis
1296 800 1446 830 vocabulis
1462 803 1629 835 enumerat;
1646 816 1686 821 —
1699 798 1770 827 Cum
1788 799 1851 828 inre
1868 799 1920 828 ‹le-

1205 844 1360 873 ciinarum.
1377 861 1417 866 —
1434 843 1598 873 Coniersos
1617 848 1742 872 monast.
1765 853 1779 872 a
1799 844 1918 873 nemine

1937 255 1989 286 An.
2008 256 2036 284 C.
2053 249 2119 284 triti

1205 893 1322 927 praeter
1343 888 1458 918 abbatis
1476 887 1652 917 voluntatem
1672 887 1858 924 iudicandos;
1879 905 1920 910 —
1950 895 1954 899 ·

1205 932 1349 962 Abbatem
1367 942 1433 962 vero
1453 933 1549 972 ipsum
1569 942 1584 962 a
1607 932 1678 961 solis
1698 932 1849 962 monacbis
1865 933 1919 963 eli-

1204 977 1332 1013 gendum
1366 976 1505 1006 declarat.
1535 993 1575 998 —-
1604 974 1779 1006 Omnimodo
1817 977 1919 1007 eximit

1204 1020 1239 1050 ab
1264 1022 1402 1059 episcopo
1425 1020 1481 1049 loci
1501 1021 1587 1050 etiam
1612 1020 1706 1059 quoad
1739 1029 1837 1050 sacras
1864 1030 1916 1050 or-

1203 1065 1380 1095 dinationes.
1401 1082 1441 1087 —
1467 1063 1655 1103 sepulturam
1675 1064 1748 1094 inibi
1778 1064 1835 1094 sibi
1860 1074 1916 1104 po-

1202 1119 1272 1139 nere
1295 1108 1434 1138 omnibus
1457 1109 1602 1139 concedit.
1623 1125 1663 1130 —
1683 1108 1835 1139 Decretum
1859 1109 1918 1139 im-

1203 1154 1354 1183 munitatis
1380 1163 1395 1182 a
1419 1162 1606 1192 quacumque
1629 1157 1746 1183 externa
1770 1153 1915 1183 molestia.

1200 1215 1240 1220 —
1263 1198 1372 1228 Solitae
1395 1197 1558 1227 clausulae.
1575 1214 1616 1219 —
1633 1197 1790 1227 Alexandri
1810 1198 1864 1228 PP.
1888 1203 1916 1228 et

1201 1242 1230 1272 S.
1252 1242 1284 1272 R.
1307 1242 1385 1272 Eccl.
1403 1242 1598 1272 cardinalium
1619 1242 1865 1281 subscriptiones.

1160 1305 1292 1335 Alexander
1313 1306 1434 1344 episcopus
1457 1314 1535 1335 servus
1550 1314 1666 1335 serrorum
1682 1304 1733 1342 Dei,
1753 1304 1846 1335 dilectis
1862 1305 1916 1335 liliis

1200 1349 1336 1389 Rayinundo
1358 1348 1435 1379 abbati
1461 1349 1595 1379 monasterii
1622 1350 1699 1379 Sancti
1728 1349 1838 1388 Stephani
1859 1349 1914 1379 Bal-

1200 1394 1325 1431 neolcnsis,
1345 1394 1441 1432 eiusque
1462 1393 1578 1431 fratribus,
1601 1397 1647 1423 tani
1663 1393 1822 1433 praesentibus
1844 1403 1913 1432 quam

1199 1437 1288 1476 intui-is,
1305 1439 1328 1468 in
1346 1442 1494 1477 perpetuum.

1209 1501 1401 1548 Religiosain
1428 1501 1521 1535 vitam
1549 1501 1737 1547 eligentibus
1759 1501 1913 1548 apostoli-

1159 1563 1230 1585 cum
1273 1551 1421 1585 convenit
1456 1550 1566 1585 adesse
1608 1550 1799 1597 praesidium
1816 1578 1824 1591 ‚
1873 1563 1912 1585 ne

1160 1600 1239 1635 sorte
1275 1599 1443 1634 cuiuslibet
1475 1599 1659 1634 temeritatis
1689 1600 1836 1634 incursus
1858 1607 1912 1634 aut

1158 1662 1212 1684 eos
1235 1663 1250 1684 a
1279 1649 1441 1696 proposito
1464 1656 1601 1689 revocet,
1624 1656 1676 1684 aut
1695 1649 1800 1691 robur,
1823 1649 1909 1696 quod

1158 1699 1249 1740 absit,
1279 1711 1386 1733 sacrae
1409 1697 1572 1744 religionis
1599 1698 1758 1744 infringat.
1794 1698 1912 1744 Eapro-

1159 1757 1236 1795 pter,
1260 1748 1365 1782 dilecti
1390 1748 1421 1781 in
1445 1747 1582 1782 Domino
1601 1747 1668 1791 tilii,
1691 1748 1802 1782 vestris
1819 1748 1908 1782 iustis

1159 1797 1421 1844 postulationibus
1455 1798 1627 1832 clementer
1656 1798 1843 1838 annuimus,
1877 1805 1907 1832 et

1957 1522 2077 1544 Exordium.

1937 1764 2087 1786 Mon-asterium

1922 1795 1988 1817 hocce
2009 1796 2046 1817 sni>
2065 1795 2105 1816 Se-

1922 1828 1953 1848 dis
1969 1827 2105 1854 Apostoli«·ae

1158 1847 1331 1894 praefatum
1369 1847 1612 1887 monasterium,
1645 1846 1676 1880 in
1712 1858 1775 1893 quo
1802 1847 1907 1881 (lirino
1922 1859 2106 1884 protectionem-

1159 1896 1328 1943 mancipati
1355 1897 1430 1930 estis
1461 1895 1634 1943 obsequio,
1666 1895 1725 1930 sub
1758 1895 1795 1930 Β.
1824 1895 1906 1930 Petri

1157 1954 1187 1980 et
1211 1953 1314 1980 nostra
1331 1945 1538 1992 'protectione
1558 1945 1761 1992 suscipimus,
1778 1954 1807 1979 et
1821 1957 1908 1993 prae-

1157 1996 1256 2030 sentis
1277 1995 1385 2041 scripti
1408 1994 1572 2041 privilegio
1598 1995 1850 2035 communimus3
1876 1995 1908 2029 in

1158 2045 1266 2091 primis
1287 2044 1443 2090 siquidem
1467 2051 1653 2083 statuentes,
1682 2052 1714 2078 ut
1740 2043 1817 2078 ordo
1843 2056 1909 2078 mo-

1159 2095 1312 2134 nasticus,
1351 2093 1405 2140 qui
1441 2093 1615 2128 secundum
1650 2093 1773 2134 Deum,
1803 2101 1835 2127 ct
1868 2093 1907 2127 B.

1157 2143 1320 2177 Benedicti
1345 2142 1487 2188 regulam
1523 2142 1554 2176 in
1578 2142 1690 2177 eodem
1717 2142 1787 2177 loco
1814 2142 1907 2176 insti-

1157 2200 1244 2227 tutus
1277 2204 1346 2227 esse
1367 2192 1577 2237 dignoscitur,
1605 2193 1766 2239 perpetuis
1788 2191 1906 2226 ibidem

1157 2241 1352 2288 temporibus
1367 2240 1587 2275 inviolabiliter
1602 2241 1796 2276 observetur.
1815 2241 1908 2276 Prae-

1158 2299 1240 2326 terea
1280 2302 1496 2338 quascumque
1535 2290 1768 2337 possessiones,
1807 2302 1907 2337 quae-

1157 2352 1292 2387 cumque
1313 2340 1396 2374 bona
1422 2339 1504 2374 idem
1528 2340 1752 2374 monasterium
1776 2339 1906 2386 imprae-

1157 2390 1328 2424 sentiarum
1368 2390 1447 2424 iuste
1487 2397 1518 2423 et
1553 2389 1703 2424 canonice
1743 2389 1906 2436 possidet,

1156 2447 1210 2473 aut
1237 2439 1268 2473 in
1301 2438 1440 2473 futurum
1463 2438 1669 2473 concessione
1694 2437 1907 2483 Pontificum,

1157 2488 1321 2535 largitione
1344 2499 1453 2534 regum
1478 2488 1524 2522 vel
1540 2487 1729 2534 principum,
1746 2487 1908 2522 oblatione

1157 2537 1311 2579 fidelium,
1333 2549 1388 2572 seu
1410 2536 1479 2572 aliis
1494 2537 1584 2571 iustis
1600 2536 1714 2577 modis,
1731 2545 1908 2584 praestante

1195 2607 1236 2642 (1)
1252 2607 1292 2634 Ex
1312 2606 1413 2634 archiv.
1434 2609 1547 2633 monast.
1569 2606 1650 2633 edidit
1669 2605 1800 2638 Baluzius‚
1827 2605 1906 2632 Marc.

1135 2650 1138 2670 l
1161 2642 1283 2676 Hispan„
1302 2642 1327 2668 in
1343 2642 1470 2677 append„
1484 2651 1509 2668 n.
1522 2642 1581 2667 1167.

1900 1896 1906 1902 ·
1921 1889 1985 1915 cipit:

1935 2305 1956 2326 Ei
1968 2305 2024 2326 bona
2034 2306 2103 2326 onmia

1921 2339 2043 2363 coutirmat;
