2180 3205
166 288 215 313 An.
236 285 264 312 C.
283 285 350 312 ¹123

187 340 331 365 subreptione

167 372 175 384 ι
182 372 250 390 ιηῐῖιιιι
279 369 351 391 pasto-

166 395 234 413 ratem
243 393 350 413 obtinent

181 631 233 650 Hinc
250 629 309 649 citati
325 629 350 648 ad

169 656 299 679 (Tonciliunu

191 1125 304 1150 Causaque
318 1129 355 1145 co-

172 1152 232 1176 gnita
249 1155 356 1172 munaste-

171 1178 205 1198 rio
232 1179 252 1198 S,
282 1177 357 1198 Crucis

172 1205 329 1227 subiiciunturz

202 1669 257 1690 Cum
271 1669 360 1690 decreto

201 1696 348 1716 rest-tutionis

176 1723 209 1741 ιίι-
227 1728 259 1744 ae.
275 1725 298 1742 et
311 1727 361 1748 poe-

178 1754 218 1768 nae
232 1754 362 1769 excommu-

177 1776 296 1795 nicationis
323 1776 361 1795 do-

177 1807 218 1829 nec
232 1802 258 1821 ad
277 1802 362 1822 abbatis

178 1828 200 1849 S.
217 1828 294 1849 Crucis
311 1829 362 1849 ohe-

176 1855 282 1876 dientiam
290 1860 363 1876 rever-

176 1885 257 1902 (antur.

182 2307 258 2327 {janni
268 2307 364 2328 Pl’.sub-

181 2334 280 2360 scriptio.

432 263 501 295 552

382 327 654 373 Engolismensein
693 318 876 367 episcopum
913 324 1131 365 perrexeruut,

380 384 410 409 ct
441 375 480 410 ab
507 387 543 408 eo
571 373 688 417 virgam
719 368 908 417 quamdam,
943 366 1130 413 pastoralem

380 424 508 466 dictam,
535 420 723 469 quibusdam
753 416 1014 464 subreptionibus
1039 427 1132 449 acce-

382 481 510 519 perunt:
535 471 624 506 cuius
639 470 740 515 virgae
753 467 919 502 occasione
937 464 1130 499 &stacten-ii

379 522 543 557 ecclesiam
571 532 624 567 per
658 530 691 552 se
718 516 874 551 abbatiam
901 527 970 549 esse
1003 513 1129 547 liberam

381 571 546 605 voluerunt
561 597 569 610 ,
611 568 693 602 sicut
733 564 957 600 monasterium
996 563 1131 598 Sanctae

379 620 491 655 Crucis
513 619 629 654 existit.
651 615 776 652 Deinde
799 613 1067 660 archiepiscopus,
1092 611 1129 645 ad

380 679 521 704 nostrum
537 666 706 703 concilium
725 672 884 702 evocatus,
907 674 961 697 eos
978 661 1130 696 mandatis

379 719 444 753 suis
466 727 496 753 et
526 716 655 752 monitis
677 713 827 754 evocavit,
852 720 885 746 ut
903 711 941 746 de
960 719 1131 757 transgres-

379 768 468 802 sione
497 768 554 802 hac
578 767 608 800 iu
632 773 737 800 nostra
761 761 935 810 praesentia
958 759 1130 807 responde-

381 826 458 851 rent.
499 816 581 851 Cum
618 823 723 850 autem
759 812 882 858 utrique
918 809 956 844 ad
992 817 1128 843 nostram

382 866 589 913 praesentiam
629 862 810 901 venissetis,
851 868 880 894 et
910 859 952 893 illi
989 870 1004 892 a
1040 857 1131 892 uobis

382 916 525 950 inducias
548 913 770 961 postulassent,
796 910 878 945 diem
907 907 1032 954 utrique
1052 907 1129 953 parti

382 965 598 1011 praefiximus,
621 974 682 1008 qua
704 972 807 996 coram
831 957 921 993 nobis
950 965 979 991 et
1017 957 1132 990 nostris

381 1014 528 1048 fratribus
549 1010 745 1059 querimonia
772 1008 938 1054 sopiretur.
968 1005 1024 1040 Die
1039 1005 1132 1051 igitur

381 1063 549 1098 constituta
573 1073 626 1095 ros
647 1059 791 1099 affuistis,
814 1056 870 1092 scd
889 1055 984 1090 altera
1008 1067 1078 1100 pars
1097 1066 1131 1089 se

380 1126 396 1147 a
410 1120 516 1147 nostro
539 1117 708 1157 conspectu
727 1106 912 1142 absentavit.
933 1104 1030 1138 Nobis
1045 1115 1130 1149 ergo,

381 1170 409 1196 et
438 1161 584 1196 fratribus
607 1158 732 1198 nostris,
755 1157 873 1191 iustum
894 1162 925 1189 ct
948 1152 1131 1188 rationabile

382 1211 481 1245 visum
505 1219 567 1250 cst,
591 1217 623 1243 ut
644 1219 748 1253 neque
776 1217 830 1240 vos
863 1211 961 1238 vestra
993 1201 1131 1237 fraudari

382 1260 510 1302 iustitia,
539 1270 640 1305 neque
667 1257 710 1291 illi
734 1255 773 1290 de
794 1266 850 1289 sua
877 1252 1060 1287 debuissent
1082 1252 1131 1286 lu-

382 1310 459 1344 crari
482 1309 634 1343 absentia.
662 1305 782 1341 Idcirco
797 1304 826 1338 in
842 1301 979 1350 generali
1003 1301 1132 1335 fratrum

385 1367 563 1393 nostrorum
595 1356 817 1403 episcoporum
851 1360 881 1386 et
908 1351 1132 1390 cardinalium,

383 1417 413 1442 et
439 1408 572 1443 aliorum
608 1405 932 1451 archiepiscoporum,
960 1400 1133 1447 episcopo-

385 1469 470 1497 rum,
493 1455 661 1494 abbatum,
688 1465 724 1488 ac
747 1452 963 1498 religiosorum
996 1450 1133 1484 virorum

384 1506 531 1546 concilio,
558 1503 824 1541 collaudavimus,
855 1509 887 1534 ut
914 1498 1070 1546 praedicta
1099 1497 1132 1532 S.

383 1555 533 1590 Macharii
557 1553 706 1590 ecclesia,
739 1551 820 1585 sicut
841 1549 880 1584 ab
907 1547 1037 1594 antiquo
1059 1546 1133 1586 snit,

385 1605 424 1639 ita
458 1605 486 1638 in
517 1610 677 1650 posterum
713 1601 744 1634 in
773 1599 865 1633 vestri
895 1596 1073 1632 monasterii
1096 1596 1134 1630 sit

385 1652 563 1688 obedientia
597 1659 627 1685 et
654 1648 860 1696 dispositione
895 1646 1054 1681 subiecta:
1084 1645 1135 1679 ille

385 1715 457 1737 vero
485 1701 628 1739 baculus,
655 1700 719 1734 sire
736 1696 950 1744 subreptionis
973 1695 1075 1741 virga,
1103 1695 1133 1728 in

386 1760 523 1786 vestrum
551 1749 726 1784 dominium
750 1747 919 1792 redigatur,
951 1753 979 1779 et
1008 1756 1047 1779 ne
1072 1743 1136 1778 ali-

385 1800 469 1848 quod
497 1800 535 1834 de
556 1807 678 1833 caetero
697 1796 879 1831 scandalum
905 1802 1037 1833 moveat,
1065 1805 1136 1828 om-

386 1849 651 1894 niuorl'rangatur.
682 1847 716 1881 Si
740 1845 811 1892 quis
837 1852 940 1878 autem
968 1843 1049 1877 hanc
1075 1854 1133 1876 no-

387 1907 481 1933 stram
504 1906 535 1932 et
555 1896 708 1943 generalis
730 1893 853 1929 concilii
877 1892 1134 1927 constitutionem

385 1947 687 1982 etcollaudationem
696 1943 797 1990 aliqua
812 1941 969 1977 temeritas
987 1944 1030 1984 (l)
1046 1940 1138 1974 infre·

385 1998 476 2043 gerit,
487 1991 877 2041 SanctiSpiritusiudicio,
891 1999 920 2025 et
930 1989 1134 2035 indignationi

385 2046 478 2081 Sedis
517 2043 716 2091 Apostolicac
759 2040 944 2076 subiacebit.
987 2038 1136 2073 Monachi

386 2103 491 2130 antem
515 2093 621 2128 Sancti
634 2091 783 2127 Macharii
799 2088 1136 2131 excommunicatione,

386 2158 446 2191 qua
481 2157 496 2178 a
523 2143 614 2177 nobis
650 2150 679 2176 et
718 2139 956 2186 archiepiscopo
995 2137 1135 2184 percussi

387 2202 472 2237 sunt,
494 2191 615 2227 tamdiu
637 2198 812 2233 teneantur,
835 2188 935 2222 donec
962 2186 1001 2221 ad
1020 2186 1138 2221 abbatis

387 2243 420 2277 S.
446 2242 557 2277 Crucis
575 2239 784 2275 obedientiam
813 2244 1018 2272 revertantur.

436 2292 508 2327 EGo
517 2291 680 2326 Camxrns
688 2288 858 2323 catholicae
868 2286 1027 2321 Ecclesiae
1038 2284 1135 2331 episc.

435 2341 551 2375 Datum
580 2338 724 2374 Laterani
756 2349 812 2384 per
837 2347 964 2370 manum
992 2333 1138 2380 Hugonis

389 2390 422 2424 S.
446 2389 484 2424 R.
509 2390 545 2424 E.
565 2387 657 2424 subd.
682 2400 719 2422 ιιι
742 2385 935 2432 kal.aprilis,
954 2383 1019 2418 ind.
1043 2395 1066 2422 1,
1089 2383 1138 2416 in-

389 2447 505 2473 carnat.
533 2437 710 2472 dominicae
738 2447 820 2470 anno
842 2445 982 2474 mcxxui,
1010 2431 1138 2478 pontifi-

390 2496 477 2521 catus
498 2495 602 2522 autem
636 2486 676 2521 D.
703 2484 816 2520 Calixti
843 2482 974 2519 secundi
1002 2481 1082 2522 PR,
1105 2493 1136 2514 v.

450 2543 510 2573 Dat.
530 2544 576 2573 die
593 2543 632 2573 30
654 2542 749 2571 martii
769 2550 844 2570 auno
860 2539 975 2570 Domini
998 2537 1080 2574 1123,

641 2585 744 2625 pontis.
766 2594 842 2615 anno
860 2593 885 2613 v.

427 2643 467 2680 (l)
486 2643 606 2671 Forsitan
628 2644 783 2668 temeritate.
806 2641 843 2676 (n.
860 2640 899 2676 T.)

961 262 1061 286 mmm
1068 262 1096 284 R}
1104 261 1149 284 CR!
1176 261 1244 283 ΗΘΜ
1251 264 1265 283 ‚t
1272 261 1338 284 Nm!

1491 315 1610 351 xxix.

1175 393 1378 436 Confirmatio
1396 393 1511 425 iuriam
1524 393 1660 425 omnium
1681 393 1924 426 Panormitanae

1432 442 1585 475 Ecclesiae
1606 443 1662 485 (1).

1440 513 1654 544 SUMMARIUM

1172 580 1338 610 Exordium.
1356 598 1395 602 —
1409 580 1626 610 Conni-mantin·
1644 579 1746 610 Pauor.
1770 580 1921 610 Ecclesiae

1213 623 1287 653 hona
1312 625 1420 658 omnia,
1439 625 1770 663 pertinentiae‚etc.;—
1787 624 1923 654 Donatio-

1214 678 1265 697 nes
1292 669 1475 708 principum,
1503 674 1531 698 et
1558 669 1715 709 diplomata
1734 668 1922 698 Pontificum.

1212 730 1250 734 —
1268 712 1353 743 Petro
1370 713 1499 753 archiep.
1518 714 1640 753 pallium
1654 714 1839 750 conceditur3
1854 721 1923 743 cum

1213 758 1291 795 gravi
1314 758 1516 787 adhortatione
1554 766 1588 787 ex
1625 757 1746 787 materia
1777 756 1860 796 ipsa,
1894 760 1923 786 et

1213 802 1353 839 dignitate
1369 802 1449 841 pallii
1461 802 1594 832 eiusdem
1607 801 1770 839 desumpta.
1784 816 1823 823 —
1837 799 1924 830 Clau-

1213 848 1295 877 sulae
1328 847 1563 876 confirmatoriae
1594 847 1718 885 paginae
1752 845 1851 875 huius.
1882 861 1921 867 —

1212 892 1312 922 Calixti
1336 891 1389 921 PP.
1409 891 1596 930 subscriptio.

1171 957 1275 987 Calixtus
1298 958 1416 996 episcopus
1430 965 1508 986 sertus
1522 965 1638 986 servorun]
1652 955 1703 994 nei,
1715 954 1843 984 venerabili
1858 954 1922 984 lratri

1212 1001 1281 1030 Petro
1299 1001 1481 1040 archiepiscopo,
1499 1009 1512 1029 a
1530 999 1596 1030 nobis
1617 999 1645 1029 dc
1667 999 1805 1037 Squillatina
1820 999 1923 1029 Ecclesia

1213 1047 1235 1075 in
1269 1046 1457 1075 Panormitanani
1491 1044 1610 1081 translato,
1637 1044 1732 1081 eiusque
1754 1041 1924 1072 succesoribus

1212 1091 1323 1120 canonice
1346 1089 1501 1126 instituendis,
1522 1089 1544 1118 in
1566 1091 1712 1127 perpetuum.

1223 1156 1315 1191 lustis
1337 1155 1415 1190 votis
1440 1166 1603 1189 assensum
1627 1153 1788 1201 praebere,
1817 1153 1923 1188 iustis-

1173 1218 1234 1252 que
1271 1205 1475 1252 petitionibus
1508 1215 1600 1238 aures
1634 1202 1839 1238 accomodare
1865 1214 1924 1237 nos

1173 1255 1332 1298 convenit,
1358 1254 1424 1302 qui,
1452 1253 1524 1288 licet
1551 1252 1687 1298 indigni,
1715 1252 1850 1286 iustitiae
1870 1263 1925 1286 cu-

1174 1304 1279 1339 stodes
1300 1311 1392 1350 atque
1416 1315 1584 1350 praecones
1607 1302 1637 1336 iu
1655 1301 1777 1336 excelsa
1799 1308 1923 1347 aposto-

1175 1354 1274 1388 lorum
1305 1353 1482 1400 principum
1513 1352 1595 1386 Petri
1624 1359 1654 1385 et
1678 1350 1765 1385 Pauli
1793 1350 1922 1397 specula

1177 1403 1286 1447 positi,
1317 1402 1455 1437 Domino
1483 1402 1670 1448 disponente
1697 1399 1922 1446 conspicimur.

1174 1452 1252 1486 Tuis
1284 1452 1392 1498 igitur,
1421 1451 1514 1486 frater
1546 1451 1576 1484 in
1606 1448 1733 1484 Christo
1763 1449 1924 1484 carissime

1176 1501 1266 1535 Petre
1296 1501 1553 1547 archiepiscope,
1587 1499 1678 1533 iustis
1717 1498 1924 1545 petitionibus

1176 1559 1361 1590 annuentes,
1382 1557 1521 1584 sanctam
1538 1548 1792 1583 Panormitanam
1809 1547 1925 1582 Eccle-

1175 1600 1265 1639 siam,
1287 1599 1336 1634 cui
1360 1607 1486 1633 auctore
1508 1598 1658 1638 Domino,
1682 1609 1736 1643 per
1759 1609 1816 1631 nos
1833 1596 1924 1631 insti-

1178 1656 1262 1683 tutus
1280 1647 1449 1695 praesides,
1463 1647 1648 1682 auctoritate
1668 1645 1762 1681 Sedis
1783 1645 1924 1692 Aposto-

1177 1698 1253 1732 licae
1280 1697 1532 1737 cominuninms;
1567 1696 1736 1731 statuimus
1767 1695 1868 1735 euim,
1891 1703 1926 1730 ut

1177 1747 1382 1786 Panormum,
1404 1745 1645 1788 Misiliminnm,
1678 1743 1923 1785 Cornelianum,

1177 1796 1298 1831 Bicaris
1330 1799 1392 1839 (2),
1441 1795 1576 1829 Therme
1613 1806 1687 1828 cum
1726 1793 1925 1841 pertinentiis

1177 1845 1255 1889 suis,
1277 1853 1307 1880 et
1330 1844 1554 1892 possessiones,
1581 1852 1611 1878 et
1632 1843 1748 1887 coloni,
1771 1842 1925 1884 decimae,

1177 1903 1208 1929 et
1228 1894 1418 1941 episcopalia
1445 1893 1511 1928 iura
1533 1893 1633 1940 ipsius
1661 1892 1837 1939 parochiae,
1868 1903 1926 1926 nec

1179 1956 1240 1978 non
1261 1951 1291 1978 et
1313 1943 1418 1978 omnia
1450 1954 1532 1989 quae
1565 1950 1664 1976 terrae
1695 1941 1868 1988 principes,
1895 1949 1927 1975 et

1178 1993 1227 2027 alii
1257 1992 1366 2027 fideles
1392 1991 1447 2026 viri
1464 1991 1503 2027 de
1524 1991 1590 2026 iure
1611 2002 1669 2025 suo
1696 1991 1796 2026 eidem
1818 1989 1928 2025 Eccle-

1178 2043 1240 2077 siae
1263 2041 1482 2085 contnlerunt,
1517 2048 1547 2076 et
1568 2052 1649 2088 quae
1680 2040 1740 2087 ipsi
1761 2039 1925 2074 Ecclesiae

1179 2092 1246 2126 iure
1272 2092 1401 2138 antiquo
1421 2090 1578 2138 pertinere
1599 2089 1756 2133 videntur,
1778 2089 1883 2136 quieta
1897 2096 1928 2123 et

1179 2141 1291 2179 libera,
1328 2141 1358 2174 in
1393 2148 1444 2174 tua
1477 2147 1668 2186 tuorumque
1705 2138 1926 2173 successorum

1179 2191 1295 2225 ditione
1317 2189 1510 2224 auctoritatis
1526 2196 1651 2223 nostrae
1669 2188 1841 2223 assertione
1860 2198 1928 2233 per-

1179 2247 1341 2279 maneant,
1364 2250 1491 2273 omnem
1506 2249 1632 2284 quoque
1645 2237 1832 2279 libertatem,
1847 2247 1928 2282 quae

1178 2301 1195 2323 a
1219 2287 1513 2335 praedecessoribus
1551 2286 1667 2320 nostris
1696 2294 1822 2321 sanctae
1858 2296 1927 2319 tue-

1179 2338 1298 2372 moriae
1334 2336 1514 2371 Alexandro
1545 2335 1586 2379 II,
1619 2335 1771 2381 Gregorio
1805 2333 1862 2379 Vll
1895 2342 1927 2368 et

1180 2386 1331 2430 Paschale
1354 2386 1391 2425 ll,
1418 2385 1457 2420 R.
1480 2385 1518 2420 E.
1546 2384 1765 2424 Pontificibus,
1793 2382 1928 2429 praede-

1179 2436 1358 2470 cessoribus
1381 2435 1442 2470 tuis
1465 2434 1694 2469 panormitanis
1719 2432 1928 2478 archiepisco-

1181 2485 1228 2531 pis
1250 2484 1422 2519 Nicodeino
1457 2491 1488 2518 et
1532 2482 1697 2522 Ale-herio,
1731 2488 1762 2516 et
1789 2493 1844 2528 per
1871 2492 1926 2515 eos

1181 2534 1420 2568 panormitanae
1448 2532 1609 2567 Ecclesiae
1631 2542 1779 2565 concessa
1806 2529 1929 2577 digno—

1215 2598 1254 2633 (l)
1275 2599 1312 2624 Ex
1329 2602 1393 2625 tom.
1411 2605 1419 2623 ι
1435 2597 1506 2623 Sicil.
1524 2596 1583 2623 Sac.
1598 2595 1762 2626 Roccil‘irri,
1778 2595 1820 2621 ubi
1832 2594 1864 2621 de
1874 2595 1929 2622 No-

1181 2638 1235 2664 titia
1245 2637 1372 2664 Ecclesiae
1384 2637 1527 2663 Panormit.
1560 2635 1599 2670 (ἢ)
1616 2635 1682 2670 Lege
1693 2636 1816 2661 Biscarts.
1835 2634 1873 2670 (n.
1887 2635 1928 2670 τ.)

1945 267 1994 294 An.
2013 267 2040 296 C.
2060 265 2127 297 1'123

1978 1179 2106 1200 Exordium.

1973 1472 2138 1494 confirmantur

1963 1499 2131 1520 Panormita-ne

1954 1526 2064 1547 Ecctesiae
2081 1527 2138 1547 bom

1954 1553 2045 1578 omnia,
2073 1553 2139 1579 perti-

1955 1580 2053 1605 nentiae,
2068 1583 2110 1600 etc.

1983 1915 2114 1938 Donationes

1957 1941 2091 1968 principum,
2119 1947 2141 1964 et
2178 1943 2180 1949 ¹

1956 1968 2074 1993 diplomata
2084 1970 2139 1992 Pou-

1957 1995 2048 2017 titieum.
