2180 3205
151 527 229 549 Horum
242 527 309 547 bono-

151 566 196 580 rum
211 558 314 580 nonnulla

138 592 173 612 hie
191 595 321 611 enumeran-

150 911 263 933 Deci-etum
278 912 307 932 ti-

145 944 234 965 heristis
244 946 306 969 atque

158 975 295 996 immunitatis

152 1319 231 1341 Solitae
247 1319 308 1340 elau-

196 1351 262 1372 sulae.

153 1430 273 1452 Innocenti'i
281 1429 322 1450 PP.

140 1533 161 1550 et
175 1528 195 1549 S.
211 1527 234 1548 R.
248 1527 324 1548 Eccle-

153 1561 196 1580 siae
211 1559 311 1579 cardina-

153 1591 201 1611 tium
217 1590 309 1610 subscri-

179 1623 272 1648 ptiones.

336 287 406 310 rum
436 274 641 310 concessione
674 272 886 316 Pontificum,
922 272 1085 318 largitione

336 336 444 370 regum
468 323 514 358 vel
537 322 728 370 principum,
755 321 912 357 oblatione
935 322 1085 362 fidelium,

335 385 390 408 seu
405 373 473 407 aliis
494 373 584 406 iustis
601 372 715 415 modis,
740 379 918 418 praestante
936 371 1085 415 Domino,

337 423 450 469 poterit
469 421 613 468 adipisci,
637 420 725 455 firma
748 421 836 456 vobis
850 421 879 454 in
895 429 1084 467 perpetuum

335 480 365 505 et
393 470 509 505 illibata
545 478 764 519 permaneant:
799 470 830 504 in
858 470 973 517 quibus
1006 470 1086 504 haec

336 521 471 567 propriis
504 519 652 554 duximus
678 519 883 566 exprimenda
910 519 1084 554 vocabulis:

337 569 458 616 plebem
482 569 625 604 videlicet
646 568 680 603 S.
713 569 861 604 Iohannis
882 569 921 603 dc
943 569 1085 608 Civitate,

336 618 460 665 plebem
482 617 515 653 S.
537 618 654 653 Mariae
681 618 819 659 Serrata,
842 618 965 666 plebem
984 618 1023 651 de
1038 617 1088 651 Li-

335 668 459 708 sciano,
495 668 617 714 plebem
652 667 686 702 S.
722 668 838 702 Mariae
871 668 909 701 de
942 667 1087 702 Gadiano

335 729 407 751 cum
431 717 521 764 plebe
547 717 581 752 S.
604 717 718 751 Donati
741 726 770 751 et
792 717 826 752 S.
855 717 988 756 Viriani,
1021 716 1087 763 ple-

335 765 406 800 bem
434 766 468 801 S.
497 766 649 806 Gervasii,
671 775 791 801 curtem
814 766 853 801 de
877 766 998 806 Lavari,
1013 778 1086 800 cum

334 815 404 850 aliis
430 816 580 850 omnibus
614 815 756 850 ecclesiis
781 828 815 851 ac
844 816 936 849 bonis
963 815 1087 861 praedi-

335 873 403 899 ctae
430 864 590 900 Ecclesiae
612 865 850 912 pertinentibus.
879 864 1087 899 Decernimus

335 931 421 965 ergo,
450 928 484 953 ut
512 919 587 953 nulli
611 919 741 953 omnino
778 919 942 952 homiuum
979 918 1086 955 liceat,

337 973 506 1020 praefatam
540 973 576 1006 B.
612 972 742 1006 Mariani
774 972 940 1006 ecclesiam
971 980 1088 1006 temere

335 1027 530 1074 perturbare.
553 1034 607 1061 aut
624 1027 691 1060 eius
714 1026 931 1072 possessiones
953 1025 1088 1066 auferre,

335 1081 382 1115 vel
402 1081 519 1115 ablatas
541 1082 686 1122 retinere,
711 1081 865 1121 minuere,
887 1092 943 1114 seu
962 1079 1089 1126 quibus-

335 1133 411 1168 libet
433 1134 667 1180 fatigationibus
689 1134 877 1174 molestare3
900 1134 957 1168 sed
983 1133 1088 1168 omnia

336 1188 457 1234 integra
479 1197 706 1223 conserventur
727 1200 849 1229 eorum.
874 1200 929 1234 pro
952 1199 1088 1234 quorum

335 1241 562 1288 gubernatione
584 1249 614 1275 et
641 1242 890 1276 substentatione
918 1249 992 1276 sunt
1013 1253 1090 1275 con-

336 1307 444 1336 cessa,
486 1295 596 1330 usibus
622 1296 816 1330 omnimodis
852 1296 1026 1343 profutura.
1054 1295 1089 1329 Si

337 1362 397 1396 qua
425 1350 520 1395 igitur
545 1359 604 1384 etc.
631 1351 744 1384 Amen.

385 1403 459 1438 Eoo
480 1403 696 1439 lsxocmms
723 1404 895 1439 catholicae
929 1403 1090 1438 Ecclesiae

338 1458 507 1505 episcopus
529 1471 571 1492 ss.

386 1512 455 1558 Ego
476 1511 643 1547 Conradus
657 1511 809 1547 Sabinen.
833 1512 1001 1559 episcopus
1021 1523 1091 1559 pro-

339 1567 405 1613 pria
428 1578 522 1601 manu
550 1566 761 1601 corroboravi.

385 1619 455 1666 Ego
476 1619 591 1654 Petrus
617 1619 702 1654 card.
727 1619 830 1666 presb.
856 1619 890 1653 S.
913 1619 1089 1667 Susannae.

386 1673 454 1719 Ego
480 1672 662 1708 Bernardus
684 1673 789 1720 presb.
820 1673 904 1708 card.
929 1673 962 1708 S.
978 1673 1091 1708 Crucis

337 1728 368 1762 in
391 1727 602 1762 Hierusalem.

386 1782 454 1828 Ego
472 1781 644 1816 Anselmus
661 1780 765 1828 presb.
780 1781 865 1816 card.
881 1781 915 1816 S.
933 1781 1090 1816 Laurentii

338 1836 369 1870 in
393 1835 524 1870 Lucina.

387 1889 457 1935 Ego
471 1889 625 1923 Martinus
647 1889 751 1936 presb.
769 1889 854 1924 card.
877 1889 910 1924 S.
926 1889 1090 1936 Stephani.

387 1942 456 1988 Ego
483 1942 577 1977 Oddo
598 1943 678 1977 diac.
707 1943 792 1978 eard.
816 1942 849 1977 S.
877 1942 1017 1989 Georgii.

388 1995 456 2042 Ego
477 1996 582 2030 Guido
609 1996 690 2031 diac.
713 1997 798 2031 card.
826 1996 877 2032 Ss.
900 1997 1036 2032 Cosmae
1057 2006 1093 2032 et

338 2048 499 2083 Damiani.

388 2103 457 2149 Ego
484 2102 589 2138 Guido
611 2103 692 2139 diac.
721 2105 805 2140 card.
835 2104 868 2140 S.
897 2105 1040 2140 Adriani.

389 2157 458 2204 Ego
480 2158 633 2193 Boethius
667 2159 748 2194 diac.
782 2159 866 2194 card.
895 2159 945 2194 Ss.
972 2159 1036 2194 Viti
1064 2167 1094 2194 et

340 2211 486 2247 Modesti.

390 2266 520 2312 EgoIvo
535 2267 614 2302 diac.
631 2267 716 2302 card.
732 2267 765 2302 S.
780 2268 898 2303 Mariae
915 2268 945 2302 in
961 2268 1092 2315 Aquiro.

390 2320 459 2366 Ego
486 2319 525 2354 G.
549 2319 588 2354 G.
611 2321 696 2355 card.
724 2320 758 2355 S.
782 2322 906 2368 Angeli.

392 2373 460 2419 Ego
487 2373 648 2409 Gerardus
682 2375 761 2410 diac.
799 2375 882 2410 card.
918 2375 952 2410 S.
980 2374 1094 2410 MarIae

342 2426 375 2460 in
397 2426 562 2462 Domnica.

397 2480 510 2514 Datum
531 2481 694 2516 Lateranis
716 2494 772 2529 per
795 2495 908 2517 manns
935 2482 1094 2530 Aymerici

345 2541 471 2567 sanctae
513 2534 675 2570 Romanae
716 2536 879 2570 Ecclesiae
926 2535 1118 2588 cardinalis!

922 219 1106 241 BULmnwu
1131 219 1158 240 ΙΝ
1165 218 1291 240 »ΜΑΝῠΜ

1127 272 1302 306 dominicae
1316 283 1398 305 anno
1413 282 1580 305 mcxxxvn
1596 272 1651 314 (l),
1674 270 1877 317 pontificatus

1128 333 1199 355 vcro
1223 320 1261 354 D.
1284 320 1459 355 Innocentii
1479 320 1583 366 Papae
1599 319 1627 354 II
1648 332 1731 355 anno
1745 332 1790 354 lx.

1179 378 1240 408 Dat.
1264 378 1310 408 die
1332 377 1370 407 223
1389 377 1487 407 martii
1506 386 1581 406 anno
1600 376 1716 407 Domini
1735 377 1821 414 1138,

1375 422 1476 461 pontis.
1499 430 1576 451 anno
1593 429 1632 451 tx.

1432 567 1574 602 XLVIII.

1130 641 1328 684 Prt'vt'leqi'itm
1344 641 1584 685 confirmationis
1599 639 1800 673 donationum
1816 650 1878 672 om-

1177 691 1273 730 nium,
1300 690 1456 733 factarum
1486 690 1670 722 monasterio
1692 689 1878 733 Albaert'pae

1177 740 1375 784 Linyonensis
1396 740 1537 772 dioecesis
1556 739 1611 782 (2).

1393 819 1608 851 SUMMARJUM

1128 892 1295 922 Exordium.
1316 909 1356 914 —-
1379 891 1406 921 S.
1428 890 1571 921 Bernardi
1592 890 1800 920 Claraevallen.
1819 899 1880 920 me-

1170 937 1225 966 rita
1248 937 1278 966 in
1300 936 1405 966 Sedem
1424 937 1633 975 Apostolicam.
1654 954 1694 959 —
1714 935 1792 965 Bona
1812 945 1878 965 mo-

1167 987 1242 1011 nast.
1273 981 1498 1018 confirmantur,
1521 986 1549 1011 et
1570 977 1742 1011 donationes
1766 989 1878 1010 omnes.

1167 1043 1206 1047 —
1229 1025 1337 1055 Solitae
1356 1025 1519 1055 clausulae.

1129 1097 1298 1125 Innocentius
1317 1096 1456 1132 episcopus
1473 1104 1566 1125 servus
1586 1103 1725 1125 servorum
1748 1096 1811 1129 Dei,
1836 1103 1879 1125 re-

1173 1145 1367 1174 verendissimo
1386 1145 1414 1173 in
1431 1146 1538 1174 Christo
1557 1145 1612 1174 filio
1628 1146 1774 1174 Rainhatdo
1787 1146 1880 1175 abbati

1173 1195 1334 1223 monasterii
1348 1195 1516 1231 albaeripae,
1536 1196 1647 1232 suisque
1681 1195 1880 1224 successoribus

1174 1245 1340 1280 regulariter
1364 1245 1571 1278 substituendis,
1591 1245 1620 1273 in
1642 1246 1813 1281 perpetuum.

1179 1312 1214 1346 In
1241 1312 1442 1358 Apostolicae
1469 1311 1563 1347 Sedis
1592 1313 1738 1359 specula,
1766 1312 1880 1360 dispo-

1131 1371 1225 1396 nente
1247 1362 1397 1402 Domino,
1424 1362 1603 1402 constituti,
1630 1370 1718 1396 tanto
1744 1363 1881 1409 amplius

1132 1412 1294 1457 religiosas
1321 1423 1471 1458 personas
1493 1419 1621 1458 paterna
1648 1411 1801 1446 debemus
1815 1413 1881 1458 pie-

1132 1470 1191 1495 tate
1228 1461 1356 1506 diligere
1390 1473 1426 1495 ac
1465 1461 1590 1500 fovere,
1626 1469 1744 1507 quanto
1781 1462 1881 1507 magis

1131 1522 1241 1545 eorum
1272 1510 1466 1544 orationibus
1479 1509 1515 1543 ad
1531 1511 1750 1557 exequendum
1775 1511 1882 1545 iniun-

1132 1568 1216 1594 ctum
1235 1559 1324 1594 nobis
1339 1559 1532 1606 apostolatus
1545 1560 1682 1594 officium
1693 1561 1881 1607 opportunis

1132 1610 1252 1644 solatiis
1283 1609 1444 1650 adiuvari,
1478 1617 1509 1657 et
1537 1609 1567 1643 in
1598 1609 1703 1644 l'uturo
1736 1619 1881 1644 aeternae

1132 1658 1363 1693 benedictionis
1391 1659 1558 1705 participes
1589 1658 1653 1693 fore
1679 1658 1879 1694 confidimus.

1131 1708 1282 1749 Proinde,
1309 1708 1420 1742 dilecte
1438 1709 1470 1742 in
1492 1708 1630 1742 Domino
1646 1707 1688 1742 fili
1708 1708 1881 1743 Rainbalde

1133 1757 1246 1799 abbas,
1281 1758 1397 1792 exorati
1433 1769 1450 1792 a
1484 1757 1646 1792 carissimo
1681 1757 1746 1792 filio
1774 1766 1882 1792 nostro

1132 1807 1293 1841 Bernardo
1329 1806 1529 1841 Claraevallis
1555 1807 1687 1847 abbate,
1725 1807 1765 1842 de
1790 1807 1882 1842 cuius

1133 1856 1284 1902 religione
1300 1864 1393 1903 atque
1417 1857 1582 1902 prudentia
1601 1857 1766 1891 innumera
1792 1869 1882 1891 com-

1133 1907 1225 1940 moda
1252 1914 1377 1940 sanctae
1408 1905 1572 1940 Ecclesiae
1593 1918 1608 1940 a
1631 1905 1770 1941 Domino
1802 1918 1881 1953 pro-

1134 1964 1285 1990 venerunt
1290 1982 1345 1989 .....
1369 1955 1532 1990 desideriis
1558 1955 1731 1990 clementer
1760 1956 1881 1990 annui-

1133 2017 1215 2049 mus,
1238 2013 1267 2039 et
1291 2005 1512 2039 monasterium
1528 2004 1726 2052 Albaeripae,
1748 2006 1797 2040 cui
1813 2005 1882 2040 Deo

1134 2062 1260 2089 anctore
1282 2054 1458 2100 praesides,
1490 2055 1665 2102 praesentis
1689 2055 1796 2102 scripti
1827 2067 1882 2101 pa-

1134 2104 1205 2150 gina
1232 2105 1485 2144 communimus3
1510 2112 1695 2145 statuentes,
1727 2113 1761 2139 ut
1786 2116 1883 2151 quas-

1134 2165 1271 2200 cumque
1293 2154 1520 2200 posscssiones,
1547 2165 1766 2200 quaecumque
1789 2153 1882 2198 bona,

1135 2202 1219 2237 idem
1246 2203 1334 2237 locus
1355 2203 1648 2250 impraesentiarum
1676 2203 1757 2238 iuste
1778 2211 1809 2238 et
1835 2215 1884 2237 ca—

1135 2252 1249 2287 nonice
1272 2252 1427 2298 possidet,
1453 2261 1507 2287 aut
1532 2253 1564 2286 in
1589 2251 1728 2287 futurum
1755 2264 1884 2287 conces-

1135 2302 1225 2336 sione
1262 2301 1469 2342 Pontificum,
1502 2301 1666 2347 largitione
1699 2314 1806 2348 regum
1834 2302 1882 2336 vel

1136 2351 1327 2398 principum,
1355 2351 1513 2386 oblatione
1535 2351 1690 2391 fidelium,
1725 2363 1779 2385 seu
1813 2350 1884 2385 aliis

1137 2401 1226 2435 iustis
1248 2400 1361 2442 modis,
1391 2408 1566 2447 praestante
1592 2400 1742 2445 Domino,
1770 2400 1884 2446 poterit

1135 2449 1283 2497 adipisci,
1310 2450 1399 2484 firma
1421 2450 1474 2485 tibi
1499 2450 1623 2497 tuisque
1649 2448 1884 2484 successoribus

1171 2524 1210 2559 (1)
1228 2525 1294 2558 Lege
1309 2531 1466 2550 ittcxxxviu.
1505 2524 1543 2559 (2)
1561 2524 1631 2550 Inter
1644 2524 1821 2550 Instrumenta
1834 2523 1885 2550 Ec-

1136 2563 1228 2590 clesiae
1240 2564 1410 2598 Lingonensis
1420 2563 1502 2590 edidit
1512 2563 1682 2596 Sammarth.³
1694 2563 1760 2590 Gall.
1774 2562 1884 2596 Christ„

346 2586 539 2633 cancellarii,
556 2601 575 2622 x
592 2589 652 2623 kal.
667 2592 786 2636 aprilis,
805 2589 913 2625 indict.
929 2602 952 2632 ι,
975 2590 1093 2625 incarn.
1113 2596 1119 2646 Ι
1138 2606 1201 2629 tom.
1220 2611 1258 2635 iv,
1275 2604 1326 2630 cot.
1344 2604 1404 2630 169.

1892 218 1940 246 Αη,
1959 217 1987 243 C.
2006 216 2074 248 1158

1925 1348 2045 1370 Exordium.

1921 1828 1942 1849 S.
1958 1827 2057 1848 Rei-nardi

1902 1858 2078 1880 claraevallensis

1908 1887 1987 1912 mei-itai
1998 1890 2019 1910 iu
2034 1888 2072 1909 Si:-

1903 1923 1950 1943 dem
1961 1919 2070 1947 Apostoli-

1962 1957 2015 1972 cam.

1918 2124 1974 2145 Bona
1987 2127 2060 2143 mona-

1910 2156 1970 2177 sterii
1985 2154 2065 2175 coufir-

1896 2190 1986 2211 mantur.
2002 2188 2020 2205 et
2043 2184 2079 2204 do<

1935 2218 2034 2239 nationes

1948 2252 2030 2268 oniueS.
