2180 3205
953 240 1140 264 nuLLAan
1164 241 1327 264 Romnum
1925 242 1974 269 An.
1992 242 2022 270 c.
2040 242 2108 271 ¹156

178 243 230 273 Au.
248 244 359 274 anzo
424 235 495 270 410

680 295 813 330 XXXV.

1164 302 1284 339 septem
1307 293 1354 328 vel
1368 293 1478 331 decem
1492 293 1645 328 militibus
1658 301 1779 329 tantum
1802 295 1911 342 hospi-

1164 344 1218 377 tari
1246 343 1395 383 voluerit,
1418 342 1447 377 id
1474 343 1579 390 ipsum
1606 343 1634 376 ei
1656 344 1785 378 minime
1812 357 1912 392 nega-

374 375 574 421 Confirmali'o
600 374 780 406 concordiae
806 372 901 404 initae
926 371 1005 404 inter
1040 370 1121 403 Hen—

419 427 517 458 ricum
546 424 729 456 Leuc-horum
761 422 933 465 episcopum
959 427 986 454 et
1007 419 1120 453 Frtde-

418 474 515 507 rictam
537 474 673 506 comitem
702 472 872 504 Tullensem
890 472 946 514 tl).

637 547 852 579 SUMMARtUM

368 616 535 649 Exordium.
547 633 587 638 —
597 615 717 645 llenrici
729 613 860 653 episcopi
875 612 1033 642 concordia
1050 621 1116 642 cum

408 661 514 691 comite
532 659 691 695 Fritlerico,
711 667 808 688 coram
825 658 918 695 legato
934 657 1118 696 Apostolicae

409 705 492 736 Sedis
515 704 599 741 sacta,
626 704 824 734 confirmatur.
840 718 881 724 —
902 702 941 731 De
965 702 1049 731 modo
1069 702 1119 731 ho-

407 749 535 789 spitandi
551 749 697 778 comitem.
712 764 752 770 —
767 747 942 785 Perpetuam
965 746 1115 775 silentium

407 793 515 823 suturis
548 792 706 822 comitibus
728 791 847 821 Tullen.
876 791 1047 830 imponitur.
1078 807 1117 812 —

409 838 517 869 Solitae
539 837 701 866 clausulae.

365 908 536 939 Innocentius
555 907 696 943 episcopus
719 913 814 935 servus
838 913 977 934 servorum
996 905 1051 938 Dei.
1071 913 1114 934 ve·

409 958 524 987 nei-abili
546 956 631 985 fratri
650 956 760 984 Henrioo
789 956 950 984 Lenohorum
981 955 1114 990 episcopo.

409 1008 518 1043 eiusque
537 1005 736 1034 suecessoribus
760 1005 886 1033 canonice
916 1005 1113 1040 promovendis.

408 1057 438 1085 in
457 1057 626 1092 perpetuum.

412 1123 534 1159 Statuta
560 1122 691 1157 fratrum
722 1129 901 1156 nostrorum
931 1122 1013 1156 sicut
1035 1122 1112 1157 irra-

363 1173 525 1208 tionabilia
564 1171 718 1206 debemus
755 1171 986 1206 ecclesiasticae
1013 1172 1112 1206 disci-

363 1223 465 1271 plinae
478 1221 690 1256 moderatione
703 1221 877 1266 corrigere,
896 1221 936 1255 ita
952 1220 1112 1255 nihilomi-

362 1285 423 1307 nus
439 1272 585 1307 convenit
612 1283 720 1305 eorum
753 1270 833 1304 bene
861 1279 946 1315 gesta
975 1270 1109 1305 firmare.

361 1321 592 1364 Quamobrem,
632 1319 820 1354 venerabilis
846 1319 939 1354 frater
974 1319 1110 1362 Henrice

361 1373 530 1418 episcope,
568 1381 675 1416 pacem
708 1376 739 1403 et
773 1369 992 1412 concordiam,
1029 1381 1109 1416 quae

363 1429 433 1468 post
469 1420 582 1454 multas
618 1430 747 1465 guerras
785 1425 816 1452 et
855 1418 977 1453 labores
1016 1427 1110 1465 atque

361 1481 514 1516 expensas
536 1470 615 1502 inter
637 1476 666 1502 te
684 1476 715 1502 et
736 1467 874 1502 nobilem
901 1468 1004 1502 virum
1033 1467 1110 1503 Fre-

361 1519 502 1554 dericum
522 1518 668 1553 comitem
689 1517 884 1560 Tullensem,
913 1517 942 1550 in
967 1529 1110 1563 praeseu—

361 1570 402 1603 tia
426 1567 650 1602 venerabilium
680 1566 810 1600 fratrum
844 1574 1022 1600 nostrorum
1052 1567 1109 1601 At-

360 1618 443 1653 cuini
466 1617 603 1663 episcopi
620 1616 753 1651 Sanctae
769 1615 912 1657 Rufinae,
937 1623 1012 1650 tunc
1027 1616 1110 1662 Apo-

361 1665 704 1711 stolicaeSedislcgati‚
722 1665 889 1699 Alberonis
903 1664 1108 1700 Treverensis

176 1742 263 1764 nemci
287 1743 335 1769 epi,
361 1715 601 1762 archiepiscopi,
627 1723 658 1748 et
679 1714 946 1760 suffraganeorum
966 1727 1106 1758 suorum,

163 1775 222 1800 seori
235 1774 347 1809 voncqrdia
362 1765 529 1812 Stephani,
548 1764 694 1798 videlicet
732 1764 900 1804 blemensis,
940 1763 1107 1800 Alberonis

164 1808 347 1861 p,fi{}{‚¹¹„-,{g¹‚¹'¹¹„⁶0-
360 1814 569 1850 Virdnnensis
584 1815 817 1860 episcoporum,
837 1825 959 1847 necnon
975 1814 1105 1849 aliorum

163 1864 515 1919 ‘apgfiwos-*ga-nobilium
554 1864 752 1909 principum,
789 1862 932 1896 videlicet
967 1862 1107 1899 Simonis

175 1903 340 1952 '1⁸22'X‚''⁹00„“nf¹-⁵
361 1914 468 1956 ducis,
507 1912 670 1947 Adelaidis
705 1912 848 1946 ducissae
884 1912 988 1946 uxoris
1014 1925 1105 1954 suae,

215 1962 289 1980 ''mu‘'
359 1963 502 1998 Raiualdi
531 1962 731 1996 Bari-ensium
751 1961 884 2000 comitis,
908 1960 1048 1995 Gualteri
1067 1963 1106 1997 de

359 2012 582 2052 Cundricurte,
605 2010 728 2045 Odonis
749 2011 788 2045 de
802 2010 949 2054 Melaino,
971 2019 1001 2045 et
1022 2007 1105 2046 Petri

359 2062 397 2096 de
424 2061 587 2105 Bresseio,
618 2060 726 2095 Rutile
748 2060 778 2093 iu
808 2059 993 2094 Treverensi
1017 2073 1107 2106 paro-

358 2111 428 2147 chia
451 2111 529 2146 facta
561 2118 622 2154 est,
659 2109 831 2156 praesentis
864 2110 970 2154 scripti
995 2112 1104 2157 pagina

359 2160 583 2195 confirmamus
605 2169 634 2194 et
657 2159 768 2193 futuris
790 2159 983 2204 temporibus
1009 2168 1104 2194 ratam

360 2222 484 2244 manere
519 2209 738 2249 deceruimus3
779 2208 819 2242 ita
846 2207 967 2243 scili'cet
999 2217 1033 2243 ut
1067 2209 1105 2244 de

358 2259 578 2306 hospitalitate,
594 2258 900 2300 seuconsuetudiue,
914 2270 1006 2303 quam
1021 2271 1107 2305 prae-

358 2307 440 2342 fatus
461 2320 567 2343 comes
593 2307 780 2342 Frederieus
802 2307 832 2341 in
852 2307 1029 2353 praebenda
1044 2307 1105 2342 fra-

360 2366 440 2391 trum
475 2357 633 2392 Tullensis
669 2356 828 2391 Ecclesiae
859 2356 918 2390 sibi
952 2369 1104 2403 usurpare

359 2415 465 2440 contra
488 2407 636 2440 iustitiam
653 2406 822 2449 nitebatur,
844 2406 920 2439 nihil
937 2406 995 2440 sibi
1014 2406 1100 2440 ‹lein-

359 2467 433 2501 ceps
454 2469 491 2489 ex
513 2455 619 2490 debito
641 2456 754 2490 audeat
776 2455 942 2489 vindicare.
968 2455 1105 2490 Verum-

359 2511 483 2549 tamen⁷
522 2505 546 2539 si
582 2505 761 2552 praedictus
795 2517 900 2539 comes
936 2504 1103 2539 visceriaci

358 2552 389 2587 in
421 2554 596 2600 praebenda
623 2554 752 2589 fratrum
784 2555 831 2589 bis
860 2554 890 2589 in
921 2566 1003 2589 anno
1030 2567 1102 2589 cum

196 1184 316 1207 Exordium.

393 2624 432 2661 (l)
452 2625 490 2652 Ex
507 2628 569 2652 tom.
592 2633 632 2651 xit
652 2625 750 2652 Concil.

153 2627 163 2671 ..U

1163 392 1266 433 bitur;
1293 392 1346 427 setl
1369 391 1478 426 fratres
1500 391 1642 427 eiusdem
1665 393 1723 427 loci
1749 393 1908 429 substine-

1163 442 1251 482 bunt,
1279 453 1337 476 nec
1362 453 1435 476 eum
1457 441 1571 475 exinde
1594 441 1814 484 molestabunt,
1836 445 1908 479 siin

1162 491 1255 526 domo
1277 490 1405 525 fratrum
1429 491 1597 536 hospitium
1620 492 1782 538 suscipiat,
1804 493 1828 527 si
1852 495 1910 528 mi-

1162 540 1367 575 nisterialium
1389 540 1660 574 administratione
1682 542 1841 587 procurari
1859 555 1908 578 vo-

1162 590 1263 630 luerit,
1299 590 1323 624 si
1351 589 1470 624 nnllam
1505 590 1699 624 exactionem
1734 591 1764 624 iu
1797 591 1906 626 eadem

1161 640 1227 673 villa
1256 639 1300 673 vel
1331 651 1386 685 per
1411 651 1462 682 se,
1498 639 1545 673 vel
1583 651 1638 685 per
1663 638 1758 682 alios,
1787 639 1905 675 fecerit.

1159 687 1340 728 Caeterum,
1355 688 1380 722 si
1396 688 1462 734 ipse
1474 688 1533 723 hoc
1545 688 1717 733 transgredi
1731 689 1774 722 vel
1791 689 1907 725 violare

1160 738 1414 784 praesumpserit,
1444 738 1503 771 iam
1523 737 1597 772 dicti
1618 737 1727 771 fratres
1749 737 1778 773 id
1802 739 1905 785 ipsum

1159 787 1196 820 ab
1233 799 1271 821 eo
1305 800 1359 833 per
1391 787 1540 821 iustitiam
1572 787 1735 833 exquirere
1770 787 1901 834 possint.

1158 835 1332 877 Praeterea,
1359 836 1384 870 si
1419 836 1544 883 quando
1571 847 1700 870 necesse
1733 836 1844 878 fuerit,
1872 846 1904 872 ut

1159 885 1239 919 idem
1262 897 1369 920 comes
1395 897 1411 919 a
1434 885 1553 920 decano
1576 884 1622 918 vel
1646 887 1823 932 praeposito
1847 899 1904 934 po-

1157 934 1327 975 stulaverit,
1351 935 1381 969 in
1405 934 1581 981 praebenda
1601 933 1729 969 fratrum
1752 937 1847 970 semel
1872 937 1903 971 in

1157 995 1238 1018 anno
1275 995 1348 1018 cum
1376 993 1495 1030 septem
1530 984 1577 1018 vel
1604 983 1714 1018 decem
1749 985 1903 1021 militibus

1157 1041 1288 1077 tantum,
1316 1033 1439 1068 tertium
1462 1033 1633 1079 hospitium
1656 1033 1682 1067 ei
1705 1033 1841 1068 dabitur.
1868 1034 1903 1070 Si

1156 1083 1421 1129 vero-necessitas
1437 1082 1601 1127 ingruerit,
1620 1089 1649 1115 et
1664 1094 1722 1117 nec
1736 1082 1901 1125 decanum,

1157 1143 1214 1166 nec
1227 1133 1438 1179 praepositum
1453 1132 1491 1165 ad
1508 1131 1714 1166 obtinendum
1730 1131 1901 1179 hospitium

1155 1180 1270 1215 habere
1290 1181 1412 1227 poterit,
1442 1181 1612 1227 hospitium
1634 1180 1737 1227 ipsum
1760 1193 1815 1228 per
1842 1183 1901 1216 mi-

1154 1230 1360 1265 nisterialium
1383 1242 1497 1265 manus
1517 1230 1660 1276 accipiat,
1682 1238 1713 1264 ct
1738 1231 1899 1266 servitium

1153 1288 1357 1326 competens,
1392 1279 1477 1326 quod
1512 1280 1539 1313 ei
1579 1279 1753 1314 exhibitum
1789 1279 1899 1325 fuerit,

1152 1340 1223 1363 cum
1239 1329 1409 1375 gratiarum
1431 1328 1552 1363 actione
1575 1329 1735 1376 suscipiat.
1758 1328 1851 1371 Quod
1872 1331 1898 1365 si

1151 1389 1258 1413 comes
1295 1378 1384 1413 aliter
1401 1391 1494 1426 quam
1517 1390 1612 1424 supra
1644 1379 1794 1425 scriptum
1834 1387 1898 1419 est,

1151 1426 1270 1470 fecerit,
1295 1436 1326 1462 et
1352 1428 1591 1463 conventionem
1615 1427 1771 1462 laudatam
1793 1440 1899 1463 coram

1153 1476 1295 1522 praefatis
1316 1478 1473 1524 episcopis
1491 1485 1584 1524 atque
1607 1477 1803 1523 principibus
1825 1478 1900 1513 vio-—

1152 1526 1270 1567 laverit,
1297 1535 1350 1560 aut
1371 1526 1566 1561 exactionem
1594 1526 1743 1572 aliquam,
1767 1526 1814 1561 vel
1832 1527 1899 1562 vio-

1151 1574 1278 1610 lentiam
1305 1575 1335 1609 iu
1359 1576 1438 1610 villis
1465 1575 1594 1609 fratrum
1623 1587 1718 1622 supra
1740 1574 1898 1610 dictorum

1150 1625 1340 1665 exercuerit,
1367 1625 1392 1659 si
1415 1625 1538 1659 servitia
1560 1624 1740 1659 sufferentia
1765 1626 1898 1660 canoni-

1149 1686 1259 1708 corum
1280 1674 1449 1717 antedicta,
1480 1682 1510 1708 et
1533 1686 1570 1708 eo
1599 1670 1704 1718 modo,
1738 1686 1801 1721 quo
1823 1682 1897 1708 sunt

1149 1723 1374 1764 determinata,
1407 1735 1463 1770 per
1502 1735 1614 1758 manus
1645 1723 1896 1758 ministerialium

1150 1785 1211 1806 non
1248 1774 1442 1819 susceperit:
1480 1773 1626 1819 hospitia,
1659 1785 1738 1819 quae
1766 1785 1828 1807 non
1859 1785 1896 1807 ex

1149 1822 1254 1856 debito
1275 1830 1328 1856 aut
1350 1822 1476 1861 iustitia,
1507 1823 1562 1856 sed
1596 1834 1650 1868 per
1681 1821 1894 1856 sufferentiam

1150 1871 1278 1905 fratrum
1306 1871 1495 1918 accipiebat,
1533 1883 1661 1918 prorsus
1687 1871 1818 1905 amittat.
1856 1871 1896 1905 Et

1148 1920 1207 1955 hoc
1235 1921 1351 1954 tamdiu
1378 1929 1459 1954 stare
1495 1921 1618 1967 poterit,
1646 1920 1794 1967 quamdiu
1829 1920 1895 1966 ipse

1148 1969 1317 2004 amicitiam
1346 1969 1491 2004 [ratribus
1513 1969 1650 2004 debitam
1672 1969 1893 2004 observaverit.

1149 2019 1353 2054 Decernimus
1379 2031 1466 2063 ergo,
1493 2027 1527 2053 ut
1548 2031 1651 2065 neque
1679 2018 1817 2065 praefato
1839 2031 1894 2053 co—

1148 2069 1228 2113 miti,
1257 2080 1358 2115 neque
1391 2068 1483 2102 alicui
1517 2068 1681 2102 hominum
1711 2067 1817 2111 liceat,
1852 2075 1892 2107 te,

1148 2117 1194 2152 vel
1217 2130 1415 2152 successores
1438 2127 1518 2158 tuos,
1545 2130 1599 2152 seu
1627 2116 1810 2151 Tullensem
1832 2116 1894 2152 Ec-

1148 2168 1285 2207 clesiam,
1308 2175 1359 2201 aut
1381 2167 1560 2206 canonicos,
1582 2178 1678 2213 super
1699 2166 1757 2200 boc
1776 2174 1892 2201 temere

1147 2217 1304 2257 infestare,
1326 2224 1378 2250 aut
1394 2216 1511 2262 aliquid
1534 2217 1614 2250 ultra
1641 2215 1683 2259 id,
1706 2215 1790 2262 quod
1808 2228 1893 2262 prae-

1147 2266 1265 2300 dictum
1293 2274 1350 2306 est,
1377 2277 1393 2299 a
1428 2273 1457 2299 te
1495 2265 1543 2299 vel
1564 2265 1604 2299 ab
1639 2265 1715 2310 ipsis
1748 2265 1889 2311 exigere:

1147 2315 1201 2349 sed
1225 2315 1328 2362 potius
1354 2314 1421 2360 ipse
1442 2315 1564 2348 statutis
1584 2314 1630 2348 eis
1651 2313 1796 2360 hospitiis
1813 2326 1891 2348 con-

1148 2373 1252 2398 tentus
1278 2364 1404 2404 existat3
1439 2372 1470 2398 et
1494 2363 1654 2398 Tullensis
1675 2362 1833 2402 Ecclesia,
1860 2371 1891 2397 et

1147 2414 1289 2448 canonici
1311 2413 1349 2447 ab
1372 2413 1470 2459 ipsius
1491 2412 1688 2447 infestatione
1710 2413 1748 2446 de
1769 2421 1890 2446 caetero

1147 2463 1236 2498 liberi
1266 2471 1413 2497 maneant
1442 2470 1473 2497 et
1493 2462 1601 2508 quieti.
1628 2461 1662 2496 Si
1694 2462 1764 2508 quis
1785 2469 1888 2496 antem

1147 2512 1240 2546 huius
1285 2520 1410 2547 nostrae
1455 2510 1702 2546 confirmationis
1745 2510 1890 2556 paginam

1146 2562 1260 2605 sciens,
1296 2569 1401 2596 contra
1432 2573 1499 2595 eam
1527 2560 1632 2595 venire
1659 2560 1821 2594 tentaverit
1843 2568 1891 2594 te-

1148 2623 1248 2653 mere,
1281 2611 1420 2646 secundo
1447 2609 1576 2644 tertiove
1602 2609 1830 2654 commouitus⁷
1864 2609 1890 2644 si

1931 804 1961 826 De
1981 806 2041 827 morlo
2061 806 2103 827 lio-

1919 836 2010 862 spitandi
2033 837 2102 858 comi-

1918 868 1997 887 mitem.

1921 2088 2047 2116 Perpetuam
2059 2090 2088 2110 st-

1907 2119 1994 2140 lentium
2014 2121 2088 2141 [utut-is

1907 2152 2018 2173 comitibus
2040 2151 2082 2171 Tul·
2116 2155 2121 2158 ·

1906 2183 1949 2204 len.
1968 2183 2087 2209 imponitur.

1917 2479 1996 2501 suniae
2015 2480 2074 2502 clau·
2115 2493 2118 2496 -

1963 2511 2030 2532 sulae.
