<?xml version="1.0" encoding="UTF-8"?>
<!DOCTYPE html PUBLIC "-//W3C//DTD XHTML 1.0 Transitional//EN"
    "http://www.w3.org/TR/xhtml1/DTD/xhtml1-transitional.dtd">
<html xmlns="http://www.w3.org/1999/xhtml" xml:lang="en" lang="en">
 <head>
  <title>
</title>
<meta http-equiv="Content-Type" content="text/html;charset=utf-8" />
  <meta name='ocr-system' content='tesseract 3.04.00' />
  <meta name='ocr-capabilities' content='ocr_page ocr_carea ocr_par ocr_line ocrx_word'/>
</head>
<body>
  <div class='ocr_page' id='page_1' title='image "./bullarumdiplomat02cath_0409.png"; bbox 0 0 2180 3205; ppageno 0'>
   <div class='ocr_carea' id='block_1_1' title="bbox 46 265 226 295">
    <p class='ocr_par' dir='ltr' id='par_1_1' title="bbox 46 265 226 295">
     <span class='ocr_line' id='line_1_1' title="bbox 46 265 226 295; baseline -0.011 0"><span class='ocrx_word' id='word_1_1' title='bbox 46 267 92 295; x_wconf 77' lang='grc' dir='ltr'>Διι.</span> <span class='ocrx_word' id='word_1_2' title='bbox 113 265 141 293; x_wconf 72' lang='grc' dir='ltr'>(ἶ.</span> <span class='ocrx_word' id='word_1_3' title='bbox 159 265 226 294; x_wconf 82' lang='lat'>1133</span> 
     </span>
    </p>
   </div>
   <div class='ocr_carea' id='block_1_2' title="bbox 0 0 3 592">
    <p class='ocr_par' dir='ltr' id='par_1_2' title="bbox 0 0 3 592">
     <span class='ocr_line' id='line_1_2' title="bbox 0 0 3 592; baseline 0 0"><span class='ocrx_word' id='word_1_4' title='bbox 0 0 3 592; x_wconf 95' lang='lat' dir='ltr'> </span> 
     </span>
    </p>
   </div>
   <div class='ocr_carea' id='block_1_3' title="bbox 60 618 203 640">
    <p class='ocr_par' dir='ltr' id='par_1_3' title="bbox 60 618 203 640">
     <span class='ocr_line' id='line_1_3' title="bbox 60 618 203 640; baseline -0.014 0"><span class='ocrx_word' id='word_1_5' title='bbox 60 618 203 640; x_wconf 68' lang='lat' dir='ltr'>mactatum.</span> 
     </span>
    </p>
   </div>
   <div class='ocr_carea' id='block_1_4' title="bbox 40 1405 219 1512">
    <p class='ocr_par' dir='ltr' id='par_1_4' title="bbox 40 1405 219 1512">
     <span class='ocr_line' id='line_1_4' title="bbox 52 1405 218 1428; baseline 0.006 -1"><span class='ocrx_word' id='word_1_6' title='bbox 52 1405 218 1428; x_wconf 66' lang='lat' dir='ltr'>Bou-stertit»-</span> 
     </span>
     <span class='ocr_line' id='line_1_5' title="bbox 41 1437 219 1455; baseline -0.006 0"><span class='ocrx_word' id='word_1_7' title='bbox 41 1437 68 1455; x_wconf 71' lang='grc'>11</span> <span class='ocrx_word' id='word_1_8' title='bbox 83 1437 219 1454; x_wconf 72' lang='lat' dir='ltr'>enumeran-</span> 
     </span>
     <span class='ocr_line' id='line_1_6' title="bbox 40 1459 219 1482; baseline -0.006 -1"><span class='ocrx_word' id='word_1_9' title='bbox 40 1461 77 1481; x_wconf 77' lang='grc' dir='ltr'>ΙΙΙ·</span> <span class='ocrx_word' id='word_1_10' title='bbox 93 1462 115 1480; x_wconf 77' lang='lat' dir='ltr'>et</span> <span class='ocrx_word' id='word_1_11' title='bbox 135 1459 219 1482; x_wconf 76' lang='lat' dir='ltr'>coufir-</span> 
     </span>
     <span class='ocr_line' id='line_1_7' title="bbox 41 1488 133 1512; baseline 0 -4"><span class='ocrx_word' id='word_1_12' title='bbox 41 1488 133 1512; x_wconf 63' lang='lat' dir='ltr'>Uturz</span> 
     </span>
    </p>
   </div>
   <div class='ocr_carea' id='block_1_5' title="bbox 851 263 1180 286">
    <p class='ocr_par' dir='ltr' id='par_1_5' title="bbox 851 263 1180 286">
     <span class='ocr_line' id='line_1_8' title="bbox 851 263 1180 286; baseline 0.003 -1"><span class='ocrx_word' id='word_1_13' title='bbox 851 263 989 286; x_wconf 65' lang='lat' dir='ltr'>txxocm·</span> <span class='ocrx_word' id='word_1_14' title='bbox 997 263 1064 286; x_wconf 70' lang='lat' dir='ltr'>HUS</span> <span class='ocrx_word' id='word_1_15' title='bbox 1087 264 1109 286; x_wconf 85' lang='lat' dir='ltr'>ll</span> <span class='ocrx_word' id='word_1_16' title='bbox 1134 265 1180 286; x_wconf 80' lang='grc' dir='ltr'>ΡΡ.</span> 
     </span>
    </p>
   </div>
   <div class='ocr_carea' id='block_1_6' title="bbox 245 313 999 575">
    <p class='ocr_par' dir='ltr' id='par_1_6' title="bbox 245 313 999 575">
     <span class='ocr_line' id='line_1_9' title="bbox 245 313 998 354; baseline 0.003 -10"><span class='ocrx_word' id='word_1_17' title='bbox 245 313 394 344; x_wconf 80' lang='lat' dir='ltr'>innocentius</span> <span class='ocrx_word' id='word_1_18' title='bbox 417 314 538 354; x_wconf 76' lang='lat' dir='ltr'>episeopus</span> <span class='ocrx_word' id='word_1_19' title='bbox 556 324 634 345; x_wconf 75' lang='lat' dir='ltr'>servus</span> <span class='ocrx_word' id='word_1_20' title='bbox 651 325 766 345; x_wconf 76' lang='lat' dir='ltr'>sertorum</span> <span class='ocrx_word' id='word_1_21' title='bbox 789 316 840 353; x_wconf 59' lang='lat' dir='ltr'>[tt-i,</span> <span class='ocrx_word' id='word_1_22' title='bbox 863 317 961 346; x_wconf 74' lang='lat' dir='ltr'>dilectae</span> <span class='ocrx_word' id='word_1_23' title='bbox 977 317 998 346; x_wconf 85' lang='lat' dir='ltr'>in</span> 
     </span>
     <span class='ocr_line' id='line_1_10' title="bbox 285 357 999 390; baseline 0.004 -3"><span class='ocrx_word' id='word_1_24' title='bbox 285 357 374 388; x_wconf 78' lang='lat' dir='ltr'>christo</span> <span class='ocrx_word' id='word_1_25' title='bbox 397 358 457 388; x_wconf 81' lang='lat' dir='ltr'>[iliae</span> <span class='ocrx_word' id='word_1_26' title='bbox 476 359 624 389; x_wconf 74' lang='lat' dir='ltr'>Constantine</span> <span class='ocrx_word' id='word_1_27' title='bbox 648 359 776 390; x_wconf 57' lang='lat' dir='ltr'>abbatissae</span> <span class='ocrx_word' id='word_1_28' title='bbox 804 362 936 390; x_wconf 73' lang='lat' dir='ltr'>ittotiasterii</span> <span class='ocrx_word' id='word_1_29' title='bbox 954 361 999 390; x_wconf 79' lang='lat'>⁰0-</span> 
     </span>
     <span class='ocr_line' id='line_1_11' title="bbox 285 402 998 442; baseline 0.004 -10"><span class='ocrx_word' id='word_1_30' title='bbox 285 403 342 432; x_wconf 83' lang='lat' dir='ltr'>mini</span> <span class='ocrx_word' id='word_1_31' title='bbox 358 402 481 433; x_wconf 85' lang='lat' dir='ltr'>Salratoris</span> <span class='ocrx_word' id='word_1_32' title='bbox 498 405 578 442; x_wconf 84' lang='lat' dir='ltr'>nostri,</span> <span class='ocrx_word' id='word_1_33' title='bbox 599 409 619 434; x_wconf 84' lang='lat' dir='ltr'>et</span> <span class='ocrx_word' id='word_1_34' title='bbox 642 404 738 434; x_wconf 69' lang='lat' dir='ltr'>sant-tae</span> <span class='ocrx_word' id='word_1_35' title='bbox 761 405 833 434; x_wconf 80' lang='lat' dir='ltr'>iuliae</span> <span class='ocrx_word' id='word_1_36' title='bbox 861 406 955 441; x_wconf 64' lang='lat' dir='ltr'>tirgittis</span> <span class='ocrx_word' id='word_1_37' title='bbox 977 411 998 436; x_wconf 79' lang='lat' dir='ltr'>et</span> 
     </span>
     <span class='ocr_line' id='line_1_12' title="bbox 285 447 998 486; baseline 0.006 -11"><span class='ocrx_word' id='word_1_38' title='bbox 285 447 401 486; x_wconf 80' lang='lat' dir='ltr'>martyris,</span> <span class='ocrx_word' id='word_1_39' title='bbox 419 448 480 485; x_wconf 82' lang='lat' dir='ltr'>quod</span> <span class='ocrx_word' id='word_1_40' title='bbox 502 448 590 478; x_wconf 80' lang='lat' dir='ltr'>Norunt</span> <span class='ocrx_word' id='word_1_41' title='bbox 606 449 698 486; x_wconf 81' lang='lat' dir='ltr'>dicitur,</span> <span class='ocrx_word' id='word_1_42' title='bbox 719 454 740 478; x_wconf 81' lang='lat' dir='ltr'>et</span> <span class='ocrx_word' id='word_1_43' title='bbox 760 450 782 478; x_wconf 87' lang='lat' dir='ltr'>in</span> <span class='ocrx_word' id='word_1_44' title='bbox 797 450 890 478; x_wconf 78' lang='lat' dir='ltr'>cititate</span> <span class='ocrx_word' id='word_1_45' title='bbox 907 449 998 479; x_wconf 63' lang='lat' dir='ltr'>tit-ittae</span> 
     </span>
     <span class='ocr_line' id='line_1_13' title="bbox 283 489 998 531; baseline 0.004 -12"><span class='ocrx_word' id='word_1_46' title='bbox 283 489 403 520; x_wconf 78' lang='lat' dir='ltr'>fundatum</span> <span class='ocrx_word' id='word_1_47' title='bbox 426 495 469 529; x_wconf 85' lang='lat' dir='ltr'>est,</span> <span class='ocrx_word' id='word_1_48' title='bbox 505 493 600 530; x_wconf 81' lang='lat' dir='ltr'>eiusque</span> <span class='ocrx_word' id='word_1_49' title='bbox 629 492 745 522; x_wconf 83' lang='lat' dir='ltr'>sororibus</span> <span class='ocrx_word' id='word_1_50' title='bbox 772 497 817 522; x_wconf 85' lang='lat' dir='ltr'>tatu</span> <span class='ocrx_word' id='word_1_51' title='bbox 841 494 998 531; x_wconf 78' lang='lat' dir='ltr'>praesentibus</span> 
     </span>
     <span class='ocr_line' id='line_1_14' title="bbox 284 534 679 575; baseline 0.008 -12"><span class='ocrx_word' id='word_1_52' title='bbox 284 543 352 572; x_wconf 84' lang='lat' dir='ltr'>quam</span> <span class='ocrx_word' id='word_1_53' title='bbox 374 534 466 572; x_wconf 76' lang='lat' dir='ltr'>suturis,</span> <span class='ocrx_word' id='word_1_54' title='bbox 489 537 511 565; x_wconf 88' lang='lat' dir='ltr'>in</span> <span class='ocrx_word' id='word_1_55' title='bbox 534 541 679 575; x_wconf 80' lang='lat' dir='ltr'>perpetuum.</span> 
     </span>
    </p>
   </div>
   <div class='ocr_carea' id='block_1_7' title="bbox 237 614 996 2666">
    <p class='ocr_par' dir='ltr' id='par_1_7' title="bbox 237 614 996 2666">
     <span class='ocr_line' id='line_1_15' title="bbox 293 614 994 662; baseline 0.003 -13"><span class='ocrx_word' id='word_1_56' title='bbox 293 614 341 648; x_wconf 84' lang='lat' dir='ltr'>Ex</span> <span class='ocrx_word' id='word_1_57' title='bbox 373 614 574 662; x_wconf 81' lang='lat' dir='ltr'>Apostolicae</span> <span class='ocrx_word' id='word_1_58' title='bbox 609 615 702 650; x_wconf 87' lang='lat' dir='ltr'>Sedis</span> <span class='ocrx_word' id='word_1_59' title='bbox 728 616 934 657; x_wconf 86' lang='lat' dir='ltr'>auctoritate,</span> <span class='ocrx_word' id='word_1_60' title='bbox 965 617 994 651; x_wconf 92' lang='lat' dir='ltr'>in</span> 
     </span>
     <span class='ocr_line' id='line_1_16' title="bbox 243 663 996 711; baseline 0.003 -13"><span class='ocrx_word' id='word_1_61' title='bbox 243 675 317 711; x_wconf 88' lang='lat' dir='ltr'>qua,</span> <span class='ocrx_word' id='word_1_62' title='bbox 344 663 532 711; x_wconf 80' lang='lat' dir='ltr'><strong>disponente</strong></span> <span class='ocrx_word' id='word_1_63' title='bbox 567 665 716 708; x_wconf 86' lang='lat' dir='ltr'>Domino,</span> <span class='ocrx_word' id='word_1_64' title='bbox 753 666 912 700; x_wconf 83' lang='lat' dir='ltr'>constituti</span> <span class='ocrx_word' id='word_1_65' title='bbox 941 678 996 700; x_wconf 88' lang='lat' dir='ltr'>su-</span> 
     </span>
     <span class='ocr_line' id='line_1_17' title="bbox 243 713 994 761; baseline 0.001 -13"><span class='ocrx_word' id='word_1_66' title='bbox 243 725 327 758; x_wconf 89' lang='lat' dir='ltr'>mus,</span> <span class='ocrx_word' id='word_1_67' title='bbox 349 713 496 748; x_wconf 91' lang='lat' dir='ltr'>omuibus</span> <span class='ocrx_word' id='word_1_68' title='bbox 515 713 665 748; x_wconf 83' lang='lat' dir='ltr'>Ecclesiis</span> <span class='ocrx_word' id='word_1_69' title='bbox 687 722 716 748; x_wconf 87' lang='lat' dir='ltr'>et</span> <span class='ocrx_word' id='word_1_70' title='bbox 742 715 908 761; x_wconf 80' lang='lat' dir='ltr'>praecipue</span> <span class='ocrx_word' id='word_1_71' title='bbox 924 715 994 757; x_wconf 78' lang='lat' dir='ltr'>illis,</span> 
     </span>
     <span class='ocr_line' id='line_1_18' title="bbox 243 762 992 810; baseline 0.003 -13"><span class='ocrx_word' id='word_1_72' title='bbox 243 774 330 810; x_wconf 13' lang='lat' dir='ltr'>quaer</span> <span class='ocrx_word' id='word_1_73' title='bbox 360 762 400 797; x_wconf 86' lang='lat' dir='ltr'>ad</span> <span class='ocrx_word' id='word_1_74' title='bbox 435 763 483 797; x_wconf 88' lang='lat' dir='ltr'>ius</span> <span class='ocrx_word' id='word_1_75' title='bbox 515 770 546 797; x_wconf 87' lang='lat' dir='ltr'>et</span> <span class='ocrx_word' id='word_1_76' title='bbox 580 762 755 798; x_wconf 90' lang='lat' dir='ltr'>dominium</span> <span class='ocrx_word' id='word_1_77' title='bbox 794 763 874 798; x_wconf 87' lang='lat' dir='ltr'>beati</span> <span class='ocrx_word' id='word_1_78' title='bbox 911 764 992 799; x_wconf 80' lang='lat' dir='ltr'>Petri</span> 
     </span>
     <span class='ocr_line' id='line_1_19' title="bbox 243 811 993 859; baseline 0.001 -13"><span class='ocrx_word' id='word_1_79' title='bbox 243 811 402 859; x_wconf 85' lang='lat' dir='ltr'>pertinere</span> <span class='ocrx_word' id='word_1_80' title='bbox 423 819 609 856; x_wconf 88' lang='lat' dir='ltr'>noscuntur,</span> <span class='ocrx_word' id='word_1_81' title='bbox 637 813 796 847; x_wconf 80' lang='lat' dir='ltr'>debitores</span> <span class='ocrx_word' id='word_1_82' title='bbox 817 813 993 851; x_wconf 75' lang='lat' dir='ltr'>existimus,</span> 
     </span>
     <span class='ocr_line' id='line_1_20' title="bbox 243 861 994 908; baseline 0.001 -12"><span class='ocrx_word' id='word_1_83' title='bbox 243 868 278 896; x_wconf 78' lang='lat' dir='ltr'>ut</span> <span class='ocrx_word' id='word_1_84' title='bbox 298 873 351 896; x_wconf 82' lang='lat' dir='ltr'>eas</span> <span class='ocrx_word' id='word_1_85' title='bbox 372 868 401 896; x_wconf 87' lang='lat' dir='ltr'>et</span> <span class='ocrx_word' id='word_1_86' title='bbox 416 873 432 896; x_wconf 85' lang='lat' dir='ltr'>a</span> <span class='ocrx_word' id='word_1_87' title='bbox 448 873 614 908; x_wconf 73' lang='lat' dir='ltr'>pravorum</span> <span class='ocrx_word' id='word_1_88' title='bbox 631 861 794 896; x_wconf 90' lang='lat' dir='ltr'>bominum</span> <span class='ocrx_word' id='word_1_89' title='bbox 813 863 994 897; x_wconf 76' lang='lat' dir='ltr'>incursibus</span> 
     </span>
     <span class='ocr_line' id='line_1_21' title="bbox 242 909 993 957; baseline 0.004 -13"><span class='ocrx_word' id='word_1_90' title='bbox 242 909 457 955; x_wconf 76' lang='lat' dir='ltr'><strong>defensemus,</strong></span> <span class='ocrx_word' id='word_1_91' title='bbox 479 918 508 946; x_wconf 88' lang='lat' dir='ltr'>et</span> <span class='ocrx_word' id='word_1_92' title='bbox 530 911 589 945; x_wconf 92' lang='lat' dir='ltr'>sub</span> <span class='ocrx_word' id='word_1_93' title='bbox 611 911 662 957; x_wconf 89' lang='lat' dir='ltr'>pio</span> <span class='ocrx_word' id='word_1_94' title='bbox 685 919 810 946; x_wconf 85' lang='lat' dir='ltr'>sanctae</span> <span class='ocrx_word' id='word_1_95' title='bbox 834 911 993 947; x_wconf 80' lang='lat' dir='ltr'><strong>Romanae</strong></span> 
     </span>
     <span class='ocr_line' id='line_1_22' title="bbox 242 958 994 1006; baseline 0.003 -12"><span class='ocrx_word' id='word_1_96' title='bbox 242 958 405 994; x_wconf 74' lang='lat' dir='ltr'><strong>Ecclesiae</strong></span> <span class='ocrx_word' id='word_1_97' title='bbox 419 960 539 1006; x_wconf 83' lang='lat' dir='ltr'>gremio</span> <span class='ocrx_word' id='word_1_98' title='bbox 554 960 720 995; x_wconf 75' lang='lat' dir='ltr'>confovere</span> <span class='ocrx_word' id='word_1_99' title='bbox 733 972 890 995; x_wconf 84' lang='lat' dir='ltr'>curemus.</span> <span class='ocrx_word' id='word_1_100' title='bbox 908 961 994 996; x_wconf 88' lang='lat' dir='ltr'>ldeo-</span> 
     </span>
     <span class='ocr_line' id='line_1_23' title="bbox 242 1008 991 1055; baseline 0.001 -12"><span class='ocrx_word' id='word_1_101' title='bbox 242 1020 316 1055; x_wconf 87' lang='lat' dir='ltr'>que,</span> <span class='ocrx_word' id='word_1_102' title='bbox 338 1009 497 1044; x_wconf 89' lang='lat' dir='ltr'>carissima</span> <span class='ocrx_word' id='word_1_103' title='bbox 517 1009 547 1043; x_wconf 92' lang='lat' dir='ltr'>in</span> <span class='ocrx_word' id='word_1_104' title='bbox 563 1008 689 1043; x_wconf 90' lang='lat' dir='ltr'>Christo</span> <span class='ocrx_word' id='word_1_105' title='bbox 710 1010 771 1044; x_wconf 81' lang='lat' dir='ltr'>filia</span> <span class='ocrx_word' id='word_1_106' title='bbox 787 1009 991 1044; x_wconf 81' lang='lat' dir='ltr'>Constantina</span> 
     </span>
     <span class='ocr_line' id='line_1_24' title="bbox 242 1057 993 1105; baseline 0.001 -13"><span class='ocrx_word' id='word_1_107' title='bbox 242 1057 410 1098; x_wconf 75' lang='lat' dir='ltr'>abbatissa,</span> <span class='ocrx_word' id='word_1_108' title='bbox 428 1060 492 1092; x_wconf 90' lang='lat' dir='ltr'>tuis</span> <span class='ocrx_word' id='word_1_109' title='bbox 508 1058 744 1093; x_wconf 87' lang='lat' dir='ltr'>rationabilibus</span> <span class='ocrx_word' id='word_1_110' title='bbox 773 1060 993 1105; x_wconf 82' lang='lat' dir='ltr'>postulationi-</span> 
     </span>
     <span class='ocr_line' id='line_1_25' title="bbox 242 1106 992 1154; baseline 0.003 -13"><span class='ocrx_word' id='word_1_111' title='bbox 242 1106 302 1142; x_wconf 89' lang='lat' dir='ltr'>bus</span> <span class='ocrx_word' id='word_1_112' title='bbox 325 1107 517 1154; x_wconf 83' lang='lat' dir='ltr'>benignitate</span> <span class='ocrx_word' id='word_1_113' title='bbox 539 1107 642 1142; x_wconf 85' lang='lat' dir='ltr'>debita</span> <span class='ocrx_word' id='word_1_114' title='bbox 671 1107 856 1154; x_wconf 84' lang='lat' dir='ltr'>praebentes</span> <span class='ocrx_word' id='word_1_115' title='bbox 883 1121 992 1143; x_wconf 75' lang='lat' dir='ltr'>assen-</span> 
     </span>
     <span class='ocr_line' id='line_1_26' title="bbox 241 1156 992 1205; baseline 0.003 -15"><span class='ocrx_word' id='word_1_116' title='bbox 241 1168 324 1199; x_wconf 86' lang='lat' dir='ltr'>sum,</span> <span class='ocrx_word' id='word_1_117' title='bbox 351 1156 466 1191; x_wconf 85' lang='lat' dir='ltr'>Beatae</span> <span class='ocrx_word' id='word_1_118' title='bbox 492 1156 588 1191; x_wconf 86' lang='lat' dir='ltr'>Iuliae</span> <span class='ocrx_word' id='word_1_119' title='bbox 625 1158 753 1202; x_wconf 69' lang='lat' dir='ltr'>virginis</span> <span class='ocrx_word' id='word_1_120' title='bbox 780 1169 816 1192; x_wconf 90' lang='lat' dir='ltr'>ac</span> <span class='ocrx_word' id='word_1_121' title='bbox 848 1159 992 1205; x_wconf 64' lang='lat' dir='ltr'>martyris</span> 
     </span>
     <span class='ocr_line' id='line_1_27' title="bbox 242 1206 991 1252; baseline 0.003 -13"><span class='ocrx_word' id='word_1_122' title='bbox 242 1206 485 1249; x_wconf 87' lang='lat' dir='ltr'>monasterium,</span> <span class='ocrx_word' id='word_1_123' title='bbox 507 1207 597 1240; x_wconf 87' lang='lat' dir='ltr'>cuius</span> <span class='ocrx_word' id='word_1_124' title='bbox 619 1207 726 1252; x_wconf 85' lang='lat' dir='ltr'>utique</span> <span class='ocrx_word' id='word_1_125' title='bbox 753 1219 827 1241; x_wconf 91' lang='lat' dir='ltr'>cura</span> <span class='ocrx_word' id='word_1_126' title='bbox 844 1206 910 1246; x_wconf 91' lang='lat' dir='ltr'>tibi,</span> <span class='ocrx_word' id='word_1_127' title='bbox 930 1209 991 1241; x_wconf 85' lang='lat' dir='ltr'>lar—</span> 
     </span>
     <span class='ocr_line' id='line_1_28' title="bbox 241 1254 992 1302; baseline 0.001 -14"><span class='ocrx_word' id='word_1_128' title='bbox 241 1254 349 1300; x_wconf 80' lang='lat' dir='ltr'>giente</span> <span class='ocrx_word' id='word_1_129' title='bbox 375 1254 524 1295; x_wconf 84' lang='lat' dir='ltr'>Domino,</span> <span class='ocrx_word' id='word_1_130' title='bbox 560 1256 727 1289; x_wconf 87' lang='lat' dir='ltr'>commissa</span> <span class='ocrx_word' id='word_1_131' title='bbox 750 1264 808 1296; x_wconf 85' lang='lat' dir='ltr'>est,</span> <span class='ocrx_word' id='word_1_132' title='bbox 831 1256 914 1302; x_wconf 84' lang='lat' dir='ltr'>quod</span> <span class='ocrx_word' id='word_1_133' title='bbox 944 1257 992 1290; x_wconf 68' lang='lat' dir='ltr'>vi-</span> 
     </span>
     <span class='ocr_line' id='line_1_29' title="bbox 241 1303 992 1340; baseline 0.003 -3"><span class='ocrx_word' id='word_1_134' title='bbox 241 1303 358 1338; x_wconf 88' lang='lat' dir='ltr'>delicet</span> <span class='ocrx_word' id='word_1_135' title='bbox 375 1303 452 1338; x_wconf 77' lang='lat' dir='ltr'>infra</span> <span class='ocrx_word' id='word_1_136' title='bbox 475 1304 629 1338; x_wconf 77' lang='lat' dir='ltr'>civitatem</span> <span class='ocrx_word' id='word_1_137' title='bbox 653 1304 830 1339; x_wconf 79' lang='lat' dir='ltr'>Brixianam</span> <span class='ocrx_word' id='word_1_138' title='bbox 849 1317 864 1338; x_wconf 90' lang='lat' dir='ltr'>a</span> <span class='ocrx_word' id='word_1_139' title='bbox 879 1305 992 1340; x_wconf 88' lang='lat' dir='ltr'>nobilis</span> 
     </span>
     <span class='ocr_line' id='line_1_30' title="bbox 243 1352 991 1398; baseline 0.003 -11"><span class='ocrx_word' id='word_1_140' title='bbox 243 1353 416 1387; x_wconf 79' lang='lat' dir='ltr'>memoriae</span> <span class='ocrx_word' id='word_1_141' title='bbox 460 1352 545 1387; x_wconf 84' lang='lat' dir='ltr'>Ausa</span> <span class='ocrx_word' id='word_1_142' title='bbox 594 1353 700 1398; x_wconf 84' lang='lat' dir='ltr'>regina</span> <span class='ocrx_word' id='word_1_143' title='bbox 746 1362 867 1388; x_wconf 82' lang='lat' dir='ltr'>constat</span> <span class='ocrx_word' id='word_1_144' title='bbox 923 1367 991 1389; x_wconf 85' lang='lat' dir='ltr'>esse</span> 
     </span>
     <span class='ocr_line' id='line_1_31' title="bbox 239 1402 990 1449; baseline 0.003 -13"><span class='ocrx_word' id='word_1_145' title='bbox 239 1409 470 1446; x_wconf 89' lang='lat' dir='ltr'>constructum,</span> <span class='ocrx_word' id='word_1_146' title='bbox 492 1402 693 1448; x_wconf 87' lang='lat' dir='ltr'>Apostolicae</span> <span class='ocrx_word' id='word_1_147' title='bbox 715 1402 807 1437; x_wconf 87' lang='lat' dir='ltr'>Sedis</span> <span class='ocrx_word' id='word_1_148' title='bbox 828 1403 990 1449; x_wconf 73' lang='lat' dir='ltr'>privilegio</span> 
     </span>
     <span class='ocr_line' id='line_1_32' title="bbox 239 1451 990 1499; baseline 0 -13"><span class='ocrx_word' id='word_1_149' title='bbox 239 1451 486 1486; x_wconf 88' lang='lat' dir='ltr'>communimus.</span> <span class='ocrx_word' id='word_1_150' title='bbox 511 1451 686 1486; x_wconf 88' lang='lat' dir='ltr'>Statuimus</span> <span class='ocrx_word' id='word_1_151' title='bbox 708 1452 803 1490; x_wconf 85' lang='lat' dir='ltr'>enim,</span> <span class='ocrx_word' id='word_1_152' title='bbox 831 1460 864 1485; x_wconf 90' lang='lat' dir='ltr'>ut</span> <span class='ocrx_word' id='word_1_153' title='bbox 892 1464 990 1499; x_wconf 81' lang='lat' dir='ltr'>qnae—</span> 
     </span>
     <span class='ocr_line' id='line_1_33' title="bbox 239 1500 991 1548; baseline 0.001 -13"><span class='ocrx_word' id='word_1_154' title='bbox 239 1512 376 1548; x_wconf 89' lang='lat' dir='ltr'>cumque</span> <span class='ocrx_word' id='word_1_155' title='bbox 403 1500 539 1547; x_wconf 82' lang='lat' dir='ltr'>praedia,</span> <span class='ocrx_word' id='word_1_156' title='bbox 574 1513 792 1548; x_wconf 83' lang='lat' dir='ltr'>quascumque</span> <span class='ocrx_word' id='word_1_157' title='bbox 816 1502 991 1547; x_wconf 82' lang='lat' dir='ltr'>possessio-</span> 
     </span>
     <span class='ocr_line' id='line_1_34' title="bbox 239 1550 989 1596; baseline 0 -11"><span class='ocrx_word' id='word_1_158' title='bbox 239 1562 308 1594; x_wconf 89' lang='lat' dir='ltr'>nes,</span> <span class='ocrx_word' id='word_1_159' title='bbox 341 1561 561 1596; x_wconf 87' lang='lat' dir='ltr'>quaecumque</span> <span class='ocrx_word' id='word_1_160' title='bbox 593 1550 673 1584; x_wconf 90' lang='lat' dir='ltr'>bona</span> <span class='ocrx_word' id='word_1_161' title='bbox 704 1562 741 1584; x_wconf 79' lang='lat' dir='ltr'>ex</span> <span class='ocrx_word' id='word_1_162' title='bbox 775 1550 989 1585; x_wconf 83' lang='lat' dir='ltr'>munificentia</span> 
     </span>
     <span class='ocr_line' id='line_1_35' title="bbox 239 1598 989 1646; baseline 0.003 -13"><span class='ocrx_word' id='word_1_163' title='bbox 239 1598 396 1646; x_wconf 79' lang='lat' dir='ltr'>praefatae</span> <span class='ocrx_word' id='word_1_164' title='bbox 419 1599 556 1645; x_wconf 83' lang='lat' dir='ltr'>reginae,</span> <span class='ocrx_word' id='word_1_165' title='bbox 579 1611 633 1633; x_wconf 90' lang='lat' dir='ltr'>seu</span> <span class='ocrx_word' id='word_1_166' title='bbox 661 1599 753 1633; x_wconf 88' lang='lat' dir='ltr'>etiam</span> <span class='ocrx_word' id='word_1_167' title='bbox 771 1611 807 1633; x_wconf 86' lang='lat' dir='ltr'>ex</span> <span class='ocrx_word' id='word_1_168' title='bbox 828 1600 989 1645; x_wconf 69' lang='lat' dir='ltr'>largitione</span> 
     </span>
     <span class='ocr_line' id='line_1_36' title="bbox 240 1647 989 1696; baseline 0.001 -14"><span class='ocrx_word' id='word_1_169' title='bbox 240 1647 372 1682; x_wconf 81' lang='lat' dir='ltr'>illustris</span> <span class='ocrx_word' id='word_1_170' title='bbox 396 1648 566 1683; x_wconf 83' lang='lat' dir='ltr'>memoriae</span> <span class='ocrx_word' id='word_1_171' title='bbox 589 1649 825 1694; x_wconf 87' lang='lat' dir='ltr'>imperatorum,</span> <span class='ocrx_word' id='word_1_172' title='bbox 844 1649 896 1695; x_wconf 91' lang='lat' dir='ltr'>qui</span> <span class='ocrx_word' id='word_1_173' title='bbox 922 1657 989 1696; x_wconf 87' lang='lat' dir='ltr'>post</span> 
     </span>
     <span class='ocr_line' id='line_1_37' title="bbox 239 1697 988 1744; baseline 0.001 -12"><span class='ocrx_word' id='word_1_174' title='bbox 239 1709 308 1732; x_wconf 86' lang='lat' dir='ltr'>eam</span> <span class='ocrx_word' id='word_1_175' title='bbox 335 1697 423 1743; x_wconf 84' lang='lat' dir='ltr'>regni</span> <span class='ocrx_word' id='word_1_176' title='bbox 451 1697 662 1743; x_wconf 81' lang='lat' dir='ltr'>gubernacula</span> <span class='ocrx_word' id='word_1_177' title='bbox 689 1706 908 1744; x_wconf 86' lang='lat' dir='ltr'>susceperunt,</span> <span class='ocrx_word' id='word_1_178' title='bbox 943 1700 988 1733; x_wconf 76' lang='lat' dir='ltr'>vel</span> 
     </span>
     <span class='ocr_line' id='line_1_38' title="bbox 239 1745 988 1790; baseline 0 -9"><span class='ocrx_word' id='word_1_179' title='bbox 239 1746 279 1781; x_wconf 87' lang='lat' dir='ltr'>ab</span> <span class='ocrx_word' id='word_1_180' title='bbox 304 1745 374 1780; x_wconf 87' lang='lat' dir='ltr'>aliis</span> <span class='ocrx_word' id='word_1_181' title='bbox 397 1746 542 1781; x_wconf 82' lang='lat' dir='ltr'>fidelibus</span> <span class='ocrx_word' id='word_1_182' title='bbox 563 1746 685 1790; x_wconf 86' lang='lat' dir='ltr'>collata,</span> <span class='ocrx_word' id='word_1_183' title='bbox 714 1746 795 1781; x_wconf 90' lang='lat' dir='ltr'>idem</span> <span class='ocrx_word' id='word_1_184' title='bbox 824 1756 988 1782; x_wconf 87' lang='lat' dir='ltr'>monaste-</span> 
     </span>
     <span class='ocr_line' id='line_1_39' title="bbox 239 1796 988 1843; baseline 0 -13"><span class='ocrx_word' id='word_1_185' title='bbox 239 1796 322 1830; x_wconf 89' lang='lat' dir='ltr'>rium</span> <span class='ocrx_word' id='word_1_186' title='bbox 355 1796 646 1842; x_wconf 78' lang='lat' dir='ltr'>impraesentiarum</span> <span class='ocrx_word' id='word_1_187' title='bbox 681 1796 761 1830; x_wconf 91' lang='lat' dir='ltr'>iuste</span> <span class='ocrx_word' id='word_1_188' title='bbox 789 1804 819 1831; x_wconf 89' lang='lat' dir='ltr'>et</span> <span class='ocrx_word' id='word_1_189' title='bbox 851 1797 988 1843; x_wconf 79' lang='lat' dir='ltr'>legitime</span> 
     </span>
     <span class='ocr_line' id='line_1_40' title="bbox 239 1844 990 1892; baseline 0 -12"><span class='ocrx_word' id='word_1_190' title='bbox 239 1844 392 1892; x_wconf 80' lang='lat' dir='ltr'>possidet,</span> <span class='ocrx_word' id='word_1_191' title='bbox 414 1852 467 1879; x_wconf 87' lang='lat' dir='ltr'>aut</span> <span class='ocrx_word' id='word_1_192' title='bbox 483 1845 511 1879; x_wconf 88' lang='lat' dir='ltr'>in</span> <span class='ocrx_word' id='word_1_193' title='bbox 529 1845 669 1879; x_wconf 82' lang='lat' dir='ltr'>futurum</span> <span class='ocrx_word' id='word_1_194' title='bbox 685 1846 889 1880; x_wconf 82' lang='lat' dir='ltr'>concessione</span> <span class='ocrx_word' id='word_1_195' title='bbox 904 1846 990 1880; x_wconf 86' lang='lat' dir='ltr'>Pon-</span> 
     </span>
     <span class='ocr_line' id='line_1_41' title="bbox 240 1893 989 1941; baseline 0.001 -13"><span class='ocrx_word' id='word_1_196' title='bbox 240 1894 372 1934; x_wconf 83' lang='lat' dir='ltr'>tificum,</span> <span class='ocrx_word' id='word_1_197' title='bbox 400 1893 582 1929; x_wconf 86' lang='lat' dir='ltr'>liberalitate</span> <span class='ocrx_word' id='word_1_198' title='bbox 602 1907 709 1940; x_wconf 82' lang='lat' dir='ltr'>regum</span> <span class='ocrx_word' id='word_1_199' title='bbox 734 1895 780 1929; x_wconf 82' lang='lat' dir='ltr'>vel</span> <span class='ocrx_word' id='word_1_200' title='bbox 797 1895 989 1941; x_wconf 74' lang='lat' dir='ltr'>principum,</span> 
     </span>
     <span class='ocr_line' id='line_1_42' title="bbox 239 1943 989 1989; baseline 0 -11"><span class='ocrx_word' id='word_1_201' title='bbox 239 1943 398 1978; x_wconf 84' lang='lat' dir='ltr'>oblatione</span> <span class='ocrx_word' id='word_1_202' title='bbox 420 1943 573 1984; x_wconf 72' lang='lat' dir='ltr'>fidelium,</span> <span class='ocrx_word' id='word_1_203' title='bbox 601 1956 654 1978; x_wconf 92' lang='lat' dir='ltr'>seu</span> <span class='ocrx_word' id='word_1_204' title='bbox 678 1944 748 1978; x_wconf 88' lang='lat' dir='ltr'>aliis</span> <span class='ocrx_word' id='word_1_205' title='bbox 764 1944 854 1978; x_wconf 90' lang='lat' dir='ltr'>iustis</span> <span class='ocrx_word' id='word_1_206' title='bbox 877 1945 989 1989; x_wconf 84' lang='lat' dir='ltr'>modis,</span> 
     </span>
     <span class='ocr_line' id='line_1_43' title="bbox 239 1992 989 2040; baseline 0.003 -14"><span class='ocrx_word' id='word_1_207' title='bbox 239 2000 418 2039; x_wconf 78' lang='lat' dir='ltr'>praestante</span> <span class='ocrx_word' id='word_1_208' title='bbox 434 1992 584 2035; x_wconf 85' lang='lat' dir='ltr'>Domino,</span> <span class='ocrx_word' id='word_1_209' title='bbox 607 1993 720 2039; x_wconf 88' lang='lat' dir='ltr'>poterit</span> <span class='ocrx_word' id='word_1_210' title='bbox 735 1993 878 2040; x_wconf 75' lang='lat' dir='ltr'>adipisci,</span> <span class='ocrx_word' id='word_1_211' title='bbox 902 1994 989 2028; x_wconf 86' lang='lat' dir='ltr'>firma</span> 
     </span>
     <span class='ocr_line' id='line_1_44' title="bbox 239 2041 990 2089; baseline 0.001 -14"><span class='ocrx_word' id='word_1_212' title='bbox 239 2041 294 2076; x_wconf 87' lang='lat' dir='ltr'>tibi</span> <span class='ocrx_word' id='word_1_213' title='bbox 339 2042 461 2088; x_wconf 87' lang='lat' dir='ltr'>tuisque</span> <span class='ocrx_word' id='word_1_214' title='bbox 483 2041 644 2076; x_wconf 87' lang='lat' dir='ltr'>sororibus</span> <span class='ocrx_word' id='word_1_215' title='bbox 666 2050 695 2076; x_wconf 89' lang='lat' dir='ltr'>et</span> <span class='ocrx_word' id='word_1_216' title='bbox 720 2042 778 2082; x_wconf 82' lang='lat' dir='ltr'>liis,</span> <span class='ocrx_word' id='word_1_217' title='bbox 801 2055 880 2089; x_wconf 86' lang='lat' dir='ltr'>qnae</span> <span class='ocrx_word' id='word_1_218' title='bbox 904 2043 990 2077; x_wconf 79' lang='lat' dir='ltr'>vobis</span> 
     </span>
     <span class='ocr_line' id='line_1_45' title="bbox 239 2090 988 2137; baseline 0.003 -13"><span class='ocrx_word' id='word_1_219' title='bbox 239 2090 270 2124; x_wconf 87' lang='lat' dir='ltr'>in</span> <span class='ocrx_word' id='word_1_220' title='bbox 282 2091 390 2126; x_wconf 89' lang='lat' dir='ltr'>eadem</span> <span class='ocrx_word' id='word_1_221' title='bbox 413 2090 564 2137; x_wconf 79' lang='lat' dir='ltr'>religione</span> <span class='ocrx_word' id='word_1_222' title='bbox 583 2092 803 2133; x_wconf 72' lang='lat' dir='ltr'>successerint,</span> <span class='ocrx_word' id='word_1_223' title='bbox 825 2100 855 2125; x_wconf 90' lang='lat' dir='ltr'>et</span> <span class='ocrx_word' id='word_1_224' title='bbox 875 2092 988 2126; x_wconf 88' lang='lat' dir='ltr'>illibata</span> 
     </span>
     <span class='ocr_line' id='line_1_46' title="bbox 239 2140 991 2187; baseline 0.001 -13"><span class='ocrx_word' id='word_1_225' title='bbox 239 2148 459 2187; x_wconf 64' lang='lat' dir='ltr'>permaneant,</span> <span class='ocrx_word' id='word_1_226' title='bbox 488 2140 517 2174; x_wconf 91' lang='lat' dir='ltr'>iu</span> <span class='ocrx_word' id='word_1_227' title='bbox 541 2140 656 2186; x_wconf 86' lang='lat' dir='ltr'>quibus</span> <span class='ocrx_word' id='word_1_228' title='bbox 678 2140 755 2174; x_wconf 89' lang='lat' dir='ltr'>baec</span> <span class='ocrx_word' id='word_1_229' title='bbox 784 2141 919 2187; x_wconf 88' lang='lat' dir='ltr'>propriis</span> <span class='ocrx_word' id='word_1_230' title='bbox 939 2154 991 2175; x_wconf 91' lang='lat' dir='ltr'>no-</span> 
     </span>
     <span class='ocr_line' id='line_1_47' title="bbox 239 2189 990 2224; baseline 0.001 -1"><span class='ocrx_word' id='word_1_231' title='bbox 239 2189 377 2223; x_wconf 88' lang='lat' dir='ltr'>minibus</span> <span class='ocrx_word' id='word_1_232' title='bbox 413 2189 589 2223; x_wconf 89' lang='lat' dir='ltr'>adnotanda</span> <span class='ocrx_word' id='word_1_233' title='bbox 629 2189 867 2224; x_wconf 82' lang='lat' dir='ltr'>subiunximus:</span> <span class='ocrx_word' id='word_1_234' title='bbox 909 2190 990 2224; x_wconf 83' lang='lat' dir='ltr'>Ser-</span> 
     </span>
     <span class='ocr_line' id='line_1_48' title="bbox 239 2237 988 2278; baseline 0.001 -6"><span class='ocrx_word' id='word_1_235' title='bbox 239 2237 378 2273; x_wconf 89' lang='lat' dir='ltr'>mionem</span> <span class='ocrx_word' id='word_1_236' title='bbox 413 2237 532 2272; x_wconf 90' lang='lat' dir='ltr'>scilicet</span> <span class='ocrx_word' id='word_1_237' title='bbox 572 2250 642 2272; x_wconf 88' lang='lat' dir='ltr'>cum</span> <span class='ocrx_word' id='word_1_238' title='bbox 679 2238 801 2272; x_wconf 85' lang='lat' dir='ltr'>duabus</span> <span class='ocrx_word' id='word_1_239' title='bbox 831 2239 988 2278; x_wconf 80' lang='lat' dir='ltr'>ecclesiis,</span> 
     </span>
     <span class='ocr_line' id='line_1_49' title="bbox 238 2285 989 2322; baseline 0.001 -2"><span class='ocrx_word' id='word_1_240' title='bbox 238 2285 367 2322; x_wconf 89' lang='lat' dir='ltr'>Domini</span> <span class='ocrx_word' id='word_1_241' title='bbox 383 2286 527 2321; x_wconf 83' lang='lat' dir='ltr'>videlicet</span> <span class='ocrx_word' id='word_1_242' title='bbox 541 2287 638 2321; x_wconf 86' lang='lat' dir='ltr'>nostri</span> <span class='ocrx_word' id='word_1_243' title='bbox 655 2287 825 2321; x_wconf 75' lang='lat' dir='ltr'>Salvatoris</span> <span class='ocrx_word' id='word_1_244' title='bbox 840 2295 869 2322; x_wconf 89' lang='lat' dir='ltr'>et</span> <span class='ocrx_word' id='word_1_245' title='bbox 883 2288 989 2322; x_wconf 82' lang='lat' dir='ltr'>Sancti</span> 
     </span>
     <span class='ocr_line' id='line_1_50' title="bbox 237 2335 989 2383; baseline 0.001 -13"><span class='ocrx_word' id='word_1_246' title='bbox 237 2335 301 2370; x_wconf 88' lang='lat' dir='ltr'>Viti</span> <span class='ocrx_word' id='word_1_247' title='bbox 329 2336 491 2383; x_wconf 76' lang='lat' dir='ltr'>martyris:</span> <span class='ocrx_word' id='word_1_248' title='bbox 520 2335 724 2370; x_wconf 82' lang='lat' dir='ltr'>Cervanicam</span> <span class='ocrx_word' id='word_1_249' title='bbox 760 2348 831 2370; x_wconf 88' lang='lat' dir='ltr'>cum</span> <span class='ocrx_word' id='word_1_250' title='bbox 860 2337 989 2371; x_wconf 87' lang='lat' dir='ltr'>ecclesia</span> 
     </span>
     <span class='ocr_line' id='line_1_51' title="bbox 240 2384 989 2432; baseline -0.001 -12"><span class='ocrx_word' id='word_1_251' title='bbox 240 2384 376 2420; x_wconf 84' lang='lat' dir='ltr'>Sanctae</span> <span class='ocrx_word' id='word_1_252' title='bbox 397 2384 494 2419; x_wconf 88' lang='lat' dir='ltr'>Iuliae</span> <span class='ocrx_word' id='word_1_253' title='bbox 517 2385 676 2432; x_wconf 73' lang='lat' dir='ltr'>martyris:</span> <span class='ocrx_word' id='word_1_254' title='bbox 699 2384 898 2419; x_wconf 78' lang='lat' dir='ltr'>Nubelariam</span> <span class='ocrx_word' id='word_1_255' title='bbox 919 2398 989 2420; x_wconf 89' lang='lat' dir='ltr'>cum</span> 
     </span>
     <span class='ocr_line' id='line_1_52' title="bbox 239 2433 989 2480; baseline -0.001 -11"><span class='ocrx_word' id='word_1_256' title='bbox 239 2434 372 2469; x_wconf 85' lang='lat' dir='ltr'>ecclesia</span> <span class='ocrx_word' id='word_1_257' title='bbox 389 2433 496 2469; x_wconf 84' lang='lat' dir='ltr'>Sancti</span> <span class='ocrx_word' id='word_1_258' title='bbox 515 2433 694 2468; x_wconf 88' lang='lat' dir='ltr'>Laurentii:</span> <span class='ocrx_word' id='word_1_259' title='bbox 719 2433 903 2480; x_wconf 80' lang='lat' dir='ltr'>Rerciagum</span> <span class='ocrx_word' id='word_1_260' title='bbox 919 2447 989 2468; x_wconf 87' lang='lat' dir='ltr'>cum</span> 
     </span>
     <span class='ocr_line' id='line_1_53' title="bbox 239 2482 990 2521; baseline -0.001 -3"><span class='ocrx_word' id='word_1_261' title='bbox 239 2482 365 2518; x_wconf 86' lang='lat' dir='ltr'>duabus</span> <span class='ocrx_word' id='word_1_262' title='bbox 385 2483 536 2521; x_wconf 83' lang='lat' dir='ltr'>ecclesiis,</span> <span class='ocrx_word' id='word_1_263' title='bbox 560 2482 668 2517; x_wconf 79' lang='lat' dir='ltr'>Sancti</span> <span class='ocrx_word' id='word_1_264' title='bbox 686 2482 825 2517; x_wconf 88' lang='lat' dir='ltr'>Zenonis</span> <span class='ocrx_word' id='word_1_265' title='bbox 840 2492 869 2517; x_wconf 89' lang='lat' dir='ltr'>et</span> <span class='ocrx_word' id='word_1_266' title='bbox 885 2483 990 2517; x_wconf 87' lang='lat' dir='ltr'>Sancti</span> 
     </span>
     <span class='ocr_line' id='line_1_54' title="bbox 238 2531 991 2579; baseline 0.001 -13"><span class='ocrx_word' id='word_1_267' title='bbox 238 2531 410 2579; x_wconf 84' lang='lat' dir='ltr'>Stephani:</span> <span class='ocrx_word' id='word_1_268' title='bbox 432 2531 622 2578; x_wconf 85' lang='lat' dir='ltr'>Magbonem</span> <span class='ocrx_word' id='word_1_269' title='bbox 645 2531 757 2566; x_wconf 81' lang='lat' dir='ltr'>Vicum</span> <span class='ocrx_word' id='word_1_270' title='bbox 773 2543 844 2566; x_wconf 91' lang='lat' dir='ltr'>cum</span> <span class='ocrx_word' id='word_1_271' title='bbox 859 2533 991 2567; x_wconf 85' lang='lat' dir='ltr'>ecclesia</span> 
     </span>
     <span class='ocr_line' id='line_1_55' title="bbox 238 2579 990 2616; baseline 0.001 -1"><span class='ocrx_word' id='word_1_272' title='bbox 238 2579 273 2615; x_wconf 91' lang='lat' dir='ltr'>S.</span> <span class='ocrx_word' id='word_1_273' title='bbox 311 2580 499 2615; x_wconf 78' lang='lat' dir='ltr'>Alexandri:</span> <span class='ocrx_word' id='word_1_274' title='bbox 534 2581 723 2615; x_wconf 82' lang='lat' dir='ltr'>Timolinam</span> <span class='ocrx_word' id='word_1_275' title='bbox 755 2593 826 2615; x_wconf 69' lang='lat' dir='ltr'>enen</span> <span class='ocrx_word' id='word_1_276' title='bbox 859 2581 990 2616; x_wconf 77' lang='lat' dir='ltr'>ecclesia</span> 
     </span>
     <span class='ocr_line' id='line_1_56' title="bbox 239 2627 992 2666; baseline 0 0"><span class='ocrx_word' id='word_1_277' title='bbox 239 2627 375 2666; x_wconf 77' lang='lat' dir='ltr'>Sanctae</span> <span class='ocrx_word' id='word_1_278' title='bbox 401 2629 512 2665; x_wconf 84' lang='lat' dir='ltr'>Iuliae:</span> <span class='ocrx_word' id='word_1_279' title='bbox 549 2629 725 2665; x_wconf 71' lang='lat' dir='ltr'>Barbatlam</span> <span class='ocrx_word' id='word_1_280' title='bbox 755 2642 828 2665; x_wconf 81' lang='lat' dir='ltr'>cunt</span> <span class='ocrx_word' id='word_1_281' title='bbox 860 2631 992 2666; x_wconf 81' lang='lat' dir='ltr'>ecclesia</span> 
     </span>
    </p>
   </div>
   <div class='ocr_carea' id='block_1_8' title="bbox 1669 260 1732 294">
    <p class='ocr_par' dir='ltr' id='par_1_8' title="bbox 1669 260 1732 294">
     <span class='ocr_line' id='line_1_57' title="bbox 1669 260 1732 294; baseline 0 -1"><span class='ocrx_word' id='word_1_282' title='bbox 1669 260 1732 294; x_wconf 77' lang='lat' dir='ltr'>39t</span> 
     </span>
    </p>
   </div>
   <div class='ocr_carea' id='block_1_9' title="bbox 1030 317 1790 2682">
    <p class='ocr_par' dir='ltr' id='par_1_9' title="bbox 1030 317 1790 2682">
     <span class='ocr_line' id='line_1_58' title="bbox 1041 317 1787 361; baseline 0.013 -10"><span class='ocrx_word' id='word_1_283' title='bbox 1041 317 1176 354; x_wconf 81' lang='lat' dir='ltr'>Sanctae</span> <span class='ocrx_word' id='word_1_284' title='bbox 1190 319 1319 355; x_wconf 77' lang='lat' dir='ltr'>Mariae:</span> <span class='ocrx_word' id='word_1_285' title='bbox 1345 320 1500 357; x_wconf 71' lang='lat' dir='ltr'>Alliantim</span> <span class='ocrx_word' id='word_1_286' title='bbox 1517 334 1589 358; x_wconf 89' lang='lat' dir='ltr'>cum</span> <span class='ocrx_word' id='word_1_287' title='bbox 1607 324 1737 360; x_wconf 89' lang='lat' dir='ltr'>ecclesia</span> <span class='ocrx_word' id='word_1_288' title='bbox 1753 325 1787 361; x_wconf 91' lang='lat' dir='ltr'>S.</span> 
     </span>
     <span class='ocr_line' id='line_1_59' title="bbox 1040 367 1788 410; baseline 0.012 -9"><span class='ocrx_word' id='word_1_289' title='bbox 1040 367 1149 402; x_wconf 84' lang='lat' dir='ltr'>luliae:</span> <span class='ocrx_word' id='word_1_290' title='bbox 1179 369 1406 409; x_wconf 79' lang='lat' dir='ltr'>Mouticellum,</span> <span class='ocrx_word' id='word_1_291' title='bbox 1421 384 1492 406; x_wconf 89' lang='lat' dir='ltr'>cum</span> <span class='ocrx_word' id='word_1_292' title='bbox 1506 373 1637 408; x_wconf 86' lang='lat' dir='ltr'>ecclesia</span> <span class='ocrx_word' id='word_1_293' title='bbox 1653 374 1788 410; x_wconf 87' lang='lat' dir='ltr'>Sanctae</span> 
     </span>
     <span class='ocr_line' id='line_1_60' title="bbox 1041 416 1787 463; baseline 0.013 -14"><span class='ocrx_word' id='word_1_294' title='bbox 1041 416 1170 451; x_wconf 79' lang='lat' dir='ltr'>Mariae:</span> <span class='ocrx_word' id='word_1_295' title='bbox 1194 417 1308 463; x_wconf 73' lang='lat' dir='ltr'>Vnum,</span> <span class='ocrx_word' id='word_1_296' title='bbox 1331 432 1402 454; x_wconf 87' lang='lat' dir='ltr'>cum</span> <span class='ocrx_word' id='word_1_297' title='bbox 1425 422 1565 456; x_wconf 82' lang='lat' dir='ltr'>ecclesiis</span> <span class='ocrx_word' id='word_1_298' title='bbox 1580 422 1688 458; x_wconf 85' lang='lat' dir='ltr'>Sancti</span> <span class='ocrx_word' id='word_1_299' title='bbox 1702 423 1787 458; x_wconf 88' lang='lat' dir='ltr'>Petri</span> 
     </span>
     <span class='ocr_line' id='line_1_61' title="bbox 1039 466 1790 508; baseline 0.013 -9"><span class='ocrx_word' id='word_1_300' title='bbox 1039 473 1068 499; x_wconf 79' lang='lat' dir='ltr'>et</span> <span class='ocrx_word' id='word_1_301' title='bbox 1091 466 1196 501; x_wconf 72' lang='lat' dir='ltr'>Sancti</span> <span class='ocrx_word' id='word_1_302' title='bbox 1224 466 1402 503; x_wconf 86' lang='lat' dir='ltr'>Laurentii:</span> <span class='ocrx_word' id='word_1_303' title='bbox 1430 470 1630 506; x_wconf 87' lang='lat' dir='ltr'>Calvatonem</span> <span class='ocrx_word' id='word_1_304' title='bbox 1655 485 1725 507; x_wconf 91' lang='lat' dir='ltr'>cum</span> <span class='ocrx_word' id='word_1_305' title='bbox 1740 485 1790 508; x_wconf 87' lang='lat' dir='ltr'>ec-</span> 
     </span>
     <span class='ocr_line' id='line_1_62' title="bbox 1038 515 1784 558; baseline 0.015 -11"><span class='ocrx_word' id='word_1_306' title='bbox 1038 515 1142 549; x_wconf 88' lang='lat' dir='ltr'>clesiis</span> <span class='ocrx_word' id='word_1_307' title='bbox 1164 515 1296 551; x_wconf 75' lang='lat' dir='ltr'>Sanctae</span> <span class='ocrx_word' id='word_1_308' title='bbox 1319 517 1434 552; x_wconf 78' lang='lat' dir='ltr'>Mariae</span> <span class='ocrx_word' id='word_1_309' title='bbox 1461 527 1491 553; x_wconf 91' lang='lat' dir='ltr'>et</span> <span class='ocrx_word' id='word_1_310' title='bbox 1517 519 1651 556; x_wconf 88' lang='lat' dir='ltr'>Sanctae</span> <span class='ocrx_word' id='word_1_311' title='bbox 1671 521 1784 558; x_wconf 81' lang='lat' dir='ltr'>Iuliae:</span> 
     </span>
     <span class='ocr_line' id='line_1_63' title="bbox 1037 563 1787 607; baseline 0.016 -12"><span class='ocrx_word' id='word_1_312' title='bbox 1037 563 1274 599; x_wconf 82' lang='lat' dir='ltr'>Scandoloriam</span> <span class='ocrx_word' id='word_1_313' title='bbox 1289 578 1360 600; x_wconf 87' lang='lat' dir='ltr'>cum</span> <span class='ocrx_word' id='word_1_314' title='bbox 1376 568 1506 602; x_wconf 86' lang='lat' dir='ltr'>ecclesia</span> <span class='ocrx_word' id='word_1_315' title='bbox 1529 570 1634 604; x_wconf 78' lang='lat' dir='ltr'>Sancti</span> <span class='ocrx_word' id='word_1_316' title='bbox 1652 571 1787 607; x_wconf 85' lang='lat' dir='ltr'>Michae-</span> 
     </span>
     <span class='ocr_line' id='line_1_64' title="bbox 1038 612 1786 656; baseline 0.013 -10"><span class='ocrx_word' id='word_1_317' title='bbox 1038 612 1089 647; x_wconf 90' lang='lat' dir='ltr'>lis:</span> <span class='ocrx_word' id='word_1_318' title='bbox 1129 613 1340 649; x_wconf 87' lang='lat' dir='ltr'>Ciconiariam</span> <span class='ocrx_word' id='word_1_319' title='bbox 1373 628 1445 650; x_wconf 88' lang='lat' dir='ltr'>curn</span> <span class='ocrx_word' id='word_1_320' title='bbox 1481 619 1612 653; x_wconf 87' lang='lat' dir='ltr'>ecclesia</span> <span class='ocrx_word' id='word_1_321' title='bbox 1651 620 1786 656; x_wconf 89' lang='lat' dir='ltr'>Sanctae</span> 
     </span>
     <span class='ocr_line' id='line_1_65' title="bbox 1038 662 1786 710; baseline 0.015 -15"><span class='ocrx_word' id='word_1_322' title='bbox 1038 662 1168 697; x_wconf 75' lang='lat' dir='ltr'>Mariae:</span> <span class='ocrx_word' id='word_1_323' title='bbox 1204 663 1404 710; x_wconf 80' lang='lat' dir='ltr'>Gosenagum</span> <span class='ocrx_word' id='word_1_324' title='bbox 1429 677 1500 700; x_wconf 90' lang='lat' dir='ltr'>cum</span> <span class='ocrx_word' id='word_1_325' title='bbox 1523 667 1653 703; x_wconf 82' lang='lat' dir='ltr'>ecclesia</span> <span class='ocrx_word' id='word_1_326' title='bbox 1681 669 1786 705; x_wconf 86' lang='lat' dir='ltr'>Sancti</span> 
     </span>
     <span class='ocr_line' id='line_1_66' title="bbox 1036 711 1787 757; baseline 0.012 -12"><span class='ocrx_word' id='word_1_327' title='bbox 1036 711 1159 746; x_wconf 79' lang='lat' dir='ltr'>Martini</span> <span class='ocrx_word' id='word_1_328' title='bbox 1182 713 1387 748; x_wconf 80' lang='lat' dir='ltr'>confessoris:</span> <span class='ocrx_word' id='word_1_329' title='bbox 1412 714 1608 757; x_wconf 78' lang='lat' dir='ltr'>Miliarinam,</span> <span class='ocrx_word' id='word_1_330' title='bbox 1631 730 1701 752; x_wconf 87' lang='lat' dir='ltr'>cum</span> <span class='ocrx_word' id='word_1_331' title='bbox 1725 732 1787 754; x_wconf 89' lang='lat' dir='ltr'>ec-</span> 
     </span>
     <span class='ocr_line' id='line_1_67' title="bbox 1035 761 1786 804; baseline 0.012 -10"><span class='ocrx_word' id='word_1_332' title='bbox 1035 761 1129 796; x_wconf 88' lang='lat' dir='ltr'>clesia</span> <span class='ocrx_word' id='word_1_333' title='bbox 1144 761 1276 797; x_wconf 77' lang='lat' dir='ltr'>Sanctae</span> <span class='ocrx_word' id='word_1_334' title='bbox 1294 762 1402 804; x_wconf 89' lang='lat' dir='ltr'>Iuliae,</span> <span class='ocrx_word' id='word_1_335' title='bbox 1425 772 1454 798; x_wconf 87' lang='lat' dir='ltr'>et</span> <span class='ocrx_word' id='word_1_336' title='bbox 1474 764 1662 801; x_wconf 77' lang='lat' dir='ltr'>Sermidam.</span> <span class='ocrx_word' id='word_1_337' title='bbox 1687 768 1786 803; x_wconf 88' lang='lat' dir='ltr'>Prae-</span> 
     </span>
     <span class='ocr_line' id='line_1_68' title="bbox 1037 813 1785 863; baseline 0.011 -19"><span class='ocrx_word' id='word_1_338' title='bbox 1037 818 1117 844; x_wconf 83' lang='lat' dir='ltr'>terea</span> <span class='ocrx_word' id='word_1_339' title='bbox 1151 824 1366 859; x_wconf 87' lang='lat' dir='ltr'>quascumque</span> <span class='ocrx_word' id='word_1_340' title='bbox 1406 813 1481 848; x_wconf 89' lang='lat' dir='ltr'>alias</span> <span class='ocrx_word' id='word_1_341' title='bbox 1517 823 1638 856; x_wconf 79' lang='lat' dir='ltr'>curtes,</span> <span class='ocrx_word' id='word_1_342' title='bbox 1674 817 1785 863; x_wconf 85' lang='lat' dir='ltr'>villas,</span> 
     </span>
     <span class='ocr_line' id='line_1_69' title="bbox 1035 860 1787 902; baseline 0.012 -9"><span class='ocrx_word' id='word_1_343' title='bbox 1035 860 1171 900; x_wconf 85' lang='lat' dir='ltr'>castella,</span> <span class='ocrx_word' id='word_1_344' title='bbox 1199 861 1347 896; x_wconf 85' lang='lat' dir='ltr'>ecclesias</span> <span class='ocrx_word' id='word_1_345' title='bbox 1374 870 1403 896; x_wconf 90' lang='lat' dir='ltr'>et</span> <span class='ocrx_word' id='word_1_346' title='bbox 1430 863 1535 897; x_wconf 89' lang='lat' dir='ltr'>omnia</span> <span class='ocrx_word' id='word_1_347' title='bbox 1557 864 1595 898; x_wconf 88' lang='lat' dir='ltr'>ad</span> <span class='ocrx_word' id='word_1_348' title='bbox 1616 865 1697 900; x_wconf 86' lang='lat' dir='ltr'>idem</span> <span class='ocrx_word' id='word_1_349' title='bbox 1717 879 1787 902; x_wconf 90' lang='lat' dir='ltr'>mo-</span> 
     </span>
     <span class='ocr_line' id='line_1_70' title="bbox 1036 911 1784 956; baseline 0.012 -14"><span class='ocrx_word' id='word_1_350' title='bbox 1036 911 1204 944; x_wconf 86' lang='lat' dir='ltr'>nasterium</span> <span class='ocrx_word' id='word_1_351' title='bbox 1234 912 1430 956; x_wconf 81' lang='lat' dir='ltr'>pertinentia,</span> <span class='ocrx_word' id='word_1_352' title='bbox 1465 911 1551 947; x_wconf 82' lang='lat' dir='ltr'>robis</span> <span class='ocrx_word' id='word_1_353' title='bbox 1578 914 1784 951; x_wconf 84' lang='lat' dir='ltr'>nibilominus</span> 
     </span>
     <span class='ocr_line' id='line_1_71' title="bbox 1034 959 1786 1010; baseline 0.011 -18"><span class='ocrx_word' id='word_1_354' title='bbox 1034 959 1268 994; x_wconf 77' lang='lat' dir='ltr'>confirmamus.</span> <span class='ocrx_word' id='word_1_355' title='bbox 1304 960 1465 995; x_wconf 85' lang='lat' dir='ltr'>Praesenti</span> <span class='ocrx_word' id='word_1_356' title='bbox 1499 974 1626 1010; x_wconf 89' lang='lat' dir='ltr'>quoque</span> <span class='ocrx_word' id='word_1_357' title='bbox 1659 964 1786 1000; x_wconf 86' lang='lat' dir='ltr'>decreto</span> 
     </span>
     <span class='ocr_line' id='line_1_72' title="bbox 1034 1009 1783 1056; baseline 0.012 -16"><span class='ocrx_word' id='word_1_358' title='bbox 1034 1009 1214 1052; x_wconf 77' lang='lat' dir='ltr'>sancimus,</span> <span class='ocrx_word' id='word_1_359' title='bbox 1253 1017 1284 1043; x_wconf 90' lang='lat' dir='ltr'>ut</span> <span class='ocrx_word' id='word_1_360' title='bbox 1325 1011 1517 1056; x_wconf 83' lang='lat' dir='ltr'>praedictum</span> <span class='ocrx_word' id='word_1_361' title='bbox 1559 1015 1783 1049; x_wconf 83' lang='lat' dir='ltr'>monasterium</span> 
     </span>
     <span class='ocr_line' id='line_1_73' title="bbox 1034 1057 1787 1108; baseline 0.012 -19"><span class='ocrx_word' id='word_1_362' title='bbox 1034 1057 1233 1103; x_wconf 78' lang='lat' dir='ltr'>Apostolicae</span> <span class='ocrx_word' id='word_1_363' title='bbox 1251 1058 1345 1093; x_wconf 80' lang='lat' dir='ltr'>Sedis</span> <span class='ocrx_word' id='word_1_364' title='bbox 1361 1060 1554 1106; x_wconf 86' lang='lat' dir='ltr'>protectione</span> <span class='ocrx_word' id='word_1_365' title='bbox 1576 1069 1605 1096; x_wconf 89' lang='lat' dir='ltr'>ct</span> <span class='ocrx_word' id='word_1_366' title='bbox 1629 1063 1710 1108; x_wconf 75' lang='lat' dir='ltr'>regia</span> <span class='ocrx_word' id='word_1_367' title='bbox 1730 1064 1787 1098; x_wconf 90' lang='lat' dir='ltr'>de-</span> 
     </span>
     <span class='ocr_line' id='line_1_74' title="bbox 1034 1104 1782 1160; baseline 0.011 -21"><span class='ocrx_word' id='word_1_368' title='bbox 1034 1104 1174 1141; x_wconf 85' lang='lat' dir='ltr'>fensioue</span> <span class='ocrx_word' id='word_1_369' title='bbox 1202 1108 1374 1148; x_wconf 84' lang='lat' dir='ltr'>munitum,</span> <span class='ocrx_word' id='word_1_370' title='bbox 1403 1108 1462 1142; x_wconf 87' lang='lat' dir='ltr'>snb</span> <span class='ocrx_word' id='word_1_371' title='bbox 1491 1110 1608 1145; x_wconf 89' lang='lat' dir='ltr'>nullius</span> <span class='ocrx_word' id='word_1_372' title='bbox 1632 1124 1782 1160; x_wconf 85' lang='lat' dir='ltr'>umquam</span> 
     </span>
     <span class='ocr_line' id='line_1_75' title="bbox 1032 1155 1785 1203; baseline 0.012 -15"><span class='ocrx_word' id='word_1_373' title='bbox 1032 1155 1159 1190; x_wconf 87' lang='lat' dir='ltr'>alterius</span> <span class='ocrx_word' id='word_1_374' title='bbox 1182 1166 1348 1203; x_wconf 72' lang='lat' dir='ltr'>potestate,</span> <span class='ocrx_word' id='word_1_375' title='bbox 1376 1158 1421 1192; x_wconf 77' lang='lat' dir='ltr'>vel</span> <span class='ocrx_word' id='word_1_376' title='bbox 1448 1159 1720 1196; x_wconf 84' lang='lat' dir='ltr'>iurisdictionibus</span> <span class='ocrx_word' id='word_1_377' title='bbox 1739 1174 1785 1197; x_wconf 85' lang='lat' dir='ltr'>re-</span> 
     </span>
     <span class='ocr_line' id='line_1_76' title="bbox 1033 1203 1782 1253; baseline 0.012 -16"><span class='ocrx_word' id='word_1_378' title='bbox 1033 1203 1172 1250; x_wconf 80' lang='lat' dir='ltr'>digatur;</span> <span class='ocrx_word' id='word_1_379' title='bbox 1200 1207 1278 1241; x_wconf 88' lang='lat' dir='ltr'>adeo</span> <span class='ocrx_word' id='word_1_380' title='bbox 1305 1216 1338 1240; x_wconf 92' lang='lat' dir='ltr'>ut</span> <span class='ocrx_word' id='word_1_381' title='bbox 1371 1208 1535 1253; x_wconf 88' lang='lat' dir='ltr'>quisquam</span> <span class='ocrx_word' id='word_1_382' title='bbox 1563 1211 1782 1252; x_wconf 63' lang='lat' dir='ltr'>sacerdotum,</span> 
     </span>
     <span class='ocr_line' id='line_1_77' title="bbox 1034 1254 1786 1301; baseline 0.012 -15"><span class='ocrx_word' id='word_1_383' title='bbox 1034 1254 1092 1287; x_wconf 87' lang='lat' dir='ltr'>nisi</span> <span class='ocrx_word' id='word_1_384' title='bbox 1120 1254 1158 1288; x_wconf 87' lang='lat' dir='ltr'>ab</span> <span class='ocrx_word' id='word_1_385' title='bbox 1181 1255 1281 1301; x_wconf 88' lang='lat' dir='ltr'>ipsius</span> <span class='ocrx_word' id='word_1_386' title='bbox 1303 1255 1361 1290; x_wconf 86' lang='lat' dir='ltr'>loci</span> <span class='ocrx_word' id='word_1_387' title='bbox 1384 1256 1539 1291; x_wconf 73' lang='lat' dir='ltr'>abbatissa</span> <span class='ocrx_word' id='word_1_388' title='bbox 1563 1257 1655 1292; x_wconf 84' lang='lat' dir='ltr'>sue&#39;rit</span> <span class='ocrx_word' id='word_1_389' title='bbox 1672 1260 1786 1295; x_wconf 88' lang='lat' dir='ltr'>invita-</span> 
     </span>
     <span class='ocr_line' id='line_1_78' title="bbox 1032 1304 1785 1344; baseline 0.012 -9"><span class='ocrx_word' id='word_1_390' title='bbox 1032 1309 1094 1342; x_wconf 85' lang='lat' dir='ltr'>tus,</span> <span class='ocrx_word' id='word_1_391' title='bbox 1115 1304 1174 1338; x_wconf 76' lang='lat' dir='ltr'>‘nec</span> <span class='ocrx_word' id='word_1_392' title='bbox 1198 1307 1363 1339; x_wconf 84' lang='lat' dir='ltr'>missarum</span> <span class='ocrx_word' id='word_1_393' title='bbox 1382 1306 1535 1340; x_wconf 86' lang='lat' dir='ltr'>solemnia</span> <span class='ocrx_word' id='word_1_394' title='bbox 1560 1307 1599 1341; x_wconf 90' lang='lat' dir='ltr'>ibi</span> <span class='ocrx_word' id='word_1_395' title='bbox 1624 1308 1785 1344; x_wconf 83' lang='lat' dir='ltr'>celebrare</span> 
     </span>
     <span class='ocr_line' id='line_1_79' title="bbox 1034 1354 1783 1400; baseline 0.009 -15"><span class='ocrx_word' id='word_1_396' title='bbox 1034 1361 1223 1397; x_wconf 85' lang='lat' dir='ltr'>praesumat.</span> <span class='ocrx_word' id='word_1_397' title='bbox 1246 1354 1329 1388; x_wconf 83' lang='lat' dir='ltr'>Nulli</span> <span class='ocrx_word' id='word_1_398' title='bbox 1357 1366 1432 1400; x_wconf 82' lang='lat' dir='ltr'>ergo</span> <span class='ocrx_word' id='word_1_399' title='bbox 1459 1356 1588 1391; x_wconf 89' lang='lat' dir='ltr'>omniuo</span> <span class='ocrx_word' id='word_1_400' title='bbox 1617 1356 1783 1392; x_wconf 86' lang='lat' dir='ltr'>hominum</span> 
     </span>
     <span class='ocr_line' id='line_1_80' title="bbox 1033 1401 1784 1449; baseline 0.011 -15"><span class='ocrx_word' id='word_1_401' title='bbox 1033 1401 1141 1444; x_wconf 81' lang='lat' dir='ltr'>fassit,</span> <span class='ocrx_word' id='word_1_402' title='bbox 1160 1404 1431 1449; x_wconf 84' lang='lat' dir='ltr'>praenominatum</span> <span class='ocrx_word' id='word_1_403' title='bbox 1454 1405 1642 1440; x_wconf 86' lang='lat' dir='ltr'>coenobium</span> <span class='ocrx_word' id='word_1_404' title='bbox 1668 1415 1784 1442; x_wconf 89' lang='lat' dir='ltr'>temere</span> 
     </span>
     <span class='ocr_line' id='line_1_81' title="bbox 1033 1451 1784 1501; baseline 0.008 -17"><span class='ocrx_word' id='word_1_405' title='bbox 1033 1451 1224 1496; x_wconf 76' lang='lat' dir='ltr'>perturbare,</span> <span class='ocrx_word' id='word_1_406' title='bbox 1253 1461 1305 1486; x_wconf 88' lang='lat' dir='ltr'>aut</span> <span class='ocrx_word' id='word_1_407' title='bbox 1327 1453 1395 1487; x_wconf 89' lang='lat' dir='ltr'>eius</span> <span class='ocrx_word' id='word_1_408' title='bbox 1412 1454 1626 1500; x_wconf 69' lang='lat' dir='ltr'>possessiones</span> <span class='ocrx_word' id='word_1_409' title='bbox 1648 1455 1784 1501; x_wconf 82' lang='lat' dir='ltr'>auferre,</span> 
     </span>
     <span class='ocr_line' id='line_1_82' title="bbox 1033 1499 1786 1552; baseline 0.009 -20"><span class='ocrx_word' id='word_1_410' title='bbox 1033 1499 1078 1533; x_wconf 80' lang='lat' dir='ltr'>rel</span> <span class='ocrx_word' id='word_1_411' title='bbox 1106 1500 1223 1535; x_wconf 82' lang='lat' dir='ltr'>ablatas</span> <span class='ocrx_word' id='word_1_412' title='bbox 1246 1502 1390 1542; x_wconf 83' lang='lat' dir='ltr'>retinere,</span> <span class='ocrx_word' id='word_1_413' title='bbox 1418 1503 1570 1547; x_wconf 80' lang='lat' dir='ltr'>minuere,</span> <span class='ocrx_word' id='word_1_414' title='bbox 1598 1512 1651 1538; x_wconf 91' lang='lat' dir='ltr'>aut</span> <span class='ocrx_word' id='word_1_415' title='bbox 1673 1505 1786 1552; x_wconf 88' lang='lat' dir='ltr'>aliqui-</span> 
     </span>
     <span class='ocr_line' id='line_1_83' title="bbox 1032 1547 1784 1597; baseline 0.011 -16"><span class='ocrx_word' id='word_1_416' title='bbox 1032 1547 1091 1583; x_wconf 86' lang='lat' dir='ltr'>bus</span> <span class='ocrx_word' id='word_1_417' title='bbox 1113 1550 1329 1585; x_wconf 61' lang='lat' dir='ltr'>vexssitionibus</span> <span class='ocrx_word' id='word_1_418' title='bbox 1348 1551 1494 1597; x_wconf 76' lang='lat' dir='ltr'>fatigare3</span> <span class='ocrx_word' id='word_1_419' title='bbox 1522 1552 1576 1586; x_wconf 89' lang='lat' dir='ltr'>sed</span> <span class='ocrx_word' id='word_1_420' title='bbox 1605 1555 1710 1588; x_wconf 84' lang='lat' dir='ltr'>omnia</span> <span class='ocrx_word' id='word_1_421' title='bbox 1733 1556 1784 1589; x_wconf 88' lang='lat' dir='ltr'>in-</span> 
     </span>
     <span class='ocr_line' id='line_1_84' title="bbox 1032 1606 1781 1650; baseline 0.009 -19"><span class='ocrx_word' id='word_1_422' title='bbox 1032 1606 1116 1644; x_wconf 78' lang='lat' dir='ltr'>tegra</span> <span class='ocrx_word' id='word_1_423' title='bbox 1151 1608 1379 1635; x_wconf 81' lang='lat' dir='ltr'>conserventur</span> <span class='ocrx_word' id='word_1_424' title='bbox 1412 1612 1538 1643; x_wconf 87' lang='lat' dir='ltr'>earum,</span> <span class='ocrx_word' id='word_1_425' title='bbox 1567 1614 1623 1648; x_wconf 90' lang='lat' dir='ltr'>pro</span> <span class='ocrx_word' id='word_1_426' title='bbox 1645 1615 1781 1650; x_wconf 89' lang='lat' dir='ltr'>quarum</span> 
     </span>
     <span class='ocr_line' id='line_1_85' title="bbox 1030 1648 1783 1692; baseline 0.009 -11"><span class='ocrx_word' id='word_1_427' title='bbox 1030 1648 1257 1692; x_wconf 79' lang='lat' dir='ltr'>gubernatione</span> <span class='ocrx_word' id='word_1_428' title='bbox 1287 1658 1319 1689; x_wconf 81' lang='lat' dir='ltr'>et</span> <span class='ocrx_word' id='word_1_429' title='bbox 1346 1649 1595 1685; x_wconf 89' lang='lat' dir='ltr'>substentatione</span> <span class='ocrx_word' id='word_1_430' title='bbox 1632 1663 1783 1688; x_wconf 64' lang='lat' dir='ltr'>concessa</span> 
     </span>
     <span class='ocr_line' id='line_1_86' title="bbox 1031 1697 1786 1745; baseline 0.008 -15"><span class='ocrx_word' id='word_1_431' title='bbox 1031 1706 1115 1736; x_wconf 87' lang='lat' dir='ltr'>sunt,</span> <span class='ocrx_word' id='word_1_432' title='bbox 1143 1697 1252 1733; x_wconf 85' lang='lat' dir='ltr'>usibus</span> <span class='ocrx_word' id='word_1_433' title='bbox 1274 1699 1466 1733; x_wconf 82' lang='lat' dir='ltr'>omnimodis</span> <span class='ocrx_word' id='word_1_434' title='bbox 1498 1700 1669 1745; x_wconf 76' lang='lat' dir='ltr'>profutura.</span> <span class='ocrx_word' id='word_1_435' title='bbox 1712 1701 1786 1736; x_wconf 85' lang='lat' dir='ltr'>Oh-</span> 
     </span>
     <span class='ocr_line' id='line_1_87' title="bbox 1031 1748 1785 1794; baseline 0.008 -15"><span class='ocrx_word' id='word_1_436' title='bbox 1031 1755 1124 1780; x_wconf 87' lang='lat' dir='ltr'>eunte</span> <span class='ocrx_word' id='word_1_437' title='bbox 1151 1759 1223 1781; x_wconf 78' lang='lat' dir='ltr'>vero</span> <span class='ocrx_word' id='word_1_438' title='bbox 1252 1756 1291 1787; x_wconf 91' lang='lat' dir='ltr'>te,</span> <span class='ocrx_word' id='word_1_439' title='bbox 1327 1748 1426 1794; x_wconf 87' lang='lat' dir='ltr'>ipsius</span> <span class='ocrx_word' id='word_1_440' title='bbox 1453 1748 1512 1782; x_wconf 88' lang='lat' dir='ltr'>loci</span> <span class='ocrx_word' id='word_1_441' title='bbox 1536 1749 1703 1794; x_wconf 81' lang='lat' dir='ltr'>abbatissa,</span> <span class='ocrx_word' id='word_1_442' title='bbox 1738 1751 1785 1785; x_wconf 65' lang='lat' dir='ltr'>vvel</span> 
     </span>
     <span class='ocr_line' id='line_1_88' title="bbox 1031 1795 1786 1844; baseline 0.008 -16"><span class='ocrx_word' id='word_1_443' title='bbox 1031 1795 1131 1842; x_wconf 86' lang='lat' dir='ltr'>aliqua</span> <span class='ocrx_word' id='word_1_444' title='bbox 1156 1796 1296 1836; x_wconf 87' lang='lat' dir='ltr'>illarum,</span> <span class='ocrx_word' id='word_1_445' title='bbox 1328 1809 1408 1844; x_wconf 88' lang='lat' dir='ltr'>quae</span> <span class='ocrx_word' id='word_1_446' title='bbox 1436 1797 1488 1831; x_wconf 87' lang='lat' dir='ltr'>tibi</span> <span class='ocrx_word' id='word_1_447' title='bbox 1519 1798 1549 1832; x_wconf 89' lang='lat' dir='ltr'>in</span> <span class='ocrx_word' id='word_1_448' title='bbox 1583 1800 1693 1834; x_wconf 86' lang='lat' dir='ltr'>eodem</span> <span class='ocrx_word' id='word_1_449' title='bbox 1725 1812 1786 1834; x_wconf 85' lang='lat' dir='ltr'>re-</span> 
     </span>
     <span class='ocr_line' id='line_1_89' title="bbox 1030 1845 1786 1896; baseline 0.011 -20"><span class='ocrx_word' id='word_1_450' title='bbox 1030 1845 1148 1890; x_wconf 75' lang='lat' dir='ltr'>gimine</span> <span class='ocrx_word' id='word_1_451' title='bbox 1182 1847 1407 1887; x_wconf 84' lang='lat' dir='ltr'>successerint,</span> <span class='ocrx_word' id='word_1_452' title='bbox 1443 1847 1527 1882; x_wconf 87' lang='lat' dir='ltr'>nulla</span> <span class='ocrx_word' id='word_1_453' title='bbox 1567 1847 1608 1882; x_wconf 90' lang='lat' dir='ltr'>ibi</span> <span class='ocrx_word' id='word_1_454' title='bbox 1644 1848 1786 1896; x_wconf 76' lang='lat' dir='ltr'>qualibet</span> 
     </span>
     <span class='ocr_line' id='line_1_90' title="bbox 1031 1893 1784 1944; baseline 0.008 -17"><span class='ocrx_word' id='word_1_455' title='bbox 1031 1893 1243 1941; x_wconf 87' lang='lat' dir='ltr'>subreptionis</span> <span class='ocrx_word' id='word_1_456' title='bbox 1264 1897 1377 1930; x_wconf 87' lang='lat' dir='ltr'>astutia</span> <span class='ocrx_word' id='word_1_457' title='bbox 1406 1908 1462 1930; x_wconf 87' lang='lat' dir='ltr'>seu</span> <span class='ocrx_word' id='word_1_458' title='bbox 1491 1897 1634 1932; x_wconf 77' lang='lat' dir='ltr'>violentia</span> <span class='ocrx_word' id='word_1_459' title='bbox 1653 1910 1784 1944; x_wconf 86' lang='lat' dir='ltr'>praepo—</span> 
     </span>
     <span class='ocr_line' id='line_1_91' title="bbox 1032 1945 1782 1992; baseline 0.007 -16"><span class='ocrx_word' id='word_1_460' title='bbox 1032 1952 1132 1982; x_wconf 77' lang='lat' dir='ltr'>natur,</span> <span class='ocrx_word' id='word_1_461' title='bbox 1161 1945 1218 1979; x_wconf 86' lang='lat' dir='ltr'>nisi</span> <span class='ocrx_word' id='word_1_462' title='bbox 1247 1957 1340 1992; x_wconf 83' lang='lat' dir='ltr'>quam</span> <span class='ocrx_word' id='word_1_463' title='bbox 1370 1957 1492 1980; x_wconf 87' lang='lat' dir='ltr'>sorores</span> <span class='ocrx_word' id='word_1_464' title='bbox 1518 1948 1677 1981; x_wconf 87' lang='lat' dir='ltr'>communi</span> <span class='ocrx_word' id='word_1_465' title='bbox 1703 1959 1782 1982; x_wconf 85' lang='lat' dir='ltr'>con-</span> 
     </span>
     <span class='ocr_line' id='line_1_92' title="bbox 1031 1994 1781 2040; baseline 0.005 -14"><span class='ocrx_word' id='word_1_466' title='bbox 1031 2004 1137 2035; x_wconf 89' lang='lat' dir='ltr'>sensu,</span> <span class='ocrx_word' id='word_1_467' title='bbox 1165 1994 1211 2028; x_wconf 78' lang='lat' dir='ltr'>vel</span> <span class='ocrx_word' id='word_1_468' title='bbox 1234 2006 1377 2029; x_wconf 85' lang='lat' dir='ltr'>sororum</span> <span class='ocrx_word' id='word_1_469' title='bbox 1399 2008 1467 2040; x_wconf 85' lang='lat' dir='ltr'>pars</span> <span class='ocrx_word' id='word_1_470' title='bbox 1489 1995 1611 2030; x_wconf 78' lang='lat' dir='ltr'>consilii</span> <span class='ocrx_word' id='word_1_471' title='bbox 1635 1997 1781 2038; x_wconf 88' lang='lat' dir='ltr'>sanioris,</span> 
     </span>
     <span class='ocr_line' id='line_1_93' title="bbox 1031 2042 1784 2083; baseline 0.005 -8"><span class='ocrx_word' id='word_1_472' title='bbox 1031 2042 1207 2076; x_wconf 78' lang='lat' dir='ltr'>secundnm</span> <span class='ocrx_word' id='word_1_473' title='bbox 1236 2043 1293 2078; x_wconf 89' lang='lat' dir='ltr'>Dei</span> <span class='ocrx_word' id='word_1_474' title='bbox 1325 2044 1486 2083; x_wconf 83' lang='lat' dir='ltr'>timorem,</span> <span class='ocrx_word' id='word_1_475' title='bbox 1515 2053 1544 2078; x_wconf 90' lang='lat' dir='ltr'>et</span> <span class='ocrx_word' id='word_1_476' title='bbox 1568 2044 1648 2079; x_wconf 69' lang='lat' dir='ltr'>beati</span> <span class='ocrx_word' id='word_1_477' title='bbox 1677 2045 1784 2080; x_wconf 83' lang='lat' dir='ltr'>Bene-</span> 
     </span>
     <span class='ocr_line' id='line_1_94' title="bbox 1031 2090 1785 2138; baseline 0.007 -14"><span class='ocrx_word' id='word_1_478' title='bbox 1031 2090 1105 2124; x_wconf 87' lang='lat' dir='ltr'>dicti</span> <span class='ocrx_word' id='word_1_479' title='bbox 1122 2092 1273 2137; x_wconf 77' lang='lat' dir='ltr'>regulam,</span> <span class='ocrx_word' id='word_1_480' title='bbox 1292 2093 1478 2137; x_wconf 73' lang='lat' dir='ltr'>praeviderit</span> <span class='ocrx_word' id='word_1_481' title='bbox 1494 2093 1683 2138; x_wconf 82' lang='lat' dir='ltr'>eligendam.</span> <span class='ocrx_word' id='word_1_482' title='bbox 1702 2094 1785 2129; x_wconf 77' lang='lat' dir='ltr'>Sane</span> 
     </span>
     <span class='ocr_line' id='line_1_95' title="bbox 1032 2139 1785 2189; baseline 0.005 -16"><span class='ocrx_word' id='word_1_483' title='bbox 1032 2139 1131 2186; x_wconf 84' lang='lat' dir='ltr'>ipsius</span> <span class='ocrx_word' id='word_1_484' title='bbox 1153 2141 1210 2175; x_wconf 90' lang='lat' dir='ltr'>loci</span> <span class='ocrx_word' id='word_1_485' title='bbox 1243 2141 1419 2176; x_wconf 80' lang='lat' dir='ltr'>abbatissae</span> <span class='ocrx_word' id='word_1_486' title='bbox 1455 2142 1611 2176; x_wconf 87' lang='lat' dir='ltr'>licentiam</span> <span class='ocrx_word' id='word_1_487' title='bbox 1642 2143 1785 2189; x_wconf 76' lang='lat' dir='ltr'>indulge-</span> 
     </span>
     <span class='ocr_line' id='line_1_96' title="bbox 1033 2189 1782 2233; baseline 0.005 -11"><span class='ocrx_word' id='word_1_488' title='bbox 1033 2201 1114 2228; x_wconf 80' lang='lat' dir='ltr'>mus,</span> <span class='ocrx_word' id='word_1_489' title='bbox 1131 2189 1288 2224; x_wconf 84' lang='lat' dir='ltr'>Ecclesias</span> <span class='ocrx_word' id='word_1_490' title='bbox 1301 2190 1336 2224; x_wconf 86' lang='lat' dir='ltr'>ad</span> <span class='ocrx_word' id='word_1_491' title='bbox 1354 2190 1502 2225; x_wconf 86' lang='lat' dir='ltr'>bonorem</span> <span class='ocrx_word' id='word_1_492' title='bbox 1514 2191 1571 2225; x_wconf 85' lang='lat' dir='ltr'>Dei</span> <span class='ocrx_word' id='word_1_493' title='bbox 1586 2200 1782 2233; x_wconf 85' lang='lat' dir='ltr'>construere3</span> 
     </span>
     <span class='ocr_line' id='line_1_97' title="bbox 1033 2239 1784 2287; baseline 0.007 -16"><span class='ocrx_word' id='word_1_494' title='bbox 1033 2246 1204 2272; x_wconf 83' lang='lat' dir='ltr'>mercatum</span> <span class='ocrx_word' id='word_1_495' title='bbox 1241 2247 1270 2273; x_wconf 87' lang='lat' dir='ltr'>et</span> <span class='ocrx_word' id='word_1_496' title='bbox 1306 2239 1429 2273; x_wconf 88' lang='lat' dir='ltr'>castella</span> <span class='ocrx_word' id='word_1_497' title='bbox 1463 2240 1491 2273; x_wconf 92' lang='lat' dir='ltr'>in</span> <span class='ocrx_word' id='word_1_498' title='bbox 1529 2240 1617 2274; x_wconf 87' lang='lat' dir='ltr'>terris</span> <span class='ocrx_word' id='word_1_499' title='bbox 1657 2241 1784 2287; x_wconf 81' lang='lat' dir='ltr'>praefati</span> 
     </span>
     <span class='ocr_line' id='line_1_98' title="bbox 1034 2287 1784 2336; baseline 0.007 -17"><span class='ocrx_word' id='word_1_500' title='bbox 1034 2287 1214 2321; x_wconf 87' lang='lat' dir='ltr'>monasterii</span> <span class='ocrx_word' id='word_1_501' title='bbox 1249 2287 1442 2334; x_wconf 86' lang='lat' dir='ltr'>ubicumque</span> <span class='ocrx_word' id='word_1_502' title='bbox 1471 2288 1612 2330; x_wconf 77' lang='lat' dir='ltr'>voluerit,</span> <span class='ocrx_word' id='word_1_503' title='bbox 1641 2302 1695 2336; x_wconf 89' lang='lat' dir='ltr'>pro</span> <span class='ocrx_word' id='word_1_504' title='bbox 1724 2291 1784 2324; x_wconf 90' lang='lat' dir='ltr'>uti-</span> 
     </span>
     <span class='ocr_line' id='line_1_99' title="bbox 1033 2335 1785 2374; baseline 0.007 -6"><span class='ocrx_word' id='word_1_505' title='bbox 1033 2335 1118 2370; x_wconf 89' lang='lat' dir='ltr'>litate</span> <span class='ocrx_word' id='word_1_506' title='bbox 1135 2335 1275 2370; x_wconf 86' lang='lat' dir='ltr'>eiusdem</span> <span class='ocrx_word' id='word_1_507' title='bbox 1301 2338 1478 2371; x_wconf 89' lang='lat' dir='ltr'>monasterii</span> <span class='ocrx_word' id='word_1_508' title='bbox 1495 2347 1688 2373; x_wconf 86' lang='lat' dir='ltr'>construere.</span> <span class='ocrx_word' id='word_1_509' title='bbox 1704 2339 1785 2374; x_wconf 77' lang='lat' dir='ltr'>Nul-</span> 
     </span>
     <span class='ocr_line' id='line_1_100' title="bbox 1033 2383 1784 2432; baseline 0.008 -15"><span class='ocrx_word' id='word_1_510' title='bbox 1033 2383 1080 2418; x_wconf 91' lang='lat' dir='ltr'>lus</span> <span class='ocrx_word' id='word_1_511' title='bbox 1093 2385 1186 2419; x_wconf 85' lang='lat' dir='ltr'>etiam</span> <span class='ocrx_word' id='word_1_512' title='bbox 1203 2386 1379 2432; x_wconf 87' lang='lat' dir='ltr'>episcopus,</span> <span class='ocrx_word' id='word_1_513' title='bbox 1399 2386 1473 2430; x_wconf 79' lang='lat' dir='ltr'>dux,</span> <span class='ocrx_word' id='word_1_514' title='bbox 1494 2387 1644 2428; x_wconf 83' lang='lat' dir='ltr'>marchio,</span> <span class='ocrx_word' id='word_1_515' title='bbox 1666 2400 1784 2432; x_wconf 86' lang='lat' dir='ltr'>comes,</span> 
     </span>
     <span class='ocr_line' id='line_1_101' title="bbox 1035 2434 1785 2484; baseline 0.005 -16"><span class='ocrx_word' id='word_1_516' title='bbox 1035 2434 1224 2473; x_wconf 69' lang='lat' dir='ltr'>vicecomes,</span> <span class='ocrx_word' id='word_1_517' title='bbox 1257 2447 1310 2469; x_wconf 86' lang='lat' dir='ltr'>seu</span> <span class='ocrx_word' id='word_1_518' title='bbox 1345 2435 1446 2482; x_wconf 86' lang='lat' dir='ltr'>aliqua</span> <span class='ocrx_word' id='word_1_519' title='bbox 1483 2448 1593 2481; x_wconf 80' lang='lat' dir='ltr'>magna</span> <span class='ocrx_word' id='word_1_520' title='bbox 1631 2449 1785 2484; x_wconf 78' lang='lat' dir='ltr'>parvaque</span> 
     </span>
     <span class='ocr_line' id='line_1_102' title="bbox 1033 2484 1785 2532; baseline 0.008 -16"><span class='ocrx_word' id='word_1_521' title='bbox 1033 2494 1177 2529; x_wconf 83' lang='lat' dir='ltr'>persona,</span> <span class='ocrx_word' id='word_1_522' title='bbox 1194 2484 1291 2518; x_wconf 90' lang='lat' dir='ltr'>ullum</span> <span class='ocrx_word' id='word_1_523' title='bbox 1308 2484 1482 2518; x_wconf 87' lang='lat' dir='ltr'>districtum</span> <span class='ocrx_word' id='word_1_524' title='bbox 1497 2485 1526 2518; x_wconf 88' lang='lat' dir='ltr'>iu</span> <span class='ocrx_word' id='word_1_525' title='bbox 1538 2486 1698 2532; x_wconf 90' lang='lat' dir='ltr'>aliquibus</span> <span class='ocrx_word' id='word_1_526' title='bbox 1710 2488 1785 2522; x_wconf 86' lang='lat' dir='ltr'>locis</span> 
     </span>
     <span class='ocr_line' id='line_1_103' title="bbox 1034 2532 1786 2579; baseline 0.008 -14"><span class='ocrx_word' id='word_1_527' title='bbox 1034 2532 1134 2578; x_wconf 82' lang='lat' dir='ltr'>ipsius</span> <span class='ocrx_word' id='word_1_528' title='bbox 1153 2534 1332 2567; x_wconf 87' lang='lat' dir='ltr'>monasterii</span> <span class='ocrx_word' id='word_1_529' title='bbox 1357 2542 1474 2574; x_wconf 88' lang='lat' dir='ltr'>tenere,</span> <span class='ocrx_word' id='word_1_530' title='bbox 1497 2534 1542 2568; x_wconf 81' lang='lat' dir='ltr'>rel</span> <span class='ocrx_word' id='word_1_531' title='bbox 1559 2534 1710 2579; x_wconf 87' lang='lat' dir='ltr'>iudicare,</span> <span class='ocrx_word' id='word_1_532' title='bbox 1732 2545 1786 2571; x_wconf 87' lang='lat' dir='ltr'>aut</span> 
     </span>
     <span class='ocr_line' id='line_1_104' title="bbox 1033 2581 1785 2629; baseline 0.009 -16"><span class='ocrx_word' id='word_1_533' title='bbox 1033 2581 1159 2627; x_wconf 84' lang='lat' dir='ltr'>aliquod</span> <span class='ocrx_word' id='word_1_534' title='bbox 1180 2582 1325 2628; x_wconf 79' lang='lat' dir='ltr'>placitum</span> <span class='ocrx_word' id='word_1_535' title='bbox 1342 2582 1459 2629; x_wconf 86' lang='lat' dir='ltr'>absque</span> <span class='ocrx_word' id='word_1_536' title='bbox 1474 2583 1596 2617; x_wconf 88' lang='lat' dir='ltr'>licentia</span> <span class='ocrx_word' id='word_1_537' title='bbox 1609 2583 1785 2620; x_wconf 80' lang='lat' dir='ltr'>abbatissae</span> 
     </span>
     <span class='ocr_line' id='line_1_105' title="bbox 1034 2630 1785 2682; baseline 0.007 -18"><span class='ocrx_word' id='word_1_538' title='bbox 1034 2630 1150 2666; x_wconf 84' lang='lat' dir='ltr'>babere</span> <span class='ocrx_word' id='word_1_539' title='bbox 1178 2640 1374 2678; x_wconf 66' lang='lat' dir='ltr'>praesumat,</span> <span class='ocrx_word' id='word_1_540' title='bbox 1403 2640 1453 2666; x_wconf 86' lang='lat' dir='ltr'>aut</span> <span class='ocrx_word' id='word_1_541' title='bbox 1489 2644 1537 2667; x_wconf 86' lang='lat' dir='ltr'>res</span> <span class='ocrx_word' id='word_1_542' title='bbox 1565 2634 1664 2682; x_wconf 76' lang='lat' dir='ltr'>ipsius</span> <span class='ocrx_word' id='word_1_543' title='bbox 1692 2636 1785 2682; x_wconf 74' lang='lat' dir='ltr'>spiri-</span> 
     </span>
    </p>
   </div>
   <div class='ocr_carea' id='block_1_10' title="bbox 1816 252 2000 279">
    <p class='ocr_par' dir='ltr' id='par_1_10' title="bbox 1816 252 2000 279">
     <span class='ocr_line' id='line_1_106' title="bbox 1816 252 2000 279; baseline 0.005 -1"><span class='ocrx_word' id='word_1_544' title='bbox 1816 252 1865 278; x_wconf 80' lang='lat' dir='ltr'>An.</span> <span class='ocrx_word' id='word_1_545' title='bbox 1888 252 1914 278; x_wconf 82' lang='lat' dir='ltr'>C.</span> <span class='ocrx_word' id='word_1_546' title='bbox 1934 252 2000 279; x_wconf 86' lang='grc'>1133</span> 
     </span>
    </p>
   </div>
   <div class='ocr_carea' id='block_1_11' title="bbox 1813 725 1999 831">
    <p class='ocr_par' dir='ltr' id='par_1_11' title="bbox 1827 725 1999 753">
     <span class='ocr_line' id='line_1_107' title="bbox 1827 725 1999 753; baseline 0.023 -8"><span class='ocrx_word' id='word_1_547' title='bbox 1827 725 1926 752; x_wconf 78' lang='lat' dir='ltr'>tttunque</span> <span class='ocrx_word' id='word_1_548' title='bbox 1941 728 1999 753; x_wconf 79' lang='lat' dir='ltr'>Apo-</span> 
     </span>
    </p>

    <p class='ocr_par' dir='ltr' id='par_1_12' title="bbox 1813 753 1999 831">
     <span class='ocr_line' id='line_1_108' title="bbox 1814 753 1998 774; baseline 0.011 -2"><span class='ocrx_word' id='word_1_549' title='bbox 1814 753 1903 774; x_wconf 70' lang='lat' dir='ltr'>siniit-,ae</span> <span class='ocrx_word' id='word_1_550' title='bbox 1948 754 1998 774; x_wconf 61' lang='lat' dir='ltr'>Sesti</span> 
     </span>
     <span class='ocr_line' id='line_1_109' title="bbox 1813 779 1999 801; baseline 0.016 -4"><span class='ocrx_word' id='word_1_551' title='bbox 1813 779 1937 800; x_wconf 67' lang='lat' dir='ltr'>subiectum</span> <span class='ocrx_word' id='word_1_552' title='bbox 1953 781 1999 801; x_wconf 75' lang='lat' dir='ltr'>ture</span> 
     </span>
     <span class='ocr_line' id='line_1_110' title="bbox 1813 805 1945 831; baseline -0.008 -5"><span class='ocrx_word' id='word_1_553' title='bbox 1813 805 1945 831; x_wconf 54' lang='lat' dir='ltr'>declaratum</span> 
     </span>
    </p>
   </div>
   <div class='ocr_carea' id='block_1_12' title="bbox 1810 1709 1998 1839">
    <p class='ocr_par' dir='ltr' id='par_1_13' title="bbox 1810 1709 1998 1839">
     <span class='ocr_line' id='line_1_111' title="bbox 1838 1709 1998 1730; baseline 0.013 -2"><span class='ocrx_word' id='word_1_554' title='bbox 1838 1709 1862 1729; x_wconf 82' lang='lat' dir='ltr'>Et</span> <span class='ocrx_word' id='word_1_555' title='bbox 1876 1709 1998 1730; x_wconf 76' lang='lat' dir='ltr'>abbatissae</span> 
     </span>
     <span class='ocr_line' id='line_1_112' title="bbox 1810 1736 1997 1756; baseline 0.005 -1"><span class='ocrx_word' id='word_1_556' title='bbox 1810 1736 1942 1756; x_wconf 71' lang='lat' dir='ltr'>etectionem</span> <span class='ocrx_word' id='word_1_557' title='bbox 1972 1737 1997 1756; x_wconf 79' lang='lat' dir='ltr'>ad</span> 
     </span>
     <span class='ocr_line' id='line_1_113' title="bbox 1810 1763 1998 1783; baseline 0.011 -2"><span class='ocrx_word' id='word_1_558' title='bbox 1810 1763 1866 1782; x_wconf 71' lang='lat' dir='ltr'>solas</span> <span class='ocrx_word' id='word_1_559' title='bbox 1891 1763 1998 1783; x_wconf 74' lang='lat' dir='ltr'>moniales</span> 
     </span>
     <span class='ocr_line' id='line_1_114' title="bbox 1812 1790 1997 1814; baseline 0 -5"><span class='ocrx_word' id='word_1_560' title='bbox 1812 1793 1910 1814; x_wconf 81' lang='lat' dir='ltr'>spectare</span> <span class='ocrx_word' id='word_1_561' title='bbox 1924 1790 1997 1809; x_wconf 85' lang='lat' dir='ltr'>decer-</span> 
     </span>
     <span class='ocr_line' id='line_1_115' title="bbox 1812 1819 1882 1839; baseline -0.014 -3"><span class='ocrx_word' id='word_1_562' title='bbox 1812 1819 1882 1839; x_wconf 70' lang='lat' dir='ltr'>nitur:</span> 
     </span>
    </p>
   </div>
   <div class='ocr_carea' id='block_1_13' title="bbox 1807 2105 1998 2259">
    <p class='ocr_par' dir='ltr' id='par_1_14' title="bbox 1821 2105 1998 2127">
     <span class='ocr_line' id='line_1_116' title="bbox 1821 2105 1998 2127; baseline 0 -1"><span class='ocrx_word' id='word_1_563' title='bbox 1821 2105 1860 2126; x_wconf 83' lang='lat' dir='ltr'>cui</span> <span class='ocrx_word' id='word_1_564' title='bbox 1869 2110 1998 2127; x_wconf 85' lang='lat' dir='ltr'>construen-</span> 
     </span>
    </p>

    <p class='ocr_par' dir='ltr' id='par_1_15' title="bbox 1807 2133 1998 2259">
     <span class='ocr_line' id='line_1_117' title="bbox 1808 2133 1998 2153; baseline 0.005 -1"><span class='ocrx_word' id='word_1_565' title='bbox 1808 2133 1829 2152; x_wconf 78' lang='lat' dir='ltr'>di</span> <span class='ocrx_word' id='word_1_566' title='bbox 1859 2134 1962 2153; x_wconf 84' lang='lat' dir='ltr'>ecc¹es=as</span> <span class='ocrx_word' id='word_1_567' title='bbox 1976 2137 1998 2153; x_wconf 81' lang='lat' dir='ltr'>et</span> 
     </span>
     <span class='ocr_line' id='line_1_118' title="bbox 1807 2160 1998 2180; baseline 0.005 -1"><span class='ocrx_word' id='word_1_568' title='bbox 1807 2160 1893 2179; x_wconf 55' lang='lat' dir='ltr'>casella</span> <span class='ocrx_word' id='word_1_569' title='bbox 1910 2160 1931 2179; x_wconf 87' lang='lat' dir='ltr'>in</span> <span class='ocrx_word' id='word_1_570' title='bbox 1943 2160 1998 2180; x_wconf 77' lang='lat' dir='ltr'>iocis</span> 
     </span>
     <span class='ocr_line' id='line_1_119' title="bbox 1808 2186 1998 2206; baseline 0.005 -1"><span class='ocrx_word' id='word_1_571' title='bbox 1808 2187 1937 2206; x_wconf 79' lang='lat' dir='ltr'>monasterii</span> <span class='ocrx_word' id='word_1_572' title='bbox 1967 2186 1998 2206; x_wconf 71' lang='lat' dir='ltr'>t‘a-</span> 
     </span>
     <span class='ocr_line' id='line_1_120' title="bbox 1807 2213 1998 2233; baseline 0.005 -1"><span class='ocrx_word' id='word_1_573' title='bbox 1807 2213 1914 2233; x_wconf 76' lang='lat' dir='ltr'>cultatem</span> <span class='ocrx_word' id='word_1_574' title='bbox 1943 2218 1998 2233; x_wconf 88' lang='lat' dir='ltr'>con-</span> 
     </span>
     <span class='ocr_line' id='line_1_121' title="bbox 1807 2240 1873 2259; baseline 0 0"><span class='ocrx_word' id='word_1_575' title='bbox 1807 2240 1873 2259; x_wconf 79' lang='lat' dir='ltr'>cedit.</span> 
     </span>
    </p>
   </div>
   <div class='ocr_carea' id='block_1_14' title="bbox 1807 2349 1996 2450">
    <p class='ocr_par' dir='ltr' id='par_1_16' title="bbox 1807 2349 1996 2450">
     <span class='ocr_line' id='line_1_122' title="bbox 1836 2349 1995 2370; baseline 0.006 -1"><span class='ocrx_word' id='word_1_576' title='bbox 1836 2349 1889 2369; x_wconf 71' lang='lat' dir='ltr'>tttnd</span> <span class='ocrx_word' id='word_1_577' title='bbox 1899 2350 1995 2370; x_wconf 75' lang='lat' dir='ltr'>liberum</span> 
     </span>
     <span class='ocr_line' id='line_1_123' title="bbox 1807 2376 1996 2397; baseline 0 -1"><span class='ocrx_word' id='word_1_578' title='bbox 1807 2377 1834 2397; x_wconf 85' lang='lat' dir='ltr'>ab</span> <span class='ocrx_word' id='word_1_579' title='bbox 1849 2376 1910 2396; x_wconf 85' lang='lat' dir='ltr'>omni</span> <span class='ocrx_word' id='word_1_580' title='bbox 1921 2377 1996 2396; x_wconf 58' lang='lat' dir='ltr'>omni-</span> 
     </span>
     <span class='ocr_line' id='line_1_124' title="bbox 1807 2403 1996 2423; baseline 0 0"><span class='ocrx_word' id='word_1_581' title='bbox 1807 2409 1836 2423; x_wconf 85' lang='lat' dir='ltr'>no</span> <span class='ocrx_word' id='word_1_582' title='bbox 1857 2403 1996 2423; x_wconf 81' lang='lat' dir='ltr'>subiectione</span> 
     </span>
     <span class='ocr_line' id='line_1_125' title="bbox 1809 2430 1942 2450; baseline -0.015 0"><span class='ocrx_word' id='word_1_583' title='bbox 1809 2430 1942 2450; x_wconf 76' lang='lat' dir='ltr'>declaratur.</span> 
     </span>
    </p>
   </div>
  </div>
 </body>
</html>
