2180 3205
186 227 236 255 An.
255 226 282 254 C.
301 226 369 253 ΗΜ

185 291 205 308 et
220 287 240 307 S.
252 286 275 307 tt.
290 286 368 308 Eccle-

196 319 240 338 siae
256 319 355 338 cardinu-

196 350 245 370 lium
259 349 354 370 subscri-

229 381 321 407 ottones.

435 216 503 249 494

431 281 499 327 Ego
525 278 690 314 Conradus
711 275 897 312 Sabinensis
919 274 1015 321 episc
1043 286 1085 308 ss.

430 330 498 376 Ego
516 327 688 374 Gregorius
711 325 878 361 cardinalis
899 323 949 358 Ss.
977 322 1078 361 Sernii
1102 330 1130 355 vt

380 379 498 415 Bacchi
525 389 566 411 ss.

429 428 498 473 Ego
520 425 692 471 Gregorius
715 422 818 470 presb
841 421 926 456 card.
945 421 977 456 S.
994 421 1071 455 Sixti
1088 433 1128 454 ss.

428 475 610 522 EgoGuido
624 474 728 521 presb.
738 471 822 506 card
836 471 869 506 S.
881 470 1024 517 Cluvsog
1017 470 1129 503 oniss.

428 526 497 572 Ego
524 524 645 558 Imauus
666 521 867 556 Tusculanus
893 520 1061 566 episcopus
1088 531 1128 551 55.

429 574 495 621 Ego
516 573 629 608 Petrus
655 563 799 605 Albaiius
820 570 987 616 episcopus
1003 581 1043 602 55

430 624 497 670 Ego
508 622 646 657 Thomas
658 620 760 668 presb
773 620 857 654 card.
870 619 917 652 tit.
927 617 1074 652 Vestiuae
1088 628 1129 650 55.

431 673 500 719 Ego
523 671 664 706 Ubaldus
685 671 730 704 tit.
756 668 789 703 S.
814 667 963 702 Piaxedis
990 679 1030 700 ss.

432 721 499 768 Ego
527 719 708 755 Manl'redus
743 717 844 765 presb.
880 716 963 750 eard.
992 714 1118 749 tituliS
1095 738 1129 747 5.

381 772 517 808 Sabinae
539 783 580 804 ss.

429 822 498 867 Ego
531 818 679 854 Nicolaus
711 816 815 865 presb.
853 813 938 850 card.
977 812 1059 847 tituli
1095 811 1129 846 S.

381 870 502 906 C·riaci
526 881 569 903 ss.

408 885 498 964 §Ego
524 917 629 952 Guido
651 916 803 950 diaconus
820 913 903 948 card.
926 911 977 946 Ss.
996 911 1131 946 Cosmae

380 978 412 1004 et
432 967 577 1004 Damiaui
603 978 644 1000 ss.

430 1018 498 1064 Ego
519 1015 708 1062 Redulplius
738 1013 818 1048 diac.
851 1011 934 1046 card.
958 1009 991 1043 S.
1016 1009 1132 1043 Luciac

381 1072 412 1107 in
436 1071 531 1118 Septa
552 1069 637 1104 Solis
654 1066 838 1114 subscripsi.

380 1144 383 1147 ·
430 1126 499 1172 Ego
515 1123 670 1207 Ioannesq
667 1122 747 1156 diac.
765 1119 848 1155 catil.
872 1118 905 1153 S.
923 1116 1073 1152 Hadmni
1088 1129 1130 1151 ss

430 1179 500 1226 Ego
521 1177 561 1212 G.
583 1176 623 1210 R.
646 1174 865 1209 §.Romanae
885 1171 1044 1206 Ecclesiae
1071 1170 1133 1204 dia-

382 1245 482 1269 conus
509 1244 551 1267 ss.

430 1287 498 1333 Ego
517 1285 610 1332 Hugo
624 1283 785 1318 Romanae
803 1280 963 1315 Ecclesiae
980 1278 1132 1313 diaconus

382 1341 413 1375 in
435 1340 468 1376 S.
496 1340 592 1374 Lucia
621 1339 650 1372 in
679 1336 795 1372 Horfea
817 1348 859 1370 ss.

431 1394 544 1428 Datum
573 1391 718 1426 Laterani
756 1401 810 1436 per
850 1399 963 1422 manus
998 1386 1132 1420 Baronis

381 1447 535 1495 capellani
564 1454 595 1480 et
628 1444 801 1490 scriptoris,
834 1454 864 1476 lv
887 1452 987 1475 nouas
1014 1440 1132 1486 aprilis,

382 1502 491 1537 indict.
515 1513 572 1542 vu,
595 1499 745 1533 incarnat.
761 1496 881 1530 domin.
898 1506 980 1528 anno
999 1505 1132 1536 ,πρυ-ιγ,

383 1554 584 1590 oontificaius
605 1564 678 1586 vero
704 1551 743 1585 D.
767 1549 855 1583 Lucii
876 1548 902 1582 ll
925 1560 1007 1582 anno
1036 1560 1056 1581 i.

441 1611 503 1642 Dat.
525 1611 572 1641 die
591 1610 608 1640 2
630 1609 733 1648 aprilis
755 1616 831 1637 anuo
853 1605 970 1635 Domini
987 1604 1072 1639 1144,

642 1652 743 1693 pontis.
764 1659 839 1681 anno
857 1659 876 1680 1.

734 1796 776 1831 X.

383 1877 587 1921 Privileqium
628 1873 868 1919 confirmationis
912 1871 1064 1905 Ecclesiae
1104 1872 1134 1902 in

433 1938 531 1964 castro
566 1929 667 1963 Haila
699 1927 916 1961 canonicorum
943 1925 1134 1969 reqttlart'mn

433 1985 467 2019 S.
491 1983 670 2028 Augustini,
695 1983 901 2024 bonorumque
931 1980 973 2013 ad
990 1990 1057 2013 eam
1068 1989 1136 2023 per-

433 2038 594 2072 tinentium
621 2039 677 2080 (t).

651 2108 866 2141 SUMMARIUM

384 2173 553 2204 Exordium.
570 2188 609 2194 —
627 2171 792 2201 Hallensem
811 2169 972 2199 Ecclesiam
991 2168 1046 2198 sub
1064 2170 1134 2207 pro—

426 2217 552 2246 tectione
570 2216 657 2245 Sedis
670 2214 854 2254 Apostolicae
869 2213 974 2252 recipit
991 2213 1134 2243 Pontifex.

423 2278 463 2283 —
483 2260 561 2290 Bona
584 2260 681 2289 omnia
711 2258 993 2288 eidein‘confirmat.
1014 2274 1054 2279 —
1080 2257 1137 2286 Re-

427 2305 579 2343 gularibus
604 2314 637 2333 ex
659 2304 788 2334 claustro
817 2301 949 2341 qualibet
975 2311 1062 2331 causa
1092 2302 1138 2331 di-

427 2350 548 2378 scedere
561 2347 718 2378 interdicit.
733 2346 945 2384 —Praepositi
962 2346 1135 2375 electionem

427 2392 580 2422 committit
607 2391 768 2421 canonicis.
790 2407 830 2412 —
856 2389 1042 2429 Sepulturam
1061 2389 1135 2419 inibi

428 2436 485 2466 sibi
504 2436 632 2473 deligere
655 2435 777 2465 cuilibet
798 2434 941 2472 indulget.
961 2450 1002 2455 —
1026 2433 1136 2463 Decre—

428 2485 489 2509 tum
521 2489 572 2519 pro
594 2479 779 2508 immunitate
801 2477 952 2508 Ecclesiae
983 2477 1138 2514 eiusdem;

427 2540 466 2546 --
482 2523 552 2553 Cum
577 2523 673 2552 solitis
696 2522 850 2552 clausulis.

424 2588 463 2623 (¹)
479 2588 518 2615 Ex
534 2588 631 2615 Hundii
650 2588 761 2624 Metrop.
780 2588 939 2624 salisburg„
957 2591 1022 2616 tom.
1043 2596 1081 2616 in.

970 217 973 220 ’
976 218 1160 243 ΒΙΪΙᾸΑΙΗΓΜ
1191 217 1353 240 ROMANUM

1172 276 1266 304 Lucius
1291 275 1430 310 episcopus
1460 281 1554 302 servus
1578 281 1715 302 servornm
1738 273 1793 305 Dei.
1814 272 1921 301 dilectis

1217 320 1281 348 filiis
1300 319 1414 347 Lanzoni
1429 319 1547 347 Hastensi
1562 319 1724 353 praeposito,
1742 319 1848 353 eiusque
1864 317 1920 345 sra-

1217 365 1307 394 tribus
1325 365 1383 392 tam
1402 364 1592 398 praesentibus
1611 370 1691 398 quam
1720 363 1821 391 futuris
1841 369 1919 397 regn·

1215 410 1302 437 larem
1319 409 1404 436 vitam
1420 407 1563 443 professis,
1588 408 1615 435 ia
1639 409 1808 443 perpetuum.

1223 465 1433 503 Desiderium,
1461 465 1544 511 quod
1572 465 1610 499 ad
1634 465 1790 511 religionis
1807 478 1922 513 propo-

1173 515 1280 558 situm,
1311 523 1344 551 ,et
1377 515 1550 548 animarum
1587 514 1719 548 salutem
1765 515 1922 560 pertinere

1174 573 1374 602 monstratur,
1398 563 1501 597 animo
1530 576 1586 598 nos
1606 563 1694 597 decet
1714 563 1821 598 libenti
1844 577 1922 599 con-

1172 613 1295 655 cedere,
1318 622 1347 647 et
1367 613 1538 659 petentium
1563 612 1727 646 desideriis
1745 625 1920 659 congruum

1134 699 1137 700 ⁷
1174 663 1326 709 impertiri
1363 661 1560 707 suffragium.
1597 661 1782 708 Eapropter,
1815 662 1919 697 dilecti

1175 712 1204 745 in
1228 712 1365 746 Domino
1387 711 1453 751 filii,
1482 710 1592 745 vestris
1614 710 1703 745 iustis
1737 712 1922 757 postulatio-

1174 761 1267 795 nibus
1289 761 1460 795 clementer
1486 760 1672 799 annuimus,
1700 767 1729 793 et
1753 760 1919 806 praefatam

1174 806 1345 844 Ecclesiam
1366 809 1560 848 Hallensem,
1588 809 1617 843 in
1633 821 1692 856 qua
1708 809 1813 843 divino
1833 822 1921 844 man-

1173 859 1265 906 cipati
1292 859 1368 893 estis
1389 858 1553 905 obsequio,
1588 857 1648 892 sub
1672 858 1750 892 beati
1783 858 1867 893 Petri
1891 869 1920 894 et

1174 916 1278 942 nostra
1307 908 1498 954 protectione
1532 907 1735 954 suscipimus,
1766 916 1797 941 et
1829 921 1874 954 pi
1868 921 1920 943 ie-

1174 958 1271 991 seutis
1309 957 1414 1003 scripti
1458 956 1624 1003 privilegio
1665 957 1918 998 communimus

1173 1014 1356 1046 statuentes,
1385 1015 1417 1039 ut
1443 1006 1474 1039 iu
1503 1005 1612 1040 eadem
1643 1005 1795 1046 Ecclesia,
1830 1016 1922 1051 prout

1175 1055 1362 1090 venerabilis
1389 1055 1482 1089 frater
1503 1062 1608 1088 noster
1629 1053 1795 1089 Conradus
1822 1055 1922 1090 Salis-

1174 1104 1307 1150 burgen.
1330 1104 1469 1151 archiep.
1491 1103 1657 1146 ordinavit,
1679 1111 1709 1137 et
1726 1104 1842 1151 scripto
1864 1117 1922 1139 suo

1176 1154 1320 1197 firmavit,
1347 1153 1424 1188 ordo
1451 1153 1624 1187 canonicus
1643 1152 1818 1187 secundum
1841 1153 1922 1188 beati

1174 1203 1342 1249 Augustini
1373 1202 1511 1248 regulam
1543 1201 1700 1248 perpetuis
1727 1202 1922 1249 temporibus

1174 1252 1395 1286 inviolabiliter
1412 1259 1623 1285 conservetur.
1653 1250 1817 1285 Praeterea
1831 1264 1923 1298 quas-

1175 1314 1310 1348 cumque
1337 1301 1562 1347 possessiones,
1590 1311 1806 1347 quaecumque
1829 1300 1922 1342 bona,

1174 1350 1282 1385 eadem
1303 1350 1444 1384 Ecclesia
1472 1349 1762 1396 impraesentiarum
1791 1350 1871 1384 iuste
1892 1357 1923 1384 et

1174 1399 1324 1434 canonice
1353 1398 1502 1446 possidet,
1536 1407 1588 1432 aut
1615 1398 1646 1432 in
1678 1397 1817 1433 futurum
1845 1411 1924 1433 con-

1175 1449 1316 1483 cessione
1340 1448 1539 1486 Pontificum,
1562 1447 1725 1493 largitione
1748 1460 1855 1494 regum
1876 1448 1923 1483 vel

1176 1497 1373 1553 ptiucipum,
1401 1496 1560 1530 oblatione
1590 1496 1750 1536 fidelium,
1777 1509 1832 1531 seu
1853 1497 1923 1532 aliis

1175 1547 1264 1580 iustis
1284 1546 1395 1583 modis
1418 1546 1485 1580 Deo
1509 1546 1656 1600 propitio,
1680 1546 1793 1592 poterit
1818 1545 1924 1593 adipis

1175 1596 1236 1637 sei,
1261 1596 1345 1629 tiima
1366 1595 1454 1629 iobis
1476 1595 1650 1648 vestrisque
1670 1595 1921 1634 successoribus,

1175 1652 1206 1678 et
1235 1644 1348 1678 illibata
1383 1651 1605 1690 permaneaut;
1638 1656 1667 1677 in
1700 1643 1816 1690 quibus
1844 1644 1923 1679 haec

1176 1694 1311 1740 propriis
1340 1693 1488 1727 (luximus
1517 1692 1722 1739 exprimenda
1747 1692 1920 1728 vocabulis:

1176 1742 1326 1787 capellam
1351 1742 1484 1776 Sanctae
1504 1741 1621 1776 Mariae
1641 1741 1749 1785 Muna,
1770 1741 1922 1788 capellam

1176 1790 1282 1825 Sancti
1309 1790 1434 1837 Georgii
1461 1790 1685 1837 Cliiriephero,
1710 1790 1860 1837 capellam
1887 1790 1921 1825 S.

1176 1840 1301 1874 Martini
1328 1840 1427 1883 Nane,
1454 1839 1604 1886 capellam
1632 1839 1739 1874 Sancti
1765 1839 1922 1874 Valentini

1175 1889 1327 1929 Morzols,
1354 1888 1506 1935 capellani
1535 1888 1566 1922 in
1588 1896 1689 1923 castro
1718 1887 1848 1927 Plaien..
1870 1901 1924 1924 ca-

1178 1937 1289 1984 pellam
1314 1938 1342 1972 in
1371 1946 1472 1972 castro
1498 1936 1600 1980 Halla,
1634 1949 1747 1984 aquam
1774 1938 1806 1972 in
1838 1937 1924 1972 fonte

1176 1987 1277 2030 Halla,
1304 1999 1396 2034 quam
1427 1986 1513 2022 dedit
1544 1986 1628 2025 Ebo;
1660 1998 1793 2033 aquam,
1828 1999 1922 2032 quam

1177 2036 1263 2070 dedit
1285 2035 1386 2075 lacco,
1403 2035 1540 2082 praedia,
1562 2047 1641 2082 quae
1662 2035 1747 2069 dedit
1767 2035 1923 2081 Sigiboto‚

1176 2084 1321 2120 Unclieu.
1340 2093 1371 2119 et
1392 2084 1544 2119 Occheim
1568 2084 1744 2130 praedium,
1767 2084 1849 2131 quod
1872 2084 1925 2118 de·

1177 2134 1222 2168 dit
1237 2134 1395 2169 Heuricus
1413 2141 1443 2168 et
1459 2134 1547 2172 Pato,
1566 2133 1758 2179 Nutzpoum‚
1780 2141 1922 2180 quartam

1178 2191 1296 2230 partem
1319 2183 1481 2218 decimalis
1502 2182 1586 2217 salis.
1609 2181 1692 2217 Sane
1716 2182 1855 2216 laborum
1877 2193 1925 2216 ve·

1177 2241 1326 2275 strorum,
1346 2244 1426 2278 quos
1448 2231 1583 2278 propriis
1604 2231 1752 2265 manibus
1772 2239 1824 2265 aut
1841 2243 1925 2266 sum·

1178 2281 1284 2328 ptibus
1302 2281 1416 2324 colitis,
1434 2282 1499 2315 sive
1524 2280 1563 2315 de
1583 2280 1784 2315 nutrimentis
1805 2288 1924 2314 vestro-

1179 2343 1246 2365 rum
1267 2330 1467 2372 animalium,
1502 2329 1608 2364 nullus
1629 2329 1759 2363 omniuo
1788 2328 1924 2363 clericus

1178 2380 1243 2414 site
1259 2380 1355 2414 laicus
1381 2392 1395 2412 a
1422 2378 1510 2412 vobis
1531 2378 1668 2413 decimas
1688 2378 1812 2425 exigere
1833 2388 1925 2432 prae—

1178 2437 1292 2463 sumat.
1316 2428 1536 2462 Interdicimus
1550 2427 1656 2470 etiam,
1679 2435 1712 2461 ut
1726 2426 1840 2461 nemini
1858 2437 1926 2472 pro-

1179 2477 1324 2512 fessionis
1343 2482 1460 2512 testiae
1482 2476 1611 2511 facultas
1626 2477 1676 2516 sit
1694 2475 1824 2509 alicuius
1846 2475 1925 2508 levi-

1179 2527 1250 2561 tatis
1277 2527 1443 2569 instinctu,
1466 2525 1513 2560 tel
1534 2525 1675 2560 arctioris
1693 2524 1852 2570 religionis
1872 2523 1926 2558 ob-

1179 2583 1287 2617 tentu,
1319 2576 1386 2610 sine
1411 2574 1579 2623 praepositi
1602 2574 1649 2609 vel
1671 2573 1926 2620 congregationis

1936 212 1986 239 Au.
2005 211 2033 237 C.
2052 210 2116 237 llft't

1967 470 2087 494 Exordium.

1948 810 2068 834 tianensem
2081 812 2119 834 130-

1956 843 2042 864 closiam
2057 843 2095 864 sub

1961 875 2095 900 protectione
2139 887 2142 894 .

1942 903 2002 924 Sedis
2014 904 2106 931 aposto·
2141 905 2151 932 ζ

1952 934 2005 955 litae
2021 935 2098 962 recipit
2151 943 2153 947 ·

1974 964 2079 991 Pontum

1956 1311 2012 1333 Bona
2027 1315 2098 1334 omnia

1944 1344 2011 1364 eidem
2027 1344 2108 1364 conar-
2138 1355 2149 1365 >.

2002 1377 2052 1395 mut..

2149 2411 2159 2423 <

1960 2440 2097 2467 Regum-ihu
2140 2439 2159 2468 ξε

1966 2476 1992 2491 ex
2006 2471 2099 2492 cta-stro
2141 2472 2159 2494 ἲ,

1945 2502 2037 2530 qualibet
2051 2507 2116 2523 ωιει
2136 2511 2138 2513 >
2148 2498 2180 2533 Ι

1953 2532 2066 2553 discedere
2079 2532 2116 2553 in-
2135 2534 2139 2537 '
2155 2539 2158 2542 >
2178 2530 2180 2537 ¹

1984 2562 2078 2584 ter-fleit-
2133 2549 2180 2596 *tl

2178 2597 2180 2612 l
