2180 3205
35 250 84 278 An.
104 250 130 277 (ἶ.
152 252 217 278 1175

47 307 216 328 Μ”ΜΜΝ
233 318 400 352 ‹ampanaS
425 305 560 351 pulsare.
589 304 748 340 Praesenti
772 317 896 352 quoque
919 304 966 338 th·-

35 339 156 359 mactiones
191 339 216 358 ah
420 356 425 361 ,
649 355 654 360 ,
791 355 795 360 ,

35 371 140 397 „piscave-
169 369 217 389 m..-
232 363 316 389 creto
339 355 553 401 prohibemus,
577 367 615 390 nc
637 356 727 389 liceat
747 367 895 402 episcopo
911 354 971 387 Pl,-

34 404 93 451 §Jjffi
110 401 215 458 Ἶξζζξῖιζᾞῃ·
231 406 370 448 centina,
398 405 485 440 vobis
514 405 558 439 vel
582 404 771 439 monasterio
798 412 850 438 aut
872 403 974 438 Eccle-

35 464 89 498 ¹¹·trs
102 462 215 498 vemeniae
230 455 286 488 siis
313 455 423 489 restris
447 467 541 489 novas
568 463 598 489 et
620 453 775 489 indebitas
798 453 975 487 exactiones

34 492 214 549 ’ω’ἶῗὲὶ”,ἷῖ“ἶξζξ,ἶθ
231 505 405 550 imponere,
425 504 469 538 vel
484 504 619 538 indebita
632 503 810 549 gravamina
827 503 973 548 irrogare.

33 553 120 606 2222ssss
156 560 215 606 ‘22¹5ss
229 552 439 587 Prohibemus
466 554 607 600 insuper,
630 566 668 587 ne
695 553 746 587 cui
775 553 875 591 liccat,
897 552 973 586 infra

0 570 17 649 ξ’
33 615 78 636 tet.
229 602 307 637 fines
335 602 499 649 parochiae
515 611 633 637 restrae
646 602 714 636 sine
735 615 867 637 assensu
886 601 975 636 dioe-

0 656 6 663 '
227 652 331 686 cesani
354 652 506 698 episcopi,
537 660 567 687 et
595 660 707 695 vestm,
734 651 899 686 ecclesiam
929 650 973 685 vel

227 701 397 736 oratorium
435 701 474 737 de
515 714 594 735 novo
635 710 833 735 construere:
880 700 974 735 salvis

229 750 399 797 privilegiis
421 760 449 785 et
471 751 660 785 authenticis
675 751 800 796 scriptis
814 749 974 784 Romanae

33 796 155 846 „Jfiffi‘fflm
173 796 214 853 ⁵¹¹2]
228 800 398 836 Ecclesiae.
422 800 630 835 Decet-nimus
648 812 735 846 ergo,
759 808 791 834 ut
814 800 888 834 nulli
906 812 975 834 om—

33 858 111 877 vedu-¹1·
127 857 194 878 bonis-
229 850 303 884 utino
330 849 496 884 hominum
531 850 620 884 liceat
651 849 823 896 praefatum
864 862 974 884 mona-

227 900 358 934 sterium
383 907 499 934 temere
526 899 722 946 perturbare,
748 908 801 934 aut
823 899 975 946 eiuspos-

227 949 385 984 sessiones
411 948 552 990 auferre⁷
590 948 636 983 vel
665 949 782 984 ablatas
821 949 972 990 retinere,

228 999 391 1044 minuere,
420 1011 476 1033 seu
517 998 712 1045 quibuslibet
756 999 973 1033 vexationibus

227 1047 371 1094 fatigare3
410 1048 464 1083 sed
502 1047 618 1083 illibata
654 1048 760 1083 omnia
793 1056 823 1082 et
855 1049 972 1094 integra

227 1106 465 1139 conserventur,
487 1110 609 1135 eorum,
635 1110 690 1144 pro
711 1110 846 1144 quorum
864 1098 975 1144 guber-

225 1147 355 1183 natione
383 1155 413 1182 et
434 1147 685 1183 substentatione
706 1159 856 1182 concessa
883 1156 973 1191 sunt,

228 1196 337 1232 usibus
357 1196 548 1232 omnimodis
571 1197 749 1243 profutura:
777 1198 858 1231 salva
881 1197 973 1232 Sedis

227 1246 428 1294 Apostolicae
453 1247 636 1282 auctoritate
662 1255 693 1282 et
713 1246 972 1281 dioecesanorum

227 1296 447 1343 episcoporum
486 1296 635 1332 canonica
675 1297 804 1332 iustitia.
844 1297 876 1331 Si
913 1309 973 1343 qna

32 1347 216 1399 vf'ff‘f'ssfffi‘lfs:
229 1345 323 1391 igitur
349 1346 378 1380 in
410 1346 549 1381 futurum
589 1346 798 1381 ecclesiastica
839 1347 975 1380 saccula-

33 1392 214 1435 tusci-priritcgii.
229 1396 310 1430 risve
332 1407 476 1443 persona,
498 1396 578 1430 hanc
600 1403 723 1431 nostrae
740 1396 975 1431 constitutionis

228 1446 374 1492 paginam
409 1446 531 1487 sciens,
557 1454 664 1481 contra
687 1458 754 1481 eam
783 1454 900 1480 temere
922 1458 975 1480 ve-

228 1495 294 1530 nire
328 1497 512 1540 tentaverit,
547 1495 689 1530 secundo
726 1496 856 1530 tertiove
893 1508 976 1530 com-

227 1544 358 1586 monita,
384 1545 444 1580 nisi
470 1555 590 1580 reatum
612 1557 706 1580 suum
728 1557 867 1592 congrua
890 1545 974 1580 satis-

227 1593 364 1629 factione
384 1595 566 1635 correxerit.
589 1596 753 1642 potestatis
779 1595 974 1642 honorisque

227 1644 276 1678 sui
301 1644 455 1690 dignitate
480 1653 595 1685 careat,
623 1657 771 1692 reamque
803 1657 836 1680 se
868 1645 974 1680 divino

227 1693 343 1729 iudicio
375 1694 509 1730 existere
542 1694 582 1729 de
610 1702 785 1742 perpetrata
812 1695 975 1742 iniquitate

227 1752 408 1790 cognoscat,
437 1753 466 1779 et
496 1757 511 1779 a
533 1745 747 1779 sacratissimo
774 1743 917 1791 Corpore
939 1757 974 1780 ac

227 1792 392 1840 Sanguine
425 1792 483 1828 Dei
516 1802 546 1828 et
583 1793 711 1828 Domini
753 1794 975 1841 Redemptoris

228 1844 326 1877 nostri
354 1842 424 1878 lesu
451 1843 568 1878 Christi
596 1844 696 1878 aliena
724 1844 788 1883 fiat,
814 1852 907 1891 atque
943 1845 973 1878 in

228 1901 368 1928 extremo
390 1893 534 1928 examine
556 1893 714 1928 districtae
735 1893 843 1929 ultioni
865 1894 976 1929 subia-

33 1942 216 1994 ᾱξςζζοξξωζθζθῇζ
228 1951 307 1977 ceat.
329 1941 463 1978 Cunctis
484 1950 586 1977 autem
609 1943 728 1978 eisdem
745 1943 823 1978 locis
837 1956 892 1978 sua
908 1944 975 1979 iura

32 2005 136 2025 vantibus.
229 1992 429 2027 servantibus
461 1993 502 2028 sit
527 2005 588 2040 pax
622 1992 750 2027 Domini
779 1994 877 2028 nostri
905 1993 973 2029 lesu

229 2041 366 2086 Christi,
391 2051 546 2089 quatenns
576 2052 608 2077 et
640 2043 689 2077 hic
716 2042 851 2078 fructum
875 2043 975 2079 bonae

229 2091 360 2126 actionis
392 2092 584 2139 percipiant,
618 2101 648 2127 et
676 2093 764 2139 apud
798 2093 972 2128 districtum

229 2145 368 2180 Iudicem
391 2146 526 2192 praemia
549 2154 691 2181 aeternae
704 2147 791 2193 pacis
804 2147 972 2183 inveniant.

229 2201 344 2244 Amen,
365 2212 470 2244 amen,
491 2212 595 2234 amen.

277 2254 350 2290 Euo
374 2254 579 2289 Auzxaxmzn
611 2254 782 2290 catholicae
815 2256 975 2292 Ecclesiae

228 2309 398 2357 episcopus
423 2309 528 2343 subsc.

278 2362 346 2409 Ego
367 2362 511 2398 Ubaldus
537 2362 660 2398 Ostien.
687 2364 857 2411 episcopus
883 2377 924 2399 ss.

279 2416 346 2463 Ego
367 2415 547 2452 Gualterius
574 2418 728 2453 Albanen.
756 2419 851 2464 episc.
875 2432 916 2453 ss.

280 2470 347 2516 Ego
372 2469 506 2505 Ioannes
526 2471 560 2505 S.
580 2471 619 2506 R.
641 2472 679 2506 E.
701 2471 803 2518 presb.
827 2473 911 2507 card.
928 2473 974 2507 tit.

20 2521 42 2568 ’ἵ
231 2524 265 2560 S.
292 2524 475 2559 Anastasiae
502 2524 608 2559 subsc.

15 2549 38 2611 ᾖ
280 2578 346 2625 Ego
384 2577 572 2613 Guillelmus
610 2579 772 2626 presbyter
808 2579 976 2614 cardinalis

232 2632 279 2668 tit.
297 2632 403 2668 Sancti
425 2632 508 2667 Petri
532 2632 569 2667 ad
595 2632 726 2668 Vincula
747 2633 930 2681 subscripsi.

310 2689 384 2719 Ball.
408 2689 483 2719 Rom.
513 2690 565 2718 t‘al.
589 2690 623 2718 ll.
783 2691 820 2720 90

46 2259 159 2282 Alexandri
172 2259 214 2281 ΡΡ.

32 2359 57 2378 ¹et
69 2356 90 2378 S.
105 2356 128 2377 R.
143 2356 217 2378 Eccle-

27 2387 80 2408 siae
117 2387 218 2408 cardina-

28 2416 84 2439 ‘Itum
121 2419 217 2439 subscri-

25 2449 125 2477 amitinos.

830 249 1023 272 At.t·:x.-txt›!·:n
1048 249 1082 271 ΙΙΙ
1108 250 1152 271 l'l’.

1649 236 1709 268 761

1068 304 1132 347 Ego
1156 304 1238 338 Boso
1261 302 1363 350 presb.
1387 302 1472 338 card.
1495 301 1529 337 S.
1550 295 1764 336 Pudentianae

1020 353 1062 385 tii.
1092 353 1230 387 Pastoris
1251 353 1358 387 subsc.

1066 402 1132 444 Ego
1160 402 1402 448 t‘‹·11-us·prest›.
1427 401 1511 436 card.
1539 401 1586 435 tit.
1614 399 1647 435 S.
1678 399 1765 434 Lau—

1019 451 1107 485 rentii
1132 452 1160 485 in
1184 452 1320 487 Damaso
1346 464 1388 486 ss.

1066 500 1133 546 Ego
1161 501 1292 536 Ioannes
1325 501 1485 549 presbyter
1510 499 1679 535 cardinalis
1713 499 1760 533 tit.

1016 549 1122 585 Sancti
1151 550 1245 585 Marci
1267 563 1308 585 ss.

1064 599 1131 646 Ego
1152 600 1227 634 Otto
1248 601 1327 635 diac.
1347 599 1512 635 cardinalis
1529 598 1562 634 S.
1586 598 1705 633 Nicolai
1730 598 1760 633 in

1015 649 1147 684 Cat-cere
1174 649 1320 684 Tulliano
1346 662 1387 684 ss.

1065 698 1131 744 Ego
1152 698 1237 734 Cinti
1253 712 1279 733 ts
1301 699 1452 734 diaconus
1469 698 1636 734 cardinalis
1652 698 1760 733 Sancti

1015 748 1143 782 Adriani
1165 748 1270 783 subsc.

1066 798 1132 842 Ego
1153 797 1336 833 Manl'rcdus
1359 798 1440 833 diac.
1466 798 1550 833 card.
1578 797 1611 833 S.
1634 798 1760 844 Georgii

1014 847 1051 882 ad
1078 847 1191 882 velum
1212 848 1352 882 Aureum
1380 860 1421 882 ss.

1063 897 1130 944 Ego
1153 897 1221 943 Ugo
1246 898 1325 932 diac.
1348 897 1515 933 cardinalis
1536 897 1569 932 S.
1597 897 1759 932 Eustachii

1016 947 1101 981 iuxta
1123 947 1276 993 templum
1299 947 1457 994 Agrippae
1479 960 1519 982 ss.

1063 996 1130 1043 Ego
1164 995 1310 1031 Vitellius
1339 997 1419 1032 diac.
1454 997 1540 1032 card.
1577 995 1626 1031 Ss.
1659 996 1760 1043 Sergii

1014 1054 1044 1080 ct
1064 1046 1179 1080 Bacchi
1203 1046 1307 1081 subsc.

1062 1095 1131 1141 Ego
1158 1096 1270 1131 Petrus
1303 1095 1383 1131 diac.
1419 1096 1503 1131 card.
1531 1096 1565 1131 S.
1593 1095 1708 1131 Mariae
1731 1097 1760 1130 in

1015 1145 1133 1192 Aquiro
1155 1158 1196 1180 ss.

1063 1195 1134 1229 Dat.
1172 1195 1334 1241 Anagniae
1369 1207 1424 1242 per
1460 1207 1586 1230 manum
1620 1194 1760 1230 Gratiani

1015 1243 1048 1278 S.
1077 1244 1114 1279 R.
1138 1244 1174 1279 E.
1197 1245 1339 1279 subdiac.
1367 1253 1397 1279 et
1424 1253 1489 1280 not.
1512 1258 1532 1279 v
1558 1245 1617 1280 kal.
1641 1245 1759 1291 aprilis,

1016 1293 1124 1328 indict.
1151 1306 1197 1338 vi,
1219 1295 1338 1328 incarn.
1366 1295 1451 1329 dom.
1483 1307 1566 1329 anno
1591 1306 1760 1338 mccxxiii,

1017 1343 1126 1390 pontif.
1151 1356 1222 1378 vero
1252 1343 1292 1378 D.
1314 1344 1402 1378 Alex.
1430 1344 1494 1379 ΡΡ.
1523 1344 1564 1378 ΙΙΙ
1590 1356 1672 1378 anno
1694 1357 1760 1378 xrv.

1070 1401 1132 1432 Dat.
1152 1402 1198 1431 (lie
1220 1401 1257 1431 28
1276 1402 1373 1431 martii
1391 1411 1468 1432 anno
1490 1401 1605 1431 Domini
1624 1402 1709 1437 1173,

1252 1446 1354 1486 pontif.
1376 1456 1452 1477 anno
1470 1456 1526 1477 xw.

1780 243 1831 271 An.
1852 242 1958 269 <21173

1328 1614 1442 1648 LXIX.

1019 1687 1055 1720 Ut
1075 1687 1224 1720 decimam
1241 1688 1348 1721 Clausi
1366 1689 1550 1721 monasterio
1571 1689 1682 1722 Sancti
1697 1689 1763 1721 Sa-

1064 1737 1129 1770 vim'
1157 1737 1351 1771 Placentinae
1385 1739 1547 1777 dioecesis,
1584 1739 1693 1771 iniuste
1723 1739 1762 1770 nb

1067 1787 1196 1830 Iluqone
1216 1789 1353 1832 episcopo
1380 1789 1528 1827 ablatam,
1564 1789 1659 1821 eidem
1679 1789 1762 1820 resti-

1065 1843 1130 1870 tuat
1153 1838 1215 1879 (l).

1287 1911 1501 1942 SUMMARIUM

1015 1972 1162 2003 Decimam
1178 1973 1276 2004 Clausi
1298 1974 1476 2004 monasterio
1499 1974 1633 2004 collatam
1656 1973 1691 2003 ab
1711 1975 1762 2003 Ar-

1056 2018 1146 2048 duino
1175 2023 1202 2048 et
1231 2018 1266 2048 ab
1294 2019 1361 2048 aliis
1383 2018 1512 2048 Placent.
1540 2020 1641 2059 episc„
1658 2036 1698 2040 —
1719 2019 1761 2048 Ab

1055 2062 1154 2101 Ugone
1173 2063 1351 2093 subtractam
1371 2063 1518 2101 violentem
1532 2080 1571 2085 -—
1587 2063 1761 2092 Monasterio

1054 2107 1233 2137 reddendam
1252 2108 1408 2147 praecipit:
1430 2124 1470 2129 —
1489 2107 1522 2137 Et
1540 2107 1689 2136 annuatim
1708 2116 1760 2136 ve-

1055 2156 1149 2190 getem
1169 2152 1228 2182 vini
1250 2152 1385 2182 dimittat.
1411 2153 1451 2191 (R.
1474 2153 1516 2190 T.)

1015 2224 1164 2252 Alexander
1190 2224 1328 2259 episcopus
1347 2231 1442 2252 servus
1469 2230 1607 2252 servorum
1634 2223 1693 2256 Dei,
1717 2230 1760 2251 ve·

1059 2273 1173 2302 nerabili
1188 2272 1273 2301 fratri
1291 2273 1320 2301 T.
1336 2272 1486 2301 Placentino
1504 2273 1626 2309 episcopo
1646 2273 1762 2301 salutem

1060 2325 1087 2352 et
1106 2323 1283 2359 apostolicam
1299 2323 1519 2352 benedictionem.

1065 2386 1323 2433 Significantibus
1349 2386 1441 2421 nobis
1461 2387 1585 2421 dilectis
1606 2386 1679 2421 liliis
1701 2398 1759 2421 no-
1787 2404 1956 2426 mmmm...

1016 2437 1088 2471 stris
1122 2437 1233 2472 abbate
1258 2446 1289 2472 et
1316 2437 1463 2472 tratribus
1495 2437 1601 2472 Sancti
1640 2436 1957 2487 Sfflfliv2211..TX,'.'.¹‘¹.⁵1¹‚‘7¹C.‘’.

1016 2486 1053 2520 a‹l
1069 2494 1205 2521 nostram
1223 2488 1344 2522 noveris
1357 2487 1546 2522 audientiam
1567 2488 1758 2535 pervenisse,
1773 2498 1863 2517 duinnet
1875 2483 1956 2532 annus

1017 2536 1099 2582 quod
1143 2548 1215 2570 cum
1251 2536 1351 2571 bonae
1391 2537 1560 2572 memoriae
1596 2537 1760 2571 Arduinus
1774 2528 1868 2549 ‘'¹⁵¹⁰‘'ffi·
1888 2534 1955 2555 ΨΜ·

1017 2585 1173 2632 quondam
1203 2585 1404 2621 Placentinus
1438 2587 1617 2634 episcopus,
1651 2595 1681 2621 et
1706 2586 1759 2621 alii

1052 2652 1759 2688 (l)EdiditCampi.liist.Placent.,tom.11inl{egest.
