2180 3205
165 257 213 284 Au.
231 256 259 283 (1.
283 256 349 285 1133

175 1070 291 1091 innocentii
305 1071 345 1092 PP.

162 1100 182 1118 ct
191 1097 214 1118 S.
224 1097 248 1118 R.
256 1097 280 1118 E.
290 1098 346 1118 card.

161 1124 347 1150 subscriptioue=.1

423 237 493 270 582

375 300 508 336 tutionis
524 299 669 347 paginam
685 299 799 341 sciens,
815 307 921 335 contra
937 296 1004 335 eam
1017 301 1125 335 venire

374 350 558 393 tentaverit,
586 349 726 383 secundo
757 349 886 384 tertiove
919 350 1124 394 commonita,

372 399 397 432 si
424 410 486 432 non
515 397 726 432 satisfactione
741 410 879 444 congrua
901 399 1124 440 emendaverit,

373 447 536 494 potestatis
563 447 757 494 honorisque
778 448 825 482 5111
845 447 995 494 dignitate
1010 457 1123 489 careat,

373 508 520 542 reamque
553 508 587 531 se
619 496 726 531 divino
763 496 880 531 iudicio
914 497 1046 532 existere
1084 497 1122 532 de

373 553 548 592 perpetrata
580 545 745 592 iniquitate
777 554 945 592 cognoscat
975 554 1005 581 et
1032 558 1047 580 a
1071 559 1122 581 sa-

371 594 547 629 cratissimo
581 593 723 642 Corpore
750 602 779 630 ct
812 595 977 641 Sanguine
1004 595 1063 629 Dei
1094 603 1123 630 et

371 643 498 678 Domini
533 642 756 691 Redemptoris
791 645 886 679 nostri
908 644 979 679 lesu
1002 643 1121 678 Christi

370 692 471 727 aliena
493 692 556 732 fiat,
583 701 678 740 atque
699 693 730 727 in
752 701 893 727 extremo
915 693 1059 728 examine
1078 693 1123 728 di-

370 741 496 777 strictae
519 741 628 777 ultioni
657 742 827 777 subiaceat.
859 741 993 777 Cunctis
1014 750 1120 777 autem

370 790 472 825 eidem
500 790 569 825 loco
596 792 677 826 iusta
695 791 893 826 servantibus
919 792 957 826 sit
975 794 1032 838 pax
1051 792 1122 826 Do-

370 840 448 874 mini
474 840 569 874 nostri
592 840 661 875 Iesu
684 840 816 880 Christi,
838 849 993 887 quatenus
1015 848 1046 875 et
1072 841 1121 875 1110

372 888 507 924 fructum
548 889 647 924 bonae
685 890 818 924 actionis
860 890 1053 936 percipiant,
1092 897 1122 924 et

369 938 452 984 apud
475 938 651 973 districtum
667 938 806 973 Iudicem
825 939 960 985 praemia
976 947 1121 973 aeternae

371 988 456 1033 pacis
484 987 656 1022 inveniant.
683 987 799 1031 Amen,
826 999 930 1027 amen,
954 999 1056 1021 amen.

420 1036 491 1071 Eoo
512 1036 728 1071 taxocmrms
749 1036 922 1071 catholicae
948 1036 1035 1071 Eccl.
1056 1049 1104 1082 ep.

418 1085 486 1132 Ego
514 1084 652 1120 Ubertus
674 1085 777 1133 presb.
806 1085 891 1120 card.
921 1085 964 1119 tit.
989 1085 1021 1120 S.
1047 1085 1121 1120 Cle-

369 1135 484 1170 mentis
505 1135 659 1182 subscrip.

417 1183 487 1231 Ego
509 1184 679 1219 Anselmus
694 1183 798 1231 presb.
821 1183 906 1219 card.
921 1184 966 1218 tit.
986 1183 1020 1219 S.
1035 1183 1121 1218 Lau-

369 1234 460 1268 rentii
490 1233 520 1267 iu
542 1233 662 1268 Lucina
685 1245 726 1268 ss.

418 1282 486 1328 Ego
512 1281 646 1317 Cosmas
672 1281 776 1329 presb.
805 1281 888 1317 card.
913 1282 959 1316 tit.
993 1281 1027 1315 S.
1056 1280 1120 1316 Ce-

369 1331 458 1366 ciliae
485 1343 526 1366 ss.

418 1380 488 1427 Ego
513 1380 616 1415 Lucas
638 1379 742 1428 presb.
765 1379 849 1415 card.
873 1380 919 1414 tit.
947 1379 997 1414 Ss.
1024 1379 1066 1414 lo.
1092 1387 1121 1414 et

370 1429 459 1464 Pauli
482 1442 523 1464 ss.

419 1478 488 1525 Ego
509 1478 699 1514 Dominicus
720 1477 800 1513 diac.
823 1477 908 1513 card.
932 1477 976 1512 tit.
1001 1477 1034 1512 S.
1054 1477 1120 1511 Ma-

371 1528 433 1563 riae
455 1528 485 1562 111
514 1527 641 1562 Porticu
663 1540 707 1562 ss.

418 1576 487 1621 Ego
501 1576 674 1622 Gregorius
688 1576 812 1611 diacon.
831 1575 915 1611 card.
931 1575 1119 1610 Sanctorum

371 1625 473 1671 Sergii
500 1633 531 1660 et
552 1625 668 1660 Bacchi
696 1638 738 1660 ss.

418 1674 488 1721 Ego
509 1674 584 1709 Otto
611 1675 691 1709 diae.
714 1673 798 1709 card.
821 1673 855 1709 S.
878 1673 1005 1719 Georgii
1029 1686 1070 1708 ss.

420 1723 488 1770 Ego
518 1723 622 1758 Guido
655 1723 780 1758 diacon.
818 1723 902 1758 card.
931 1722 1119 1757 Sanctorum

370 1772 505 1808 Cosmae
526 1780 557 1807 et
579 1772 726 1807 Damiani
746 1785 787 1807 ss.

419 1821 534 1856 Datum
556 1821 736 1856 Placentiae
764 1833 819 1867 per
846 1832 975 1855 manum
1004 1820 1121 1868 Ayme-

371 1870 427 1905 rici
459 1870 494 1905 S.
528 1870 568 1905 R.
600 1870 636 1904 E.
670 1870 749 1904 diac.
777 1869 862 1904 card.
891 1879 921 1904 et
955 1869 1120 1904 cancellar.

371 1920 462 1955 tertio
489 1931 563 1953 non.
586 1919 681 1963 iunii,
708 1919 878 1953 indictione
900 1931 955 1959 xx,
979 1919 1122 1964 iucarna-

371 1968 467 2003 tionis
489 1968 666 2002 dominicae
692 1980 775 2002 anno
801 1979 967 2009 mcxxxiii,
995 1967 1121 2014 pontifi-

371 2026 460 2052 catus
472 2029 544 2052 vero
558 2016 925 2053 SS.domni1nnocentii
940 2016 967 2050 ll
981 2028 1120 2050 annom.

450 2073 512 2104 Dat.
535 2074 582 2104 die
600 2073 618 2103 3
634 2074 707 2103 iunii
727 2082 803 2103 anno
822 2072 938 2103 Domini
953 2073 1043 2109 1133,

618 2112 719 2152 pontis.
739 2122 815 2142 anno
839 2121 876 2142 ιν.

702 2208 788 2243 XVI.

373 2276 488 2310 Cuncta
502 2275 679 2309 monasterii
694 2275 852 2308 Fuldensis
873 2276 1039 2319 privileqia
1055 2286 1124 2307 con-

420 2326 549 2369 firmat,
589 2336 624 2357 ac
668 2325 800 2357 eiusdem
838 2325 999 2357 abbatibus
1035 2335 1120 2356 usum

421 2374 531 2406 mitrae
563 2380 590 2406 et
622 2373 712 2406 anuli
737 2373 842 2406 tribuit
869 2375 925 2414 (1).

643 2436 856 2467 ΞῦΜΜΑΒΠΙΜ

373 2488 540 2518 Exordium.
557 2505 597 2511 —
618 2488 695 2519 Bona
719 2489 816 2519 omnia
836 2489 871 2519 ad
892 2492 1014 2518 monast.
1034 2488 1124 2527 perti-

413 2530 512 2557 nentia
545 2529 767 2559 confirmantur.
798 2545 838 2551 —-
871 2529 975 2566 Aliqua
1007 2537 1040 2556 ex
1077 2528 1122 2557 liis

409 2580 448 2614 (1)
463 2580 502 2606 Ex
519 2581 637 2606 authent.
659 2581 741 2608 edidit
761 2581 862 2607 Frider.
884 2581 1024 2607 Schanuat.
1047 2588 1121 2607 num.

375 2623 452 2642 xxvii
473 2615 578 2642 Probat.
591 2616 675 2642 dioec.
692 2620 718 2642 et
734 2615 896 2643 hierarchiae
915 2615 1024 2642 Fulden.

972 246 1071 269 BULLA
1077 247 1107 269 tu
1115 246 1158 270 Ul!
1187 247 1350 271 ROMANUM

1205 305 1425 331 enumerantur.
1447 318 1487 323 —
1508 300 1548 331 Ne
1571 301 1695 341 quilibet
1714 312 1842 343 unquam
1867 313 1915 334 sa-

1205 345 1308 374 cerdos
1333 345 1565 376 iurisdictionem
1586 347 1712 386 aliquam
1736 354 1850 387 praeter
1865 350 1919 378 ab-

1204 388 1300 418 batem
1330 389 1401 419 inihi
1430 395 1580 427 exerceat3
1603 400 1674 420 neve
1698 391 1822 422 foemina
1857 394 1914 423 ulla

1204 432 1275 462 illuc
1294 433 1486 471 ingrediatur,
1502 434 1696 464 interdicitur.
1715 452 1751 456 -—
1770 435 1804 465 Ut
1822 436 1914 466 abbas

1204 486 1218 506 a
1242 477 1313 506 solis
1333 479 1485 507 monachis
1508 479 1652 516 eligatur3
1668 496 1708 501 —
1723 478 1757 508 Ut
1775 482 1914 518 congruis

1205 522 1385 560 temporibus
1409 522 1443 551 dc
1466 523 1623 562 disciplina
1646 524 1773 562 regulari
1793 526 1828 555 ad
1863 525 1916 555 Se-

1204 567 1268 596 dem
1290 567 1486 605 Apostolicam
1509 567 1662 604 referatur,
1685 568 1863 599 decernitur.
1877 586 1917 592 -—

1204 610 1307 640 Abbati
1342 611 1498 649 primatum
1534 611 1609 641 inter
1640 612 1712 642 alios
1745 612 1856 644 Galliae
1887 618 1915 643 et

1203 654 1388 690 Germaniae,
1407 664 1493 684 usum
1517 655 1691 686 dalmaticae
1714 661 1742 686 et
1761 658 1914 688 sandalio-

1202 707 1277 733 rum,
1309 699 1412 728 mitrae
1435 705 1461 729 et
1484 700 1565 729 anuli
1590 701 1770 730 conceditur.
1798 718 1837 724 —
1858 702 1915 738 Qui

1204 744 1296 772 solius
1325 744 1510 781 Apostolicae
1535 743 1619 774 Sedis
1640 745 1749 775 iudicio
1780 746 1817 775 sit
1839 746 1914 775 sub-

1203 788 1306 817 iectus.
1338 805 1376 810 —
1404 788 1558 826 Privilegia
1582 789 1679 818 omnia
1704 789 1850 828 pontificia
1884 795 1913 820 et

1202 832 1280 870 regia
1305 833 1524 861 confirmantur.
1555 848 1595 854 —
1619 832 1727 862 Solitae
1749 833 1911 863 clausulae.

1162 909 1331 938 Innocentius
1351 910 1492 946 episcopus
1523 917 1618 939 servus
1643 917 1782 939 servorum
1797 910 1852 944 Dei,
1875 911 1914 939 di·

1206 959 1276 988 tecto
1292 957 1347 987 atio
1363 960 1473 988 Bertroo
1489 959 1581 988 abbati
1594 959 1754 987 monasterii
1766 959 1915 988 salvatoris

1206 1007 1307 1036 Domini
1328 1009 1416 1037 nostri
1432 1008 1492 1037 Iesu
1504 1008 1615 1041 Christi,
1629 1009 1658 1036 et
1669 1008 1759 1036 sancti
1776 1008 1914 1042 Bonifatii.

1206 1058 1274 1093 quod
1287 1058 1369 1086 sitnm
1383 1058 1425 1086 est
1439 1057 1519 1085 iuxta
1531 1057 1619 1092 ripam
1632 1056 1760 1089 fluminis,
1778 1057 1847 1093 quod
1856 1057 1915 1086 Fu}-

1206 1108 1240 1135 da
1259 1108 1380 1139 vocatur.
1401 1106 1511 1142 eiusque
1530 1106 1729 1134 successoribus
1749 1106 1915 1142 regulariter

1206 1155 1413 1188 substituendis,
1439 1156 1468 1183 in
1496 1157 1665 1192 perpetuum.

1211 1231 1313 1266 Officii
1337 1231 1433 1265 nostri
1463 1242 1521 1265 nos
1548 1230 1688 1264 hortatur
1721 1230 1909 1271 auctoritas,

1164 1293 1219 1328 pro
1240 1281 1393 1315 Ecclesiis
1414 1279 1484 1320 Dei,
1508 1288 1568 1313 tam
1586 1291 1682 1326 prope
1704 1291 1797 1326 quam
1820 1279 1915 1327 longe

1163 1330 1292 1377 positis,
1327 1338 1477 1364 attentam
1514 1328 1748 1363 solicitudinem
1783 1341 1912 1375 gerere,

1162 1387 1191 1413 et
1214 1391 1319 1413 earum
1343 1378 1439 1425 quieti
1463 1386 1493 1412 et
1516 1377 1639 1412 utilitati
1661 1377 1839 1419 salubriter,
1862 1390 1915 1413 an-

1163 1428 1288 1462 xiliante
1302 1428 1450 1468 Domino,
1474 1426 1651 1474 providere.
1676 1426 1813 1472 Dignum
1828 1439 1912 1462 nam-

1162 1489 1222 1523 que
1242 1486 1271 1511 et
1299 1476 1452 1511 honestati
1481 1476 1672 1510 conveniens
1698 1487 1767 1510 esse
1791 1487 1913 1522 cogno-

1162 1526 1273 1566 scitur,
1309 1525 1422 1572 utqui
1450 1525 1488 1559 ad
1523 1524 1734 1559 Ecclesiarum
1770 1526 1910 1571 regimen

1162 1575 1312 1622 assumpti
1335 1582 1461 1614 sumuS,
1494 1586 1546 1608 eas
1569 1581 1598 1607 et
1620 1586 1636 1608 a
1660 1586 1824 1621 pravorum
1853 1574 1913 1608 110-

1161 1625 1282 1658 minum
1311 1624 1449 1670 nequitia
1468 1632 1624 1663 tueamur,
1654 1631 1683 1657 et
1709 1622 1912 1668 Apostolicae

1162 1672 1254 1708 Sedis
1278 1673 1451 1707 munimine
1479 1672 1674 1707 roboremus.
1701 1672 1747 1706 Ea
1772 1680 1912 1719 propter,

1162 1722 1275 1756 dilecte
1297 1722 1326 1755 in
1351 1722 1489 1756 Domino
1504 1721 1551 1754 fili
1567 1721 1703 1755 Bet-thoe
1724 1721 1833 1760 abbas,
1849 1722 1912 1756 tuis

1164 1770 1400 1805 rationabilibus
1437 1769 1701 1817 postulationihus
1739 1770 1911 1805 clementer

1162 1821 1348 1862 annuimus,
1383 1828 1410 1853 et
1445 1819 1614 1853 Salvatoris
1651 1819 1778 1853 Domini
1811 1819 1911 1853 nostri

1162 1869 1230 1903 lesu
1250 1868 1366 1903 Christi
1385 1868 1621 1907 monasterium,
1640 1868 1689 1902 cui
1703 1867 1771 1902 Deo
1783 1875 1911 1902 auctore

1164 1930 1295 1964 praeesse
1316 1917 1501 1959 dinosceris,
1527 1924 1651 1950 sanctae
1665 1916 1827 1951 Romanae
1844 1917 1910 1951 Ec-

1162 1967 1274 2001 clesiae
1291 1966 1456 2013 privilegio
1470 1965 1713 2000 communimus.
1737 1965 1910 2001 Statnimus

1162 2016 1257 2055 enim,
1287 2024 1317 2049 ut
1336 2026 1552 2062 quascumque
1569 2015 1796 2060 possessiones,
1812 2026 1911 2061 quae-

1163 2076 1299 2111 cumque
1320 2064 1402 2098 bona
1425 2063 1506 2098 idem
1526 2063 1751 2098 monasterium
1771 2064 1910 2110 imprae-

1163 2113 1333 2148 sentiarum
1360 2113 1439 2147 iuste
1461 2120 1491 2146 et
1513 2112 1651 2158 legitime
1681 2112 1837 2159 possidet,
1858 2118 1912 2147 aut

1165 2163 1193 2196 111
1222 2162 1360 2196 futurum
1385 2161 1589 2196 concessione
1609 2161 1819 2197 Pontificum.
1847 2161 1911 2195 lai·-

1163 2211 1280 2257 gitione
1308 2223 1416 2256 regum
1447 2210 1490 2244 rel
1526 2210 1726 2256 principum,
1753 2209 1912 2244 oblatione

1165 2260 1316 2302 fidelium,
1337 2271 1391 2294 seu
1406 2259 1576 2293 aliisiustis
1597 2258 1712 2297 modis,
1732 2266 1909 2305 praestante

1163 2309 1311 2347 Domino,
1335 2308 1447 2354 poterit
1473 2307 1616 2353 adipisci,
1642 2307 1728 2341 lirma
1751 2307 1806 2341 tibi
1829 2307 1911 2340 tuis-

1163 2370 1224 2404 que
1245 2357 1482 2391 successoribus
1502 2364 1532 2391 et
1555 2356 1670 2390 illibata
1695 2362 1909 2402 permaneant.

1165 2406 1198 2440 111
1226 2406 1342 2452 quibus
1368 2406 1445 2440 haec
1473 2405 1609 2452 propriis
1637 2404 1817 2438 nominibus
1849 2403 1910 2437 du-

1164 2456 1267 2489 ximus
1288 2454 1480 2489 annotanda:
1511 2453 1736 2488 monasterium
1767 2452 1913 2487 videlicet

1164 2504 1270 2539 Sancti
1305 2503 1441 2537 Audreae
1473 2502 1626 2548 apostoli,
1663 2500 1748 2547 quod
1783 2508 1911 2535 vocatur

1163 2552 1347 2592 Exaiulum,
1383 2552 1476 2586 situm
1496 2551 1617 2585 Romae
1639 2550 1720 2583 iuxta
1748 2549 1913 2584 ecelesiam

1164 2601 1297 2636 Sanctae
1334 2601 1389 2635 Dei
1427 2599 1597 2634 Genitricis
1637 2598 1753 2632 Mariae
1787 2609 1915 2644 semper

1903 284 1909 287 ‚
1945 246 1995 274 Aa.
2014 245 2042 275 c.
2058 245 2125 276 1133
2177 268 2180 276 .

1967 1242 2088 1265 Exordium.

1970 1991 2031 2012 Bona
2052 1988 2122 2016 omnia

1938 2017 1965 2038 ad
1975 2019 2064 2038 monast.
2075 2021 2121 2043 per-

1938 2044 2027 2065 tinentia
2049 2042 2137 2066 contin.

1937 2073 2027 2092 mantur.

1962 2411 2037 2437 Aliqua
2051 2416 2076 2431 ex
2086 2409 2119 2431 bit

1935 2443 1975 2457 euu
1979 2439 2092 2458 merantur.
