<?xml version="1.0" encoding="UTF-8"?>
<!DOCTYPE html PUBLIC "-//W3C//DTD XHTML 1.0 Transitional//EN"
    "http://www.w3.org/TR/xhtml1/DTD/xhtml1-transitional.dtd">
<html xmlns="http://www.w3.org/1999/xhtml" xml:lang="en" lang="en">
 <head>
  <title>
</title>
<meta http-equiv="Content-Type" content="text/html;charset=utf-8" />
  <meta name='ocr-system' content='tesseract 3.04.00' />
  <meta name='ocr-capabilities' content='ocr_page ocr_carea ocr_par ocr_line ocrx_word'/>
</head>
<body>
  <div class='ocr_page' id='page_1' title='image "./bullarumdiplomat02cath/bullarumdiplomat02cath_0369.png"; bbox 0 0 2180 3205; ppageno 0'>
   <div class='ocr_carea' id='block_1_1' title="bbox 12 266 234 313">
    <p class='ocr_par' dir='ltr' id='par_1_1' title="bbox 12 266 234 313">
     <span class='ocr_line' id='line_1_1' title="bbox 12 266 234 313; baseline -0.014 -16"><span class='ocrx_word' id='word_1_1' title='bbox 12 304 18 313; x_wconf 54' lang='lat'>»</span> <span class='ocrx_word' id='word_1_2' title='bbox 54 269 100 297; x_wconf 78' lang='lat' dir='ltr'>An.</span> <span class='ocrx_word' id='word_1_3' title='bbox 121 267 150 295; x_wconf 91' lang='lat' dir='ltr'>C.</span> <span class='ocrx_word' id='word_1_4' title='bbox 168 266 234 295; x_wconf 71' lang='lat'>¹125</span> 
     </span>
    </p>
   </div>
   <div class='ocr_carea' id='block_1_2' title="bbox 84 1602 219 1624">
    <p class='ocr_par' dir='ltr' id='par_1_2' title="bbox 84 1602 219 1624">
     <span class='ocr_line' id='line_1_2' title="bbox 84 1602 219 1624; baseline 0.007 -2"><span class='ocrx_word' id='word_1_5' title='bbox 84 1602 219 1624; x_wconf 73' lang='lat' dir='ltr'>Prooemium.</span> 
     </span>
    </p>
   </div>
   <div class='ocr_carea' id='block_1_3' title="bbox 890 261 1167 284">
    <p class='ocr_par' dir='ltr' id='par_1_3' title="bbox 890 261 1167 284">
     <span class='ocr_line' id='line_1_3' title="bbox 890 261 1167 284; baseline 0.004 -1"><span class='ocrx_word' id='word_1_6' title='bbox 890 261 1051 284; x_wconf 72' lang='lat' dir='ltr'>HONORH&#39;S</span> <span class='ocrx_word' id='word_1_7' title='bbox 1073 262 1096 284; x_wconf 88' lang='grc' dir='ltr'>ΙΙ</span> <span class='ocrx_word' id='word_1_8' title='bbox 1120 262 1167 284; x_wconf 75' lang='grc' dir='ltr'>ΡΡ.</span> 
     </span>
    </p>
   </div>
   <div class='ocr_carea' id='block_1_4' title="bbox 608 315 660 351">
    <p class='ocr_par' dir='ltr' id='par_1_4' title="bbox 608 315 660 351">
     <span class='ocr_line' id='line_1_4' title="bbox 608 315 660 351; baseline 0.019 -1"><span class='ocrx_word' id='word_1_9' title='bbox 608 315 660 351; x_wconf 92' lang='grc'>111.</span> 
     </span>
    </p>
   </div>
   <div class='ocr_carea' id='block_1_5' title="bbox 262 383 1011 476">
    <p class='ocr_par' dir='ltr' id='par_1_5' title="bbox 262 383 1011 476">
     <span class='ocr_line' id='line_1_5' title="bbox 262 383 1011 429; baseline 0.001 -13"><span class='ocrx_word' id='word_1_10' title='bbox 262 383 465 429; x_wconf 76' lang='lat' dir='ltr'>Confirmatio</span> <span class='ocrx_word' id='word_1_11' title='bbox 505 383 652 417; x_wconf 81' lang='lat' dir='ltr'>bonorum</span> <span class='ocrx_word' id='word_1_12' title='bbox 686 396 822 418; x_wconf 82' lang='lat' dir='ltr'>omnium</span> <span class='ocrx_word' id='word_1_13' title='bbox 860 391 886 417; x_wconf 84' lang='lat' dir='ltr'>et</span> <span class='ocrx_word' id='word_1_14' title='bbox 910 385 1011 429; x_wconf 79' lang='lat' dir='ltr'>privi-</span> 
     </span>
     <span class='ocr_line' id='line_1_6' title="bbox 310 433 961 476; baseline 0.002 -11"><span class='ocrx_word' id='word_1_15' title='bbox 310 433 460 476; x_wconf 78' lang='lat' dir='ltr'>leyi&#39;orum</span> <span class='ocrx_word' id='word_1_16' title='bbox 484 433 691 467; x_wconf 77' lang='lat' dir='ltr'>Cluniacenst&#39;s</span> <span class='ocrx_word' id='word_1_17' title='bbox 710 435 890 467; x_wconf 73' lang='lat' dir='ltr'>inanesteri&#39;i</span> <span class='ocrx_word' id='word_1_18' title='bbox 906 437 961 476; x_wconf 75' lang='lat' dir='ltr'>(l).</span> 
     </span>
    </p>
   </div>
   <div class='ocr_carea' id='block_1_6' title="bbox 526 501 741 532">
    <p class='ocr_par' dir='ltr' id='par_1_6' title="bbox 526 501 741 532">
     <span class='ocr_line' id='line_1_7' title="bbox 526 501 741 532; baseline -0.009 0"><span class='ocrx_word' id='word_1_19' title='bbox 526 501 741 532; x_wconf 73' lang='lat' dir='ltr'>SUMMAtttUM</span> 
     </span>
    </p>
   </div>
   <div class='ocr_carea' id='block_1_7' title="bbox 261 557 1012 1348">
    <p class='ocr_par' dir='ltr' id='par_1_7' title="bbox 261 557 1012 1348">
     <span class='ocr_line' id='line_1_8' title="bbox 261 557 1012 598; baseline 0.001 -11"><span class='ocrx_word' id='word_1_20' title='bbox 261 557 449 590; x_wconf 83' lang='lat' dir='ltr'>Prooemium.</span> <span class='ocrx_word' id='word_1_21' title='bbox 463 575 503 581; x_wconf 93' lang='lat'><strong>—</strong></span> <span class='ocrx_word' id='word_1_22' title='bbox 517 558 706 588; x_wconf 81' lang='lat' dir='ltr'>Confirmatio</span> <span class='ocrx_word' id='word_1_23' title='bbox 731 559 921 598; x_wconf 78' lang='lat' dir='ltr'>diplomatum</span> <span class='ocrx_word' id='word_1_24' title='bbox 941 559 1012 589; x_wconf 91' lang='lat' dir='ltr'>Gre-</span> 
     </span>
     <span class='ocr_line' id='line_1_9' title="bbox 301 601 1012 639; baseline -0.001 -7"><span class='ocrx_word' id='word_1_25' title='bbox 301 603 376 639; x_wconf 77' lang='lat' dir='ltr'>gorii</span> <span class='ocrx_word' id='word_1_26' title='bbox 404 602 461 639; x_wconf 91' lang='lat' dir='ltr'>Vll,</span> <span class='ocrx_word' id='word_1_27' title='bbox 488 602 599 632; x_wconf 81' lang='lat' dir='ltr'>Urbani</span> <span class='ocrx_word' id='word_1_28' title='bbox 621 601 645 631; x_wconf 92' lang='lat' dir='ltr'>ll</span> <span class='ocrx_word' id='word_1_29' title='bbox 669 607 697 632; x_wconf 92' lang='lat' dir='ltr'>et</span> <span class='ocrx_word' id='word_1_30' title='bbox 724 602 876 632; x_wconf 80' lang='lat' dir='ltr'>Pascbalis</span> <span class='ocrx_word' id='word_1_31' title='bbox 905 602 938 632; x_wconf 93' lang='lat' dir='ltr'>ll.</span> <span class='ocrx_word' id='word_1_32' title='bbox 973 620 1012 625; x_wconf 90' lang='lat'>—</span> 
     </span>
     <span class='ocr_line' id='line_1_10' title="bbox 299 647 1010 686; baseline 0 -10"><span class='ocrx_word' id='word_1_33' title='bbox 299 647 488 678; x_wconf 72' lang='lat' dir='ltr'>Enumeratio</span> <span class='ocrx_word' id='word_1_34' title='bbox 511 647 667 682; x_wconf 90' lang='lat' dir='ltr'>bonorum,</span> <span class='ocrx_word' id='word_1_35' title='bbox 685 656 760 686; x_wconf 87' lang='lat' dir='ltr'>quae</span> <span class='ocrx_word' id='word_1_36' title='bbox 783 648 1010 676; x_wconf 78' lang='lat' dir='ltr'>confirmantur:</span> 
     </span>
     <span class='ocr_line' id='line_1_11' title="bbox 298 690 1010 721; baseline 0.001 -1"><span class='ocrx_word' id='word_1_37' title='bbox 298 691 377 721; x_wconf 93' lang='lat' dir='ltr'>—ln</span> <span class='ocrx_word' id='word_1_38' title='bbox 394 691 508 721; x_wconf 88' lang='lat' dir='ltr'>abbatis</span> <span class='ocrx_word' id='word_1_39' title='bbox 524 690 654 721; x_wconf 87' lang='lat' dir='ltr'>Cluniae.</span> <span class='ocrx_word' id='word_1_40' title='bbox 673 692 851 721; x_wconf 87' lang='lat' dir='ltr'>monasterio</span> <span class='ocrx_word' id='word_1_41' title='bbox 867 692 1010 721; x_wconf 88' lang='lat' dir='ltr'>subiectis</span> 
     </span>
     <span class='ocr_line' id='line_1_12' title="bbox 299 735 1012 773; baseline -0.001 -7"><span class='ocrx_word' id='word_1_42' title='bbox 299 745 358 766; x_wconf 93' lang='lat' dir='ltr'>non</span> <span class='ocrx_word' id='word_1_43' title='bbox 377 735 506 773; x_wconf 79' lang='lat' dir='ltr'>eligendi</span> <span class='ocrx_word' id='word_1_44' title='bbox 529 735 662 772; x_wconf 87' lang='lat' dir='ltr'>abbates,</span> <span class='ocrx_word' id='word_1_45' title='bbox 680 735 737 765; x_wconf 88' lang='lat' dir='ltr'>nisi</span> <span class='ocrx_word' id='word_1_46' title='bbox 760 736 917 765; x_wconf 74' lang='lat' dir='ltr'>accedente</span> <span class='ocrx_word' id='word_1_47' title='bbox 940 746 1012 765; x_wconf 91' lang='lat' dir='ltr'>con-</span> 
     </span>
     <span class='ocr_line' id='line_1_13' title="bbox 299 779 1012 810; baseline 0 0"><span class='ocrx_word' id='word_1_48' title='bbox 299 789 388 810; x_wconf 85' lang='lat' dir='ltr'>sensu</span> <span class='ocrx_word' id='word_1_49' title='bbox 401 779 516 810; x_wconf 86' lang='lat' dir='ltr'>abbatis</span> <span class='ocrx_word' id='word_1_50' title='bbox 531 779 747 810; x_wconf 85' lang='lat' dir='ltr'>Cluniacensis.</span> <span class='ocrx_word' id='word_1_51' title='bbox 758 796 797 802; x_wconf 89' lang='lat'>—</span> <span class='ocrx_word' id='word_1_52' title='bbox 807 779 957 810; x_wconf 75' lang='lat' dir='ltr'>Prioratus</span> <span class='ocrx_word' id='word_1_53' title='bbox 970 781 1012 810; x_wconf 87' lang='lat' dir='ltr'>ei-</span> 
     </span>
     <span class='ocr_line' id='line_1_14' title="bbox 299 823 1010 862; baseline 0 -8"><span class='ocrx_word' id='word_1_54' title='bbox 299 823 365 854; x_wconf 86' lang='lat' dir='ltr'>dem</span> <span class='ocrx_word' id='word_1_55' title='bbox 398 828 523 854; x_wconf 89' lang='lat' dir='ltr'>monast.</span> <span class='ocrx_word' id='word_1_56' title='bbox 555 824 692 854; x_wconf 88' lang='lat' dir='ltr'>subiecti.</span> <span class='ocrx_word' id='word_1_57' title='bbox 719 840 759 846; x_wconf 92' lang='lat'>—-</span> <span class='ocrx_word' id='word_1_58' title='bbox 788 823 818 852; x_wconf 92' lang='lat' dir='ltr'>ln</span> <span class='ocrx_word' id='word_1_59' title='bbox 848 823 956 862; x_wconf 83' lang='lat' dir='ltr'>quibus</span> <span class='ocrx_word' id='word_1_60' title='bbox 986 825 1010 854; x_wconf 86' lang='lat' dir='ltr'>si</span> 
     </span>
     <span class='ocr_line' id='line_1_15' title="bbox 299 867 1012 906; baseline -0.001 -8"><span class='ocrx_word' id='word_1_61' title='bbox 299 867 421 898; x_wconf 84' lang='lat' dir='ltr'>abbates</span> <span class='ocrx_word' id='word_1_62' title='bbox 440 878 499 898; x_wconf 95' lang='lat' dir='ltr'>non</span> <span class='ocrx_word' id='word_1_63' title='bbox 518 868 626 904; x_wconf 82' lang='lat' dir='ltr'>adsint,</span> <span class='ocrx_word' id='word_1_64' title='bbox 644 877 805 906; x_wconf 84' lang='lat' dir='ltr'>numquam</span> <span class='ocrx_word' id='word_1_65' title='bbox 825 868 1012 906; x_wconf 76' lang='lat' dir='ltr'>eligendi.—</span> 
     </span>
     <span class='ocr_line' id='line_1_16' title="bbox 299 911 1009 952; baseline 0 -10"><span class='ocrx_word' id='word_1_66' title='bbox 299 911 330 942; x_wconf 90' lang='lat' dir='ltr'>In</span> <span class='ocrx_word' id='word_1_67' title='bbox 351 913 500 952; x_wconf 86' lang='lat' dir='ltr'>parochiis</span> <span class='ocrx_word' id='word_1_68' title='bbox 524 921 575 952; x_wconf 86' lang='lat' dir='ltr'>per</span> <span class='ocrx_word' id='word_1_69' title='bbox 598 912 694 951; x_wconf 87' lang='lat' dir='ltr'>ipsum</span> <span class='ocrx_word' id='word_1_70' title='bbox 720 912 854 942; x_wconf 83' lang='lat' dir='ltr'>abbatem</span> <span class='ocrx_word' id='word_1_71' title='bbox 882 913 1009 951; x_wconf 76' lang='lat' dir='ltr'>eligendi</span> 
     </span>
     <span class='ocr_line' id='line_1_17' title="bbox 301 956 1010 996; baseline 0.001 -10"><span class='ocrx_word' id='word_1_72' title='bbox 301 956 479 996; x_wconf 75' lang='lat' dir='ltr'>presbyteri,</span> <span class='ocrx_word' id='word_1_73' title='bbox 497 958 547 996; x_wconf 84' lang='lat' dir='ltr'>qui</span> <span class='ocrx_word' id='word_1_74' title='bbox 566 961 661 986; x_wconf 90' lang='lat' dir='ltr'>tamen</span> <span class='ocrx_word' id='word_1_75' title='bbox 678 966 776 986; x_wconf 83' lang='lat' dir='ltr'>curam</span> <span class='ocrx_word' id='word_1_76' title='bbox 797 957 961 987; x_wconf 84' lang='lat' dir='ltr'>animarum</span> <span class='ocrx_word' id='word_1_77' title='bbox 975 958 1010 987; x_wconf 83' lang='lat' dir='ltr'>ab</span> 
     </span>
     <span class='ocr_line' id='line_1_18' title="bbox 299 1001 1010 1040; baseline 0.001 -10"><span class='ocrx_word' id='word_1_78' title='bbox 299 1001 448 1040; x_wconf 89' lang='lat' dir='ltr'>episcopis</span> <span class='ocrx_word' id='word_1_79' title='bbox 472 1001 631 1039; x_wconf 82' lang='lat' dir='ltr'>accipiant:</span> <span class='ocrx_word' id='word_1_80' title='bbox 651 1005 736 1039; x_wconf 87' lang='lat' dir='ltr'>prout</span> <span class='ocrx_word' id='word_1_81' title='bbox 758 1001 844 1030; x_wconf 87' lang='lat' dir='ltr'>etiam</span> <span class='ocrx_word' id='word_1_82' title='bbox 865 1002 1010 1031; x_wconf 87' lang='lat' dir='ltr'>ecclesia-</span> 
     </span>
     <span class='ocr_line' id='line_1_19' title="bbox 298 1045 1009 1083; baseline 0.001 -9"><span class='ocrx_word' id='word_1_83' title='bbox 298 1053 363 1074; x_wconf 91' lang='lat' dir='ltr'>rum</span> <span class='ocrx_word' id='word_1_84' title='bbox 396 1045 529 1083; x_wconf 90' lang='lat' dir='ltr'>ipsarum</span> <span class='ocrx_word' id='word_1_85' title='bbox 561 1045 811 1074; x_wconf 82' lang='lat' dir='ltr'>consecrationes.</span> <span class='ocrx_word' id='word_1_86' title='bbox 839 1062 878 1067; x_wconf 97' lang='lat'><strong>—</strong></span> <span class='ocrx_word' id='word_1_87' title='bbox 905 1045 1009 1075; x_wconf 85' lang='lat' dir='ltr'>Omni-</span> 
     </span>
     <span class='ocr_line' id='line_1_20' title="bbox 298 1089 1010 1128; baseline 0.003 -10"><span class='ocrx_word' id='word_1_88' title='bbox 298 1089 383 1119; x_wconf 84' lang='lat' dir='ltr'>moda</span> <span class='ocrx_word' id='word_1_89' title='bbox 403 1089 575 1118; x_wconf 87' lang='lat' dir='ltr'>immunitas</span> <span class='ocrx_word' id='word_1_90' title='bbox 591 1099 605 1118; x_wconf 89' lang='lat' dir='ltr'>a</span> <span class='ocrx_word' id='word_1_91' title='bbox 625 1098 813 1128; x_wconf 87' lang='lat' dir='ltr'>quocumque</span> <span class='ocrx_word' id='word_1_92' title='bbox 834 1091 1010 1127; x_wconf 74' lang='lat' dir='ltr'>gravamine:</span> 
     </span>
     <span class='ocr_line' id='line_1_21' title="bbox 298 1133 1009 1172; baseline 0.001 -10"><span class='ocrx_word' id='word_1_93' title='bbox 298 1149 338 1156; x_wconf 89' lang='lat'>-</span> <span class='ocrx_word' id='word_1_94' title='bbox 354 1133 448 1172; x_wconf 85' lang='lat' dir='ltr'>Atque</span> <span class='ocrx_word' id='word_1_95' title='bbox 467 1134 554 1162; x_wconf 90' lang='lat' dir='ltr'>etiam</span> <span class='ocrx_word' id='word_1_96' title='bbox 571 1143 584 1162; x_wconf 89' lang='lat' dir='ltr'>a</span> <span class='ocrx_word' id='word_1_97' title='bbox 605 1142 792 1171; x_wconf 87' lang='lat' dir='ltr'>quacumque</span> <span class='ocrx_word' id='word_1_98' title='bbox 808 1134 1009 1163; x_wconf 81' lang='lat' dir='ltr'>ecclesiastica</span> 
     </span>
     <span class='ocr_line' id='line_1_22' title="bbox 299 1176 1009 1213; baseline 0.001 -7"><span class='ocrx_word' id='word_1_99' title='bbox 299 1186 443 1213; x_wconf 84' lang='lat' dir='ltr'>censura,</span> <span class='ocrx_word' id='word_1_100' title='bbox 470 1177 528 1206; x_wconf 88' lang='lat' dir='ltr'>nisi</span> <span class='ocrx_word' id='word_1_101' title='bbox 551 1186 565 1206; x_wconf 88' lang='lat' dir='ltr'>a</span> <span class='ocrx_word' id='word_1_102' title='bbox 595 1176 726 1206; x_wconf 80' lang='lat' dir='ltr'>Romano</span> <span class='ocrx_word' id='word_1_103' title='bbox 760 1177 899 1207; x_wconf 70' lang='lat' dir='ltr'>pontifice</span> <span class='ocrx_word' id='word_1_104' title='bbox 932 1179 1009 1208; x_wconf 85' lang='lat' dir='ltr'>illata</span> 
     </span>
     <span class='ocr_line' id='line_1_23' title="bbox 299 1219 1010 1260; baseline 0.003 -10"><span class='ocrx_word' id='word_1_105' title='bbox 299 1220 397 1250; x_wconf 81' lang='lat' dir='ltr'>suerii.</span> <span class='ocrx_word' id='word_1_106' title='bbox 419 1219 546 1250; x_wconf 90' lang='lat' dir='ltr'>—Item</span> <span class='ocrx_word' id='word_1_107' title='bbox 566 1225 594 1250; x_wconf 87' lang='lat' dir='ltr'>et</span> <span class='ocrx_word' id='word_1_108' title='bbox 616 1230 630 1249; x_wconf 91' lang='lat' dir='ltr'>a</span> <span class='ocrx_word' id='word_1_109' title='bbox 655 1230 842 1260; x_wconf 87' lang='lat' dir='ltr'>quacumque</span> <span class='ocrx_word' id='word_1_110' title='bbox 867 1222 1010 1258; x_wconf 81' lang='lat' dir='ltr'>molestia,</span> 
     </span>
     <span class='ocr_line' id='line_1_24' title="bbox 299 1264 1010 1295; baseline 0 0"><span class='ocrx_word' id='word_1_111' title='bbox 299 1265 325 1295; x_wconf 88' lang='lat' dir='ltr'>vi</span> <span class='ocrx_word' id='word_1_112' title='bbox 341 1269 444 1295; x_wconf 87' lang='lat' dir='ltr'>etc.-—</span> <span class='ocrx_word' id='word_1_113' title='bbox 457 1264 565 1294; x_wconf 86' lang='lat' dir='ltr'>Solitae</span> <span class='ocrx_word' id='word_1_114' title='bbox 581 1264 743 1294; x_wconf 81' lang='lat' dir='ltr'>clausulae.</span> <span class='ocrx_word' id='word_1_115' title='bbox 765 1281 804 1286; x_wconf 97' lang='lat'><strong>—</strong></span> <span class='ocrx_word' id='word_1_116' title='bbox 819 1264 939 1295; x_wconf 82' lang='lat' dir='ltr'>Honorii</span> <span class='ocrx_word' id='word_1_117' title='bbox 958 1265 1010 1295; x_wconf 69' lang='grc' dir='ltr'><strong>ΡΙ).</strong></span> 
     </span>
     <span class='ocr_line' id='line_1_25' title="bbox 300 1308 966 1348; baseline 0 -9"><span class='ocrx_word' id='word_1_118' title='bbox 300 1313 328 1339; x_wconf 89' lang='lat' dir='ltr'>et</span> <span class='ocrx_word' id='word_1_119' title='bbox 350 1308 378 1339; x_wconf 89' lang='lat' dir='ltr'>S.</span> <span class='ocrx_word' id='word_1_120' title='bbox 397 1309 430 1338; x_wconf 80' lang='lat' dir='ltr'>R.</span> <span class='ocrx_word' id='word_1_121' title='bbox 452 1308 484 1338; x_wconf 80' lang='lat' dir='ltr'>E.</span> <span class='ocrx_word' id='word_1_122' title='bbox 508 1309 704 1338; x_wconf 83' lang='lat' dir='ltr'>cardinalium</span> <span class='ocrx_word' id='word_1_123' title='bbox 724 1308 966 1348; x_wconf 79' lang='lat' dir='ltr'>subscriptiones.</span> 
     </span>
    </p>
   </div>
   <div class='ocr_carea' id='block_1_8' title="bbox 260 1375 1012 1560">
    <p class='ocr_par' dir='ltr' id='par_1_8' title="bbox 260 1375 1012 1560">
     <span class='ocr_line' id='line_1_26' title="bbox 260 1375 1012 1411; baseline 0.003 -8"><span class='ocrx_word' id='word_1_124' title='bbox 260 1375 392 1404; x_wconf 75' lang='lat' dir='ltr'>Honorias</span> <span class='ocrx_word' id='word_1_125' title='bbox 411 1375 551 1411; x_wconf 76' lang='lat' dir='ltr'>episcopus</span> <span class='ocrx_word' id='word_1_126' title='bbox 571 1382 665 1404; x_wconf 86' lang='lat' dir='ltr'>servus</span> <span class='ocrx_word' id='word_1_127' title='bbox 684 1382 822 1403; x_wconf 83' lang='lat' dir='ltr'>servorum</span> <span class='ocrx_word' id='word_1_128' title='bbox 839 1375 894 1409; x_wconf 80' lang='lat' dir='ltr'>Dei,</span> <span class='ocrx_word' id='word_1_129' title='bbox 915 1377 1012 1405; x_wconf 74' lang='lat' dir='ltr'>dilecto</span> 
     </span>
     <span class='ocr_line' id='line_1_27' title="bbox 306 1423 1010 1455; baseline 0.004 -3"><span class='ocrx_word' id='word_1_130' title='bbox 306 1424 334 1452; x_wconf 86' lang='lat' dir='ltr'>iu</span> <span class='ocrx_word' id='word_1_131' title='bbox 353 1424 461 1453; x_wconf 84' lang='lat' dir='ltr'>Christo</span> <span class='ocrx_word' id='word_1_132' title='bbox 479 1423 535 1452; x_wconf 77' lang='lat' dir='ltr'>filio</span> <span class='ocrx_word' id='word_1_133' title='bbox 553 1424 631 1453; x_wconf 84' lang='lat' dir='ltr'>Petro</span> <span class='ocrx_word' id='word_1_134' title='bbox 652 1424 744 1453; x_wconf 76' lang='lat' dir='ltr'>abbati</span> <span class='ocrx_word' id='word_1_135' title='bbox 764 1426 928 1454; x_wconf 74' lang='lat' dir='ltr'>venerabilis</span> <span class='ocrx_word' id='word_1_136' title='bbox 955 1434 1010 1455; x_wconf 89' lang='lat' dir='ltr'>mo·</span> 
     </span>
     <span class='ocr_line' id='line_1_28' title="bbox 305 1474 1011 1510; baseline 0.001 -7"><span class='ocrx_word' id='word_1_137' title='bbox 305 1475 422 1503; x_wconf 81' lang='lat' dir='ltr'>nasterii</span> <span class='ocrx_word' id='word_1_138' title='bbox 454 1474 647 1506; x_wconf 76' lang='lat' dir='ltr'>mariacensis,</span> <span class='ocrx_word' id='word_1_139' title='bbox 673 1474 782 1510; x_wconf 83' lang='lat' dir='ltr'>eiusque</span> <span class='ocrx_word' id='word_1_140' title='bbox 813 1477 1011 1504; x_wconf 81' lang='lat' dir='ltr'>successoribus</span> 
     </span>
     <span class='ocr_line' id='line_1_29' title="bbox 304 1524 943 1560; baseline 0.003 -8"><span class='ocrx_word' id='word_1_141' title='bbox 304 1524 471 1560; x_wconf 80' lang='lat' dir='ltr'>regulariter</span> <span class='ocrx_word' id='word_1_142' title='bbox 495 1524 704 1556; x_wconf 77' lang='lat' dir='ltr'>substituendis,</span> <span class='ocrx_word' id='word_1_143' title='bbox 724 1524 752 1552; x_wconf 87' lang='lat' dir='ltr'>in</span> <span class='ocrx_word' id='word_1_144' title='bbox 772 1526 943 1560; x_wconf 77' lang='lat' dir='ltr'>perpetuum.</span> 
     </span>
    </p>
   </div>
   <div class='ocr_carea' id='block_1_9' title="bbox 261 1586 1016 2611">
    <p class='ocr_par' dir='ltr' id='par_1_9' title="bbox 261 1586 1016 2611">
     <span class='ocr_line' id='line_1_30' title="bbox 310 1586 1011 1634; baseline 0.004 -13"><span class='ocrx_word' id='word_1_145' title='bbox 310 1586 644 1634; x_wconf 77' lang='lat' dir='ltr'>incomprehensibilis</span> <span class='ocrx_word' id='word_1_146' title='bbox 659 1596 688 1621; x_wconf 86' lang='lat' dir='ltr'>et</span> <span class='ocrx_word' id='word_1_147' title='bbox 703 1587 871 1622; x_wconf 80' lang='lat' dir='ltr'>ineffabilis</span> <span class='ocrx_word' id='word_1_148' title='bbox 889 1588 1011 1624; x_wconf 80' lang='lat' dir='ltr'>divinae</span> 
     </span>
     <span class='ocr_line' id='line_1_31' title="bbox 262 1636 1011 1683; baseline 0.004 -14"><span class='ocrx_word' id='word_1_149' title='bbox 262 1636 422 1671; x_wconf 85' lang='lat' dir='ltr'>miseratio</span> <span class='ocrx_word' id='word_1_150' title='bbox 444 1636 618 1683; x_wconf 84' lang='lat' dir='ltr'>potestatis,</span> <span class='ocrx_word' id='word_1_151' title='bbox 641 1648 698 1671; x_wconf 90' lang='lat' dir='ltr'>nos</span> <span class='ocrx_word' id='word_1_152' title='bbox 720 1636 777 1671; x_wconf 86' lang='lat' dir='ltr'>bac</span> <span class='ocrx_word' id='word_1_153' title='bbox 797 1638 1011 1683; x_wconf 74' lang='lat' dir='ltr'>providentiae</span> 
     </span>
     <span class='ocr_line' id='line_1_32' title="bbox 261 1685 1010 1732; baseline 0.003 -12"><span class='ocrx_word' id='word_1_154' title='bbox 261 1685 381 1720; x_wconf 84' lang='lat' dir='ltr'>ratione</span> <span class='ocrx_word' id='word_1_155' title='bbox 406 1685 436 1719; x_wconf 92' lang='lat' dir='ltr'>in</span> <span class='ocrx_word' id='word_1_156' title='bbox 460 1686 660 1732; x_wconf 87' lang='lat' dir='ltr'>Apostolieae</span> <span class='ocrx_word' id='word_1_157' title='bbox 688 1685 781 1720; x_wconf 85' lang='lat' dir='ltr'>Sedis</span> <span class='ocrx_word' id='word_1_158' title='bbox 807 1686 1010 1722; x_wconf 83' lang='lat' dir='ltr'>administra-</span> 
     </span>
     <span class='ocr_line' id='line_1_33' title="bbox 262 1735 1011 1781; baseline 0.003 -12"><span class='ocrx_word' id='word_1_159' title='bbox 262 1735 347 1769; x_wconf 84' lang='lat' dir='ltr'>tione</span> <span class='ocrx_word' id='word_1_160' title='bbox 367 1735 541 1778; x_wconf 85' lang='lat' dir='ltr'>constituit,</span> <span class='ocrx_word' id='word_1_161' title='bbox 569 1742 601 1769; x_wconf 88' lang='lat' dir='ltr'>ut</span> <span class='ocrx_word' id='word_1_162' title='bbox 621 1743 781 1781; x_wconf 88' lang='lat' dir='ltr'>paternam</span> <span class='ocrx_word' id='word_1_163' title='bbox 804 1735 841 1770; x_wconf 87' lang='lat' dir='ltr'>de</span> <span class='ocrx_word' id='word_1_164' title='bbox 864 1737 1011 1772; x_wconf 86' lang='lat' dir='ltr'>omnibus</span> 
     </span>
     <span class='ocr_line' id='line_1_34' title="bbox 261 1783 1009 1830; baseline 0.003 -12"><span class='ocrx_word' id='word_1_165' title='bbox 261 1783 414 1818; x_wconf 89' lang='lat' dir='ltr'>Ecclesiis</span> <span class='ocrx_word' id='word_1_166' title='bbox 434 1784 665 1818; x_wconf 84' lang='lat' dir='ltr'>solicitudinem</span> <span class='ocrx_word' id='word_1_167' title='bbox 687 1796 795 1830; x_wconf 75' lang='lat' dir='ltr'>gerere</span> <span class='ocrx_word' id='word_1_168' title='bbox 816 1785 1009 1820; x_wconf 81' lang='lat' dir='ltr'>studeamus.</span> 
     </span>
     <span class='ocr_line' id='line_1_35' title="bbox 261 1832 1010 1881; baseline 0.004 -14"><span class='ocrx_word' id='word_1_169' title='bbox 261 1832 426 1880; x_wconf 83' lang='lat' dir='ltr'>Siquidem</span> <span class='ocrx_word' id='word_1_170' title='bbox 459 1833 492 1868; x_wconf 90' lang='lat' dir='ltr'>S.</span> <span class='ocrx_word' id='word_1_171' title='bbox 529 1832 669 1868; x_wconf 87' lang='lat' dir='ltr'>Romana</span> <span class='ocrx_word' id='word_1_172' title='bbox 696 1833 856 1877; x_wconf 87' lang='lat' dir='ltr'>Ecclesia,</span> <span class='ocrx_word' id='word_1_173' title='bbox 892 1847 972 1881; x_wconf 89' lang='lat' dir='ltr'>quae</span> <span class='ocrx_word' id='word_1_174' title='bbox 994 1848 1010 1870; x_wconf 87' lang='lat' dir='ltr'>a</span> 
     </span>
     <span class='ocr_line' id='line_1_36' title="bbox 261 1882 1009 1919; baseline 0.003 -2"><span class='ocrx_word' id='word_1_175' title='bbox 261 1882 331 1917; x_wconf 90' lang='lat' dir='ltr'>Deo</span> <span class='ocrx_word' id='word_1_176' title='bbox 351 1882 409 1917; x_wconf 91' lang='lat' dir='ltr'>sihi</span> <span class='ocrx_word' id='word_1_177' title='bbox 431 1894 614 1917; x_wconf 85' lang='lat' dir='ltr'>concessum</span> <span class='ocrx_word' id='word_1_178' title='bbox 638 1883 778 1917; x_wconf 91' lang='lat' dir='ltr'>omnium</span> <span class='ocrx_word' id='word_1_179' title='bbox 796 1883 1009 1919; x_wconf 87' lang='lat' dir='ltr'>Ecclesiarum</span> 
     </span>
     <span class='ocr_line' id='line_1_37' title="bbox 263 1931 1012 1979; baseline 0.003 -13"><span class='ocrx_word' id='word_1_180' title='bbox 263 1931 376 1966; x_wconf 84' lang='lat' dir='ltr'>retinet</span> <span class='ocrx_word' id='word_1_181' title='bbox 412 1931 647 1978; x_wconf 75' lang='lat' dir='ltr'>principatum,</span> <span class='ocrx_word' id='word_1_182' title='bbox 686 1941 844 1978; x_wconf 87' lang='lat' dir='ltr'>tamquam</span> <span class='ocrx_word' id='word_1_183' title='bbox 878 1933 1012 1979; x_wconf 80' lang='lat' dir='ltr'>diligens</span> 
     </span>
     <span class='ocr_line' id='line_1_38' title="bbox 264 1980 1010 2027; baseline 0.004 -13"><span class='ocrx_word' id='word_1_184' title='bbox 264 1987 382 2021; x_wconf 82' lang='lat' dir='ltr'>mater,</span> <span class='ocrx_word' id='word_1_185' title='bbox 415 1980 549 2027; x_wconf 82' lang='lat' dir='ltr'>singulis</span> <span class='ocrx_word' id='word_1_186' title='bbox 577 1981 670 2015; x_wconf 89' lang='lat' dir='ltr'>debet</span> <span class='ocrx_word' id='word_1_187' title='bbox 704 1981 856 2016; x_wconf 85' lang='lat' dir='ltr'>Ecclesiis</span> <span class='ocrx_word' id='word_1_188' title='bbox 883 1983 1010 2017; x_wconf 88' lang='lat' dir='ltr'>instanti</span> 
     </span>
     <span class='ocr_line' id='line_1_39' title="bbox 263 2029 1010 2077; baseline 0.004 -14"><span class='ocrx_word' id='word_1_189' title='bbox 263 2029 419 2076; x_wconf 79' lang='lat' dir='ltr'>vigilantia</span> <span class='ocrx_word' id='word_1_190' title='bbox 461 2030 635 2076; x_wconf 81' lang='lat' dir='ltr'>providere.</span> <span class='ocrx_word' id='word_1_191' title='bbox 681 2030 728 2064; x_wconf 81' lang='lat' dir='ltr'>Ad</span> <span class='ocrx_word' id='word_1_192' title='bbox 769 2031 867 2076; x_wconf 83' lang='lat' dir='ltr'>ipsam</span> <span class='ocrx_word' id='word_1_193' title='bbox 903 2032 1010 2077; x_wconf 88' lang='lat' dir='ltr'>enim,</span> 
     </span>
     <span class='ocr_line' id='line_1_40' title="bbox 264 2079 1012 2126; baseline 0.003 -13"><span class='ocrx_word' id='word_1_194' title='bbox 264 2079 352 2126; x_wconf 81' lang='lat' dir='ltr'>quasi</span> <span class='ocrx_word' id='word_1_195' title='bbox 379 2079 418 2113; x_wconf 86' lang='lat' dir='ltr'>ad</span> <span class='ocrx_word' id='word_1_196' title='bbox 445 2087 538 2126; x_wconf 87' lang='lat' dir='ltr'>caput</span> <span class='ocrx_word' id='word_1_197' title='bbox 572 2087 601 2114; x_wconf 89' lang='lat' dir='ltr'>et</span> <span class='ocrx_word' id='word_1_198' title='bbox 631 2089 760 2113; x_wconf 75' lang='lat' dir='ltr'>mairem</span> <span class='ocrx_word' id='word_1_199' title='bbox 796 2080 834 2114; x_wconf 91' lang='lat' dir='ltr'>ab</span> <span class='ocrx_word' id='word_1_200' title='bbox 863 2082 1012 2115; x_wconf 87' lang='lat' dir='ltr'>omnibus</span> 
     </span>
     <span class='ocr_line' id='line_1_41' title="bbox 264 2128 1011 2172; baseline 0.001 -10"><span class='ocrx_word' id='word_1_201' title='bbox 264 2136 311 2162; x_wconf 86' lang='lat' dir='ltr'>est</span> <span class='ocrx_word' id='word_1_202' title='bbox 337 2128 601 2172; x_wconf 87' lang='lat' dir='ltr'>concurrendum,</span> <span class='ocrx_word' id='word_1_203' title='bbox 627 2136 661 2162; x_wconf 93' lang='lat' dir='ltr'>ut</span> <span class='ocrx_word' id='word_1_204' title='bbox 688 2129 756 2162; x_wconf 83' lang='lat' dir='ltr'>eius</span> <span class='ocrx_word' id='word_1_205' title='bbox 780 2128 930 2163; x_wconf 81' lang='lat' dir='ltr'>uberibus</span> <span class='ocrx_word' id='word_1_206' title='bbox 952 2143 1011 2163; x_wconf 88' lang='lat' dir='ltr'>nu-</span> 
     </span>
     <span class='ocr_line' id='line_1_42' title="bbox 265 2177 1013 2221; baseline 0.003 -11"><span class='ocrx_word' id='word_1_207' title='bbox 265 2177 408 2220; x_wconf 81' lang='lat' dir='ltr'>triantur,</span> <span class='ocrx_word' id='word_1_208' title='bbox 430 2177 613 2212; x_wconf 84' lang='lat' dir='ltr'>auctoritate</span> <span class='ocrx_word' id='word_1_209' title='bbox 629 2177 849 2221; x_wconf 79' lang='lat' dir='ltr'>defendantur,</span> <span class='ocrx_word' id='word_1_210' title='bbox 871 2187 901 2212; x_wconf 87' lang='lat' dir='ltr'>et</span> <span class='ocrx_word' id='word_1_211' title='bbox 916 2191 930 2212; x_wconf 91' lang='lat' dir='ltr'>a</span> <span class='ocrx_word' id='word_1_212' title='bbox 947 2179 1013 2213; x_wconf 87' lang='lat' dir='ltr'>suis</span> 
     </span>
     <span class='ocr_line' id='line_1_43' title="bbox 265 2226 1012 2272; baseline 0.001 -12"><span class='ocrx_word' id='word_1_213' title='bbox 265 2226 526 2272; x_wconf 83' lang='lat' dir='ltr'>oppressionibus</span> <span class='ocrx_word' id='word_1_214' title='bbox 541 2226 728 2260; x_wconf 74' lang='lat' dir='ltr'>releventur.</span> <span class='ocrx_word' id='word_1_215' title='bbox 746 2226 906 2261; x_wconf 85' lang='lat' dir='ltr'>Condecet</span> <span class='ocrx_word' id='word_1_216' title='bbox 921 2228 1012 2272; x_wconf 81' lang='lat' dir='ltr'>igitur</span> 
     </span>
     <span class='ocr_line' id='line_1_44' title="bbox 266 2274 1013 2315; baseline 0.001 -6"><span class='ocrx_word' id='word_1_217' title='bbox 266 2282 301 2309; x_wconf 90' lang='lat' dir='ltr'>ut</span> <span class='ocrx_word' id='word_1_218' title='bbox 325 2274 498 2312; x_wconf 84' lang='lat' dir='ltr'>Ecclesias.</span> <span class='ocrx_word' id='word_1_219' title='bbox 522 2283 551 2309; x_wconf 88' lang='lat' dir='ltr'>et</span> <span class='ocrx_word' id='word_1_220' title='bbox 572 2274 760 2309; x_wconf 71' lang='lat' dir='ltr'>venerabilia</span> <span class='ocrx_word' id='word_1_221' title='bbox 776 2276 853 2315; x_wconf 68' lang='lat' dir='ltr'>loca,</span> <span class='ocrx_word' id='word_1_222' title='bbox 878 2277 1013 2310; x_wconf 83' lang='lat' dir='ltr'>maxime</span> 
     </span>
     <span class='ocr_line' id='line_1_45' title="bbox 265 2323 1013 2372; baseline 0.001 -14"><span class='ocrx_word' id='word_1_223' title='bbox 265 2335 346 2370; x_wconf 88' lang='lat' dir='ltr'>quae</span> <span class='ocrx_word' id='word_1_224' title='bbox 371 2323 411 2358; x_wconf 84' lang='lat' dir='ltr'>ad</span> <span class='ocrx_word' id='word_1_225' title='bbox 433 2324 568 2370; x_wconf 88' lang='lat' dir='ltr'>speciale</span> <span class='ocrx_word' id='word_1_226' title='bbox 590 2324 652 2366; x_wconf 89' lang='lat' dir='ltr'>ius,</span> <span class='ocrx_word' id='word_1_227' title='bbox 679 2331 707 2357; x_wconf 88' lang='lat' dir='ltr'>et</span> <span class='ocrx_word' id='word_1_228' title='bbox 729 2324 920 2369; x_wconf 78' lang='lat' dir='ltr'>singularem</span> <span class='ocrx_word' id='word_1_229' title='bbox 941 2338 1013 2372; x_wconf 89' lang='lat' dir='ltr'>pro-</span> 
     </span>
     <span class='ocr_line' id='line_1_46' title="bbox 267 2372 1013 2420; baseline 0.001 -13"><span class='ocrx_word' id='word_1_230' title='bbox 267 2373 430 2420; x_wconf 85' lang='lat' dir='ltr'>prietatem</span> <span class='ocrx_word' id='word_1_231' title='bbox 453 2372 486 2407; x_wconf 92' lang='lat' dir='ltr'>S.</span> <span class='ocrx_word' id='word_1_232' title='bbox 509 2372 686 2415; x_wconf 85' lang='lat' dir='ltr'>Romanae,</span> <span class='ocrx_word' id='word_1_233' title='bbox 714 2373 764 2407; x_wconf 89' lang='lat' dir='ltr'>cui</span> <span class='ocrx_word' id='word_1_234' title='bbox 788 2373 855 2408; x_wconf 88' lang='lat' dir='ltr'>Deo</span> <span class='ocrx_word' id='word_1_235' title='bbox 887 2382 1013 2408; x_wconf 83' lang='lat' dir='ltr'>auctore</span> 
     </span>
     <span class='ocr_line' id='line_1_47' title="bbox 266 2421 1016 2469; baseline 0.001 -12"><span class='ocrx_word' id='word_1_236' title='bbox 266 2422 432 2462; x_wconf 84' lang='lat' dir='ltr'>servimus,</span> <span class='ocrx_word' id='word_1_237' title='bbox 472 2430 625 2468; x_wconf 74' lang='lat' dir='ltr'>spectant,</span> <span class='ocrx_word' id='word_1_238' title='bbox 659 2421 818 2456; x_wconf 82' lang='lat' dir='ltr'>Ecclesiae</span> <span class='ocrx_word' id='word_1_239' title='bbox 852 2423 1016 2469; x_wconf 87' lang='lat' dir='ltr'>specialio-</span> 
     </span>
     <span class='ocr_line' id='line_1_48' title="bbox 267 2471 1014 2518; baseline 0.001 -12"><span class='ocrx_word' id='word_1_240' title='bbox 267 2471 310 2506; x_wconf 85' lang='lat' dir='ltr'>ris</span> <span class='ocrx_word' id='word_1_241' title='bbox 324 2471 558 2518; x_wconf 85' lang='lat' dir='ltr'>praerogativae</span> <span class='ocrx_word' id='word_1_242' title='bbox 590 2471 759 2505; x_wconf 87' lang='lat' dir='ltr'>sortiantur</span> <span class='ocrx_word' id='word_1_243' title='bbox 799 2471 965 2512; x_wconf 74' lang='lat' dir='ltr'>bonorem,</span> <span class='ocrx_word' id='word_1_244' title='bbox 985 2481 1014 2507; x_wconf 93' lang='lat' dir='ltr'>et</span> 
     </span>
     <span class='ocr_line' id='line_1_49' title="bbox 267 2520 1015 2566; baseline 0.001 -11"><span class='ocrx_word' id='word_1_245' title='bbox 267 2520 456 2566; x_wconf 88' lang='lat' dir='ltr'>apostolicae</span> <span class='ocrx_word' id='word_1_246' title='bbox 505 2520 697 2555; x_wconf 82' lang='lat' dir='ltr'>auctoritatis</span> <span class='ocrx_word' id='word_1_247' title='bbox 740 2521 915 2555; x_wconf 84' lang='lat' dir='ltr'>munimine</span> <span class='ocrx_word' id='word_1_248' title='bbox 963 2534 1015 2556; x_wconf 92' lang='lat' dir='ltr'>ro-</span> 
     </span>
     <span class='ocr_line' id='line_1_50' title="bbox 269 2568 1015 2611; baseline 0.003 -8"><span class='ocrx_word' id='word_1_249' title='bbox 269 2568 429 2604; x_wconf 88' lang='lat' dir='ltr'>borentur.</span> <span class='ocrx_word' id='word_1_250' title='bbox 448 2569 675 2611; x_wconf 82' lang='lat' dir='ltr'>Quamobrem.</span> <span class='ocrx_word' id='word_1_251' title='bbox 697 2569 810 2604; x_wconf 87' lang='lat' dir='ltr'>dilecte</span> <span class='ocrx_word' id='word_1_252' title='bbox 836 2570 866 2604; x_wconf 91' lang='lat' dir='ltr'>in</span> <span class='ocrx_word' id='word_1_253' title='bbox 888 2569 1015 2605; x_wconf 90' lang='lat' dir='ltr'>Cbristo</span> 
     </span>
    </p>
   </div>
   <div class='ocr_carea' id='block_1_10' title="bbox 304 2638 1014 2674">
    <p class='ocr_par' dir='ltr' id='par_1_10' title="bbox 304 2638 1014 2674">
     <span class='ocr_line' id='line_1_51' title="bbox 304 2638 1014 2674; baseline 0.004 -10"><span class='ocrx_word' id='word_1_254' title='bbox 304 2638 343 2674; x_wconf 87' lang='grc'>(1)</span> <span class='ocrx_word' id='word_1_255' title='bbox 362 2639 449 2665; x_wconf 83' lang='lat' dir='ltr'>Edidit</span> <span class='ocrx_word' id='word_1_256' title='bbox 466 2640 585 2671; x_wconf 73' lang='lat' dir='ltr'>Marrier,</span> <span class='ocrx_word' id='word_1_257' title='bbox 601 2639 721 2667; x_wconf 85' lang='lat' dir='ltr'>Bibliotb.</span> <span class='ocrx_word' id='word_1_258' title='bbox 734 2640 860 2666; x_wconf 62' lang='lat' dir='ltr'>Cluniae..</span> <span class='ocrx_word' id='word_1_259' title='bbox 874 2640 921 2668; x_wconf 54' lang='lat' dir='ltr'>col.</span> <span class='ocrx_word' id='word_1_260' title='bbox 940 2642 1014 2667; x_wconf 78' lang='lat'>1377.</span> 
     </span>
    </p>
   </div>
   <div class='ocr_carea' id='block_1_11' title="bbox 1681 255 1743 288">
    <p class='ocr_par' dir='ltr' id='par_1_11' title="bbox 1681 255 1743 288">
     <span class='ocr_line' id='line_1_52' title="bbox 1681 255 1743 288; baseline 0 0"><span class='ocrx_word' id='word_1_261' title='bbox 1681 255 1743 288; x_wconf 78' lang='lat'>551</span> 
     </span>
    </p>
   </div>
   <div class='ocr_carea' id='block_1_12' title="bbox 1052 316 1807 2678">
    <p class='ocr_par' dir='ltr' id='par_1_12' title="bbox 1052 316 1807 2678">
     <span class='ocr_line' id='line_1_53' title="bbox 1053 316 1799 366; baseline 0.008 -16"><span class='ocrx_word' id='word_1_262' title='bbox 1053 316 1094 350; x_wconf 82' lang='lat' dir='ltr'>fili</span> <span class='ocrx_word' id='word_1_263' title='bbox 1111 316 1202 351; x_wconf 80' lang='lat' dir='ltr'>Petro</span> <span class='ocrx_word' id='word_1_264' title='bbox 1224 316 1331 359; x_wconf 78' lang='lat' dir='ltr'>abbas,</span> <span class='ocrx_word' id='word_1_265' title='bbox 1356 318 1445 353; x_wconf 86' lang='lat' dir='ltr'>iustis</span> <span class='ocrx_word' id='word_1_266' title='bbox 1461 318 1724 366; x_wconf 89' lang='lat' dir='ltr'>postulationibus</span> <span class='ocrx_word' id='word_1_267' title='bbox 1738 320 1799 356; x_wconf 83' lang='lat' dir='ltr'>tuis</span> 
     </span>
     <span class='ocr_line' id='line_1_54' title="bbox 1052 365 1798 416; baseline 0.008 -17"><span class='ocrx_word' id='word_1_268' title='bbox 1052 365 1240 401; x_wconf 86' lang='lat' dir='ltr'>clementius</span> <span class='ocrx_word' id='word_1_269' title='bbox 1270 368 1421 407; x_wconf 86' lang='lat' dir='ltr'>inclinati,</span> <span class='ocrx_word' id='word_1_270' title='bbox 1456 368 1606 416; x_wconf 89' lang='lat' dir='ltr'>quicquid</span> <span class='ocrx_word' id='word_1_271' title='bbox 1635 369 1798 411; x_wconf 88' lang='lat' dir='ltr'>libertatis,</span> 
     </span>
     <span class='ocr_line' id='line_1_55' title="bbox 1052 415 1800 465; baseline 0.008 -17"><span class='ocrx_word' id='word_1_272' title='bbox 1052 415 1203 462; x_wconf 87' lang='lat' dir='ltr'>quicquid</span> <span class='ocrx_word' id='word_1_273' title='bbox 1236 416 1392 457; x_wconf 77' lang='lat' dir='ltr'>tuitionis,</span> <span class='ocrx_word' id='word_1_274' title='bbox 1421 418 1572 465; x_wconf 78' lang='lat' dir='ltr'>quicquid</span> <span class='ocrx_word' id='word_1_275' title='bbox 1607 419 1800 454; x_wconf 85' lang='lat' dir='ltr'>auctoritatis</span> 
     </span>
     <span class='ocr_line' id='line_1_56' title="bbox 1053 464 1800 509; baseline 0.009 -12"><span class='ocrx_word' id='word_1_276' title='bbox 1053 464 1309 509; x_wconf 81' lang='lat' dir='ltr'>praedecessores</span> <span class='ocrx_word' id='word_1_277' title='bbox 1332 467 1442 506; x_wconf 75' lang='lat' dir='ltr'>nostri,</span> <span class='ocrx_word' id='word_1_278' title='bbox 1462 466 1621 502; x_wconf 83' lang='lat' dir='ltr'>Ecclesiae</span> <span class='ocrx_word' id='word_1_279' title='bbox 1637 467 1800 504; x_wconf 86' lang='lat' dir='ltr'>Romanae</span> 
     </span>
     <span class='ocr_line' id='line_1_57' title="bbox 1052 512 1799 562; baseline 0.008 -16"><span class='ocrx_word' id='word_1_280' title='bbox 1052 512 1235 558; x_wconf 83' lang='lat' dir='ltr'>Pontifices,</span> <span class='ocrx_word' id='word_1_281' title='bbox 1257 516 1439 561; x_wconf 77' lang='lat' dir='ltr'>praesertim</span> <span class='ocrx_word' id='word_1_282' title='bbox 1462 516 1653 562; x_wconf 86' lang='lat' dir='ltr'>apostolicae</span> <span class='ocrx_word' id='word_1_283' title='bbox 1670 529 1799 552; x_wconf 90' lang='lat' dir='ltr'>memo—</span> 
     </span>
     <span class='ocr_line' id='line_1_58' title="bbox 1053 562 1800 611; baseline 0.009 -16"><span class='ocrx_word' id='word_1_284' title='bbox 1053 562 1115 596; x_wconf 86' lang='lat' dir='ltr'>riae</span> <span class='ocrx_word' id='word_1_285' title='bbox 1153 574 1236 597; x_wconf 88' lang='lat' dir='ltr'>nom.</span> <span class='ocrx_word' id='word_1_286' title='bbox 1277 562 1450 610; x_wconf 81' lang='lat' dir='ltr'>Gregorius</span> <span class='ocrx_word' id='word_1_287' title='bbox 1477 565 1545 605; x_wconf 79' lang='lat' dir='ltr'>vlt,</span> <span class='ocrx_word' id='word_1_288' title='bbox 1574 565 1738 611; x_wconf 89' lang='lat' dir='ltr'>Urbanus,</span> <span class='ocrx_word' id='word_1_289' title='bbox 1769 575 1800 602; x_wconf 84' lang='lat' dir='ltr'>et</span> 
     </span>
     <span class='ocr_line' id='line_1_59' title="bbox 1052 610 1799 660; baseline 0.009 -16"><span class='ocrx_word' id='word_1_290' title='bbox 1052 610 1214 646; x_wconf 83' lang='lat' dir='ltr'>Pascbalis</span> <span class='ocrx_word' id='word_1_291' title='bbox 1233 611 1260 645; x_wconf 87' lang='grc'>11</span> <span class='ocrx_word' id='word_1_292' title='bbox 1287 615 1342 657; x_wconf 73' lang='lat' dir='ltr'>(l),</span> <span class='ocrx_word' id='word_1_293' title='bbox 1365 613 1562 649; x_wconf 77' lang='lat' dir='ltr'>discretionis</span> <span class='ocrx_word' id='word_1_294' title='bbox 1587 616 1716 660; x_wconf 88' lang='lat' dir='ltr'>ratione,</span> <span class='ocrx_word' id='word_1_295' title='bbox 1744 628 1799 651; x_wconf 79' lang='lat' dir='ltr'>ve-</span> 
     </span>
     <span class='ocr_line' id='line_1_60' title="bbox 1052 662 1801 712; baseline 0.008 -18"><span class='ocrx_word' id='word_1_296' title='bbox 1052 668 1116 695; x_wconf 87' lang='lat' dir='ltr'>stro</span> <span class='ocrx_word' id='word_1_297' title='bbox 1146 662 1346 703; x_wconf 85' lang='lat' dir='ltr'>monasterio,</span> <span class='ocrx_word' id='word_1_298' title='bbox 1368 671 1398 696; x_wconf 87' lang='lat' dir='ltr'>et</span> <span class='ocrx_word' id='word_1_299' title='bbox 1421 663 1497 697; x_wconf 91' lang='lat' dir='ltr'>locis</span> <span class='ocrx_word' id='word_1_300' title='bbox 1518 663 1555 697; x_wconf 90' lang='lat' dir='ltr'>ad</span> <span class='ocrx_word' id='word_1_301' title='bbox 1585 664 1613 698; x_wconf 92' lang='lat' dir='ltr'>id</span> <span class='ocrx_word' id='word_1_302' title='bbox 1642 665 1801 712; x_wconf 86' lang='lat' dir='ltr'>pertinen-</span> 
     </span>
     <span class='ocr_line' id='line_1_61' title="bbox 1053 709 1800 760; baseline 0.009 -18"><span class='ocrx_word' id='word_1_303' title='bbox 1053 709 1147 754; x_wconf 83' lang='lat' dir='ltr'>tibus,</span> <span class='ocrx_word' id='word_1_304' title='bbox 1170 710 1383 750; x_wconf 77' lang='lat' dir='ltr'>contulerunt,</span> <span class='ocrx_word' id='word_1_305' title='bbox 1412 724 1468 746; x_wconf 85' lang='lat' dir='ltr'>nos</span> <span class='ocrx_word' id='word_1_306' title='bbox 1490 725 1616 759; x_wconf 87' lang='lat' dir='ltr'>quoque</span> <span class='ocrx_word' id='word_1_307' title='bbox 1643 715 1800 760; x_wconf 81' lang='lat' dir='ltr'>praesenti</span> 
     </span>
     <span class='ocr_line' id='line_1_62' title="bbox 1052 759 1799 798; baseline 0.007 -5"><span class='ocrx_word' id='word_1_308' title='bbox 1052 759 1177 794; x_wconf 84' lang='lat' dir='ltr'>decreto</span> <span class='ocrx_word' id='word_1_309' title='bbox 1199 768 1326 794; x_wconf 83' lang='lat' dir='ltr'>auctore</span> <span class='ocrx_word' id='word_1_310' title='bbox 1344 760 1481 796; x_wconf 90' lang='lat' dir='ltr'>Domino</span> <span class='ocrx_word' id='word_1_311' title='bbox 1503 762 1744 798; x_wconf 79' lang='lat' dir='ltr'>confirmamus:</span> <span class='ocrx_word' id='word_1_312' title='bbox 1768 765 1799 798; x_wconf 89' lang='lat' dir='ltr'>in</span> 
     </span>
     <span class='ocr_line' id='line_1_63' title="bbox 1052 809 1798 856; baseline 0.007 -14"><span class='ocrx_word' id='word_1_313' title='bbox 1052 809 1169 854; x_wconf 87' lang='lat' dir='ltr'>quibus</span> <span class='ocrx_word' id='word_1_314' title='bbox 1190 809 1267 843; x_wconf 85' lang='lat' dir='ltr'>baec</span> <span class='ocrx_word' id='word_1_315' title='bbox 1290 810 1424 856; x_wconf 88' lang='lat' dir='ltr'>propriis</span> <span class='ocrx_word' id='word_1_316' title='bbox 1446 819 1519 844; x_wconf 83' lang='lat' dir='ltr'>sunt</span> <span class='ocrx_word' id='word_1_317' title='bbox 1536 811 1597 845; x_wconf 74' lang='lat' dir='ltr'>risa</span> <span class='ocrx_word' id='word_1_318' title='bbox 1618 813 1798 847; x_wconf 88' lang='lat' dir='ltr'>nominibus</span> 
     </span>
     <span class='ocr_line' id='line_1_64' title="bbox 1052 858 1800 906; baseline 0.007 -15"><span class='ocrx_word' id='word_1_319' title='bbox 1052 858 1240 898; x_wconf 78' lang='lat' dir='ltr'>adnotanda,</span> <span class='ocrx_word' id='word_1_320' title='bbox 1270 858 1410 893; x_wconf 85' lang='lat' dir='ltr'>abbatiae</span> <span class='ocrx_word' id='word_1_321' title='bbox 1432 859 1465 893; x_wconf 88' lang='lat' dir='ltr'>S.</span> <span class='ocrx_word' id='word_1_322' title='bbox 1489 860 1612 906; x_wconf 83' lang='lat' dir='ltr'>Egidii,</span> <span class='ocrx_word' id='word_1_323' title='bbox 1639 860 1672 895; x_wconf 85' lang='lat' dir='ltr'>S.</span> <span class='ocrx_word' id='word_1_324' title='bbox 1697 861 1800 897; x_wconf 87' lang='lat' dir='ltr'>Beue-</span> 
     </span>
     <span class='ocr_line' id='line_1_65' title="bbox 1052 906 1801 954; baseline 0.007 -14"><span class='ocrx_word' id='word_1_325' title='bbox 1052 906 1127 942; x_wconf 84' lang='lat' dir='ltr'>dicti</span> <span class='ocrx_word' id='word_1_326' title='bbox 1156 920 1251 954; x_wconf 82' lang='lat' dir='ltr'>super</span> <span class='ocrx_word' id='word_1_327' title='bbox 1264 908 1397 948; x_wconf 72' lang='lat' dir='ltr'>Padum,</span> <span class='ocrx_word' id='word_1_328' title='bbox 1422 908 1455 943; x_wconf 88' lang='lat' dir='ltr'>S.</span> <span class='ocrx_word' id='word_1_329' title='bbox 1471 908 1602 950; x_wconf 79' lang='lat' dir='ltr'>Bertini,</span> <span class='ocrx_word' id='word_1_330' title='bbox 1624 909 1657 944; x_wconf 89' lang='lat' dir='ltr'>S.</span> <span class='ocrx_word' id='word_1_331' title='bbox 1681 909 1801 945; x_wconf 81' lang='lat' dir='ltr'>tha-</span> 
     </span>
     <span class='ocr_line' id='line_1_66' title="bbox 1054 956 1799 1001; baseline 0.007 -12"><span class='ocrx_word' id='word_1_332' title='bbox 1054 957 1093 994; x_wconf 70' lang='lat' dir='ltr'>ri,</span> <span class='ocrx_word' id='word_1_333' title='bbox 1134 956 1327 1001; x_wconf 81' lang='lat' dir='ltr'>Hunolcurt,</span> <span class='ocrx_word' id='word_1_334' title='bbox 1361 957 1545 999; x_wconf 77' lang='lat' dir='ltr'>Pontesera,</span> <span class='ocrx_word' id='word_1_335' title='bbox 1580 958 1613 993; x_wconf 91' lang='lat' dir='ltr'>S.</span> <span class='ocrx_word' id='word_1_336' title='bbox 1648 958 1799 994; x_wconf 89' lang='lat' dir='ltr'>Germani</span> 
     </span>
     <span class='ocr_line' id='line_1_67' title="bbox 1052 1005 1799 1051; baseline 0.007 -13"><span class='ocrx_word' id='word_1_337' title='bbox 1052 1005 1349 1051; x_wconf 71' lang='lat' dir='ltr'>Autissiodorensis,</span> <span class='ocrx_word' id='word_1_338' title='bbox 1373 1007 1405 1041; x_wconf 87' lang='lat' dir='ltr'>S.</span> <span class='ocrx_word' id='word_1_339' title='bbox 1424 1007 1540 1043; x_wconf 76' lang='lat' dir='ltr'>Mariae</span> <span class='ocrx_word' id='word_1_340' title='bbox 1554 1007 1799 1048; x_wconf 78' lang='lat' dir='ltr'>virziliacensis,</span> 
     </span>
     <span class='ocr_line' id='line_1_68' title="bbox 1052 1054 1800 1102; baseline 0.005 -14"><span class='ocrx_word' id='word_1_341' title='bbox 1052 1054 1085 1089; x_wconf 91' lang='lat' dir='ltr'>S.</span> <span class='ocrx_word' id='word_1_342' title='bbox 1110 1055 1323 1090; x_wconf 79' lang='lat' dir='ltr'>Austremonii</span> <span class='ocrx_word' id='word_1_343' title='bbox 1346 1056 1384 1090; x_wconf 89' lang='lat' dir='ltr'>de</span> <span class='ocrx_word' id='word_1_344' title='bbox 1407 1057 1551 1097; x_wconf 76' lang='lat' dir='ltr'>Mausac,</span> <span class='ocrx_word' id='word_1_345' title='bbox 1585 1056 1800 1102; x_wconf 79' lang='lat' dir='ltr'>Figiacensis,</span> 
     </span>
     <span class='ocr_line' id='line_1_69' title="bbox 1053 1103 1801 1154; baseline 0.005 -17"><span class='ocrx_word' id='word_1_346' title='bbox 1053 1103 1247 1148; x_wconf 78' lang='lat' dir='ltr'>Vieruensis,</span> <span class='ocrx_word' id='word_1_347' title='bbox 1272 1105 1474 1149; x_wconf 84' lang='lat' dir='ltr'>Menatensis,</span> <span class='ocrx_word' id='word_1_348' title='bbox 1499 1106 1533 1140; x_wconf 89' lang='lat' dir='ltr'>S.</span> <span class='ocrx_word' id='word_1_349' title='bbox 1556 1105 1640 1140; x_wconf 83' lang='lat' dir='ltr'>Petri</span> <span class='ocrx_word' id='word_1_350' title='bbox 1663 1106 1801 1154; x_wconf 78' lang='lat' dir='ltr'>Moysia-</span> 
     </span>
     <span class='ocr_line' id='line_1_70' title="bbox 1052 1154 1798 1197; baseline 0.005 -11"><span class='ocrx_word' id='word_1_351' title='bbox 1052 1155 1170 1192; x_wconf 82' lang='lat' dir='ltr'>censis,</span> <span class='ocrx_word' id='word_1_352' title='bbox 1208 1154 1481 1189; x_wconf 82' lang='lat' dir='ltr'>Novi-Menasterii</span> <span class='ocrx_word' id='word_1_353' title='bbox 1518 1155 1730 1197; x_wconf 67' lang='lat' dir='ltr'>Pit-tarensis,</span> <span class='ocrx_word' id='word_1_354' title='bbox 1765 1154 1798 1190; x_wconf 92' lang='lat' dir='ltr'>S.</span> 
     </span>
     <span class='ocr_line' id='line_1_71' title="bbox 1052 1201 1801 1249; baseline 0.005 -14"><span class='ocrx_word' id='word_1_355' title='bbox 1052 1201 1179 1237; x_wconf 89' lang='lat' dir='ltr'>Ioannis</span> <span class='ocrx_word' id='word_1_356' title='bbox 1213 1204 1467 1249; x_wconf 71' lang='lat' dir='ltr'>Angeliacensis‚</span> <span class='ocrx_word' id='word_1_357' title='bbox 1495 1203 1528 1238; x_wconf 91' lang='lat' dir='ltr'>S.</span> <span class='ocrx_word' id='word_1_358' title='bbox 1557 1204 1707 1239; x_wconf 81' lang='lat' dir='ltr'>Martialis</span> <span class='ocrx_word' id='word_1_359' title='bbox 1739 1204 1801 1239; x_wconf 90' lang='lat' dir='ltr'>Le-</span> 
     </span>
     <span class='ocr_line' id='line_1_72' title="bbox 1053 1252 1801 1301; baseline 0.005 -17"><span class='ocrx_word' id='word_1_360' title='bbox 1053 1252 1252 1292; x_wconf 71' lang='lat' dir='ltr'>movieensis„</span> <span class='ocrx_word' id='word_1_361' title='bbox 1275 1252 1308 1287; x_wconf 88' lang='lat' dir='ltr'>S.</span> <span class='ocrx_word' id='word_1_362' title='bbox 1334 1252 1414 1286; x_wconf 74' lang='lat' dir='ltr'>Petri</span> <span class='ocrx_word' id='word_1_363' title='bbox 1437 1253 1658 1294; x_wconf 53' lang='grc' dir='ltr'>Δ1131113000515,</span> <span class='ocrx_word' id='word_1_364' title='bbox 1687 1253 1720 1288; x_wconf 91' lang='lat' dir='ltr'>S.</span> <span class='ocrx_word' id='word_1_365' title='bbox 1736 1253 1801 1301; x_wconf 76' lang='lat' dir='ltr'>Cy-</span> 
     </span>
     <span class='ocr_line' id='line_1_73' title="bbox 1054 1301 1801 1350; baseline 0.004 -16"><span class='ocrx_word' id='word_1_366' title='bbox 1054 1301 1153 1346; x_wconf 90' lang='lat' dir='ltr'>priani</span> <span class='ocrx_word' id='word_1_367' title='bbox 1196 1301 1416 1337; x_wconf 86' lang='lat' dir='ltr'>Pictaviensis:</span> <span class='ocrx_word' id='word_1_368' title='bbox 1457 1303 1486 1336; x_wconf 89' lang='lat' dir='ltr'>in</span> <span class='ocrx_word' id='word_1_369' title='bbox 1524 1302 1641 1349; x_wconf 86' lang='lat' dir='ltr'>quibus</span> <span class='ocrx_word' id='word_1_370' title='bbox 1679 1311 1801 1350; x_wconf 88' lang='lat' dir='ltr'>praeter</span> 
     </span>
     <span class='ocr_line' id='line_1_74' title="bbox 1052 1351 1801 1386; baseline 0.004 -3"><span class='ocrx_word' id='word_1_371' title='bbox 1052 1361 1241 1384; x_wconf 86' lang='lat' dir='ltr'>consensum</span> <span class='ocrx_word' id='word_1_372' title='bbox 1287 1351 1510 1386; x_wconf 85' lang='lat' dir='ltr'>Cluniacensis</span> <span class='ocrx_word' id='word_1_373' title='bbox 1546 1351 1667 1386; x_wconf 83' lang='lat' dir='ltr'>abbatis</span> <span class='ocrx_word' id='word_1_374' title='bbox 1705 1352 1801 1386; x_wconf 86' lang='lat' dir='ltr'>abbas</span> 
     </span>
     <span class='ocr_line' id='line_1_75' title="bbox 1053 1399 1798 1447; baseline 0.005 -16"><span class='ocrx_word' id='word_1_375' title='bbox 1053 1399 1231 1434; x_wconf 77' lang='lat' dir='ltr'>nullatenus</span> <span class='ocrx_word' id='word_1_376' title='bbox 1269 1400 1411 1446; x_wconf 79' lang='lat' dir='ltr'>eligatur.</span> <span class='ocrx_word' id='word_1_377' title='bbox 1456 1400 1502 1434; x_wconf 81' lang='lat' dir='ltr'>De</span> <span class='ocrx_word' id='word_1_378' title='bbox 1532 1401 1740 1447; x_wconf 83' lang='lat' dir='ltr'>prioratibus,</span> <span class='ocrx_word' id='word_1_379' title='bbox 1768 1401 1798 1435; x_wconf 91' lang='lat' dir='ltr'>in</span> 
     </span>
     <span class='ocr_line' id='line_1_76' title="bbox 1053 1447 1802 1495; baseline 0.005 -15"><span class='ocrx_word' id='word_1_380' title='bbox 1053 1447 1214 1494; x_wconf 86' lang='lat' dir='ltr'>Hispaniis</span> <span class='ocrx_word' id='word_1_381' title='bbox 1249 1449 1403 1495; x_wconf 83' lang='lat' dir='ltr'>prioratus</span> <span class='ocrx_word' id='word_1_382' title='bbox 1438 1449 1571 1483; x_wconf 73' lang='lat' dir='ltr'>Sans-tae</span> <span class='ocrx_word' id='word_1_383' title='bbox 1610 1450 1725 1484; x_wconf 81' lang='lat' dir='ltr'>Mariae</span> <span class='ocrx_word' id='word_1_384' title='bbox 1763 1450 1802 1484; x_wconf 90' lang='lat' dir='ltr'>de</span> 
     </span>
     <span class='ocr_line' id='line_1_77' title="bbox 1054 1496 1800 1541; baseline 0.004 -11"><span class='ocrx_word' id='word_1_385' title='bbox 1054 1496 1182 1541; x_wconf 88' lang='lat' dir='ltr'>Hazara,</span> <span class='ocrx_word' id='word_1_386' title='bbox 1216 1497 1249 1532; x_wconf 91' lang='lat' dir='ltr'>S.</span> <span class='ocrx_word' id='word_1_387' title='bbox 1282 1498 1406 1538; x_wconf 72' lang='lat' dir='ltr'>isidori,</span> <span class='ocrx_word' id='word_1_388' title='bbox 1441 1498 1474 1533; x_wconf 89' lang='lat' dir='ltr'>S.</span> <span class='ocrx_word' id='word_1_389' title='bbox 1503 1498 1598 1539; x_wconf 74' lang='lat' dir='ltr'>Zoili,</span> <span class='ocrx_word' id='word_1_390' title='bbox 1631 1499 1800 1539; x_wconf 81' lang='lat' dir='ltr'>Villavert,</span> 
     </span>
     <span class='ocr_line' id='line_1_78' title="bbox 1052 1545 1800 1589; baseline 0.003 -10"><span class='ocrx_word' id='word_1_391' title='bbox 1052 1545 1256 1588; x_wconf 76' lang='lat' dir='ltr'>Villafraiica,</span> <span class='ocrx_word' id='word_1_392' title='bbox 1284 1548 1317 1581; x_wconf 85' lang='lat' dir='ltr'>S.</span> <span class='ocrx_word' id='word_1_393' title='bbox 1346 1547 1516 1582; x_wconf 84' lang='lat' dir='ltr'>Salvatoris</span> <span class='ocrx_word' id='word_1_394' title='bbox 1538 1547 1576 1582; x_wconf 89' lang='lat' dir='ltr'>de</span> <span class='ocrx_word' id='word_1_395' title='bbox 1602 1547 1800 1589; x_wconf 82' lang='lat' dir='ltr'>Cornillana⁷</span> 
     </span>
     <span class='ocr_line' id='line_1_79' title="bbox 1052 1594 1802 1640; baseline 0.005 -12"><span class='ocrx_word' id='word_1_396' title='bbox 1052 1594 1085 1629; x_wconf 88' lang='lat' dir='ltr'>S.</span> <span class='ocrx_word' id='word_1_397' title='bbox 1114 1595 1238 1630; x_wconf 81' lang='lat' dir='ltr'>Martini</span> <span class='ocrx_word' id='word_1_398' title='bbox 1253 1596 1292 1630; x_wconf 90' lang='lat' dir='ltr'>de</span> <span class='ocrx_word' id='word_1_399' title='bbox 1307 1596 1483 1632; x_wconf 81' lang='lat' dir='ltr'>Formesta:</span> <span class='ocrx_word' id='word_1_400' title='bbox 1504 1596 1679 1631; x_wconf 84' lang='lat' dir='ltr'>obedientia</span> <span class='ocrx_word' id='word_1_401' title='bbox 1696 1599 1739 1640; x_wconf 67' lang='grc' dir='ltr'>(ΕΖ)</span> <span class='ocrx_word' id='word_1_402' title='bbox 1762 1597 1802 1632; x_wconf 84' lang='lat' dir='ltr'>de</span> 
     </span>
     <span class='ocr_line' id='line_1_80' title="bbox 1052 1644 1799 1690; baseline 0.004 -13"><span class='ocrx_word' id='word_1_403' title='bbox 1052 1644 1177 1685; x_wconf 76' lang='lat' dir='ltr'>Astura,</span> <span class='ocrx_word' id='word_1_404' title='bbox 1200 1645 1378 1680; x_wconf 81' lang='lat' dir='ltr'>obedientia</span> <span class='ocrx_word' id='word_1_405' title='bbox 1401 1645 1440 1679; x_wconf 84' lang='lat' dir='ltr'>de</span> <span class='ocrx_word' id='word_1_406' title='bbox 1460 1646 1600 1690; x_wconf 77' lang='lat' dir='ltr'>Valuert,</span> <span class='ocrx_word' id='word_1_407' title='bbox 1622 1646 1799 1681; x_wconf 87' lang='lat' dir='ltr'>obedientia</span> 
     </span>
     <span class='ocr_line' id='line_1_81' title="bbox 1052 1694 1799 1740; baseline 0.001 -12"><span class='ocrx_word' id='word_1_408' title='bbox 1052 1694 1090 1728; x_wconf 86' lang='lat' dir='ltr'>de</span> <span class='ocrx_word' id='word_1_409' title='bbox 1118 1694 1315 1735; x_wconf 77' lang='lat' dir='ltr'>Pacluntera,</span> <span class='ocrx_word' id='word_1_410' title='bbox 1343 1694 1377 1729; x_wconf 91' lang='lat' dir='ltr'>S.</span> <span class='ocrx_word' id='word_1_411' title='bbox 1401 1695 1525 1729; x_wconf 85' lang='lat' dir='ltr'>Martini</span> <span class='ocrx_word' id='word_1_412' title='bbox 1561 1695 1600 1729; x_wconf 88' lang='lat' dir='ltr'>de</span> <span class='ocrx_word' id='word_1_413' title='bbox 1627 1695 1734 1740; x_wconf 83' lang='lat' dir='ltr'>Hetla,</span> <span class='ocrx_word' id='word_1_414' title='bbox 1766 1695 1799 1729; x_wconf 90' lang='lat' dir='ltr'>S.</span> 
     </span>
     <span class='ocr_line' id='line_1_82' title="bbox 1052 1742 1800 1791; baseline 0.003 -15"><span class='ocrx_word' id='word_1_415' title='bbox 1052 1742 1162 1777; x_wconf 81' lang='lat' dir='ltr'>Lizerii</span> <span class='ocrx_word' id='word_1_416' title='bbox 1190 1744 1229 1778; x_wconf 88' lang='lat' dir='ltr'>de</span> <span class='ocrx_word' id='word_1_417' title='bbox 1250 1744 1406 1791; x_wconf 77' lang='lat' dir='ltr'>Begorra,</span> <span class='ocrx_word' id='word_1_418' title='bbox 1441 1744 1613 1781; x_wconf 79' lang='lat' dir='ltr'>Setimont,</span> <span class='ocrx_word' id='word_1_419' title='bbox 1648 1744 1738 1785; x_wconf 85' lang='lat' dir='ltr'>Elsa,</span> <span class='ocrx_word' id='word_1_420' title='bbox 1765 1744 1800 1778; x_wconf 85' lang='lat' dir='ltr'>S.</span> 
     </span>
     <span class='ocr_line' id='line_1_83' title="bbox 1052 1791 1803 1841; baseline 0.003 -15"><span class='ocrx_word' id='word_1_421' title='bbox 1052 1791 1191 1827; x_wconf 88' lang='lat' dir='ltr'>Orientis</span> <span class='ocrx_word' id='word_1_422' title='bbox 1205 1793 1244 1827; x_wconf 87' lang='lat' dir='ltr'>de</span> <span class='ocrx_word' id='word_1_423' title='bbox 1265 1794 1378 1837; x_wconf 83' lang='lat' dir='ltr'>Anxia,</span> <span class='ocrx_word' id='word_1_424' title='bbox 1408 1793 1551 1841; x_wconf 70' lang='lat' dir='ltr'>Moyrac,</span> <span class='ocrx_word' id='word_1_425' title='bbox 1574 1793 1721 1841; x_wconf 61' lang='lat' dir='ltr'>Alayrac,</span> <span class='ocrx_word' id='word_1_426' title='bbox 1744 1793 1803 1828; x_wconf 87' lang='lat' dir='ltr'>Ca-</span> 
     </span>
     <span class='ocr_line' id='line_1_84' title="bbox 1054 1842 1802 1886; baseline 0.001 -11"><span class='ocrx_word' id='word_1_427' title='bbox 1054 1846 1185 1886; x_wconf 87' lang='lat' dir='ltr'>rennac,</span> <span class='ocrx_word' id='word_1_428' title='bbox 1212 1842 1388 1877; x_wconf 84' lang='lat' dir='ltr'>obedientia</span> <span class='ocrx_word' id='word_1_429' title='bbox 1413 1842 1566 1877; x_wconf 87' lang='lat' dir='ltr'>Bernardi</span> <span class='ocrx_word' id='word_1_430' title='bbox 1591 1843 1802 1877; x_wconf 69' lang='lat' dir='ltr'>vice-comitis</span> 
     </span>
     <span class='ocr_line' id='line_1_85' title="bbox 1052 1890 1802 1936; baseline 0.003 -12"><span class='ocrx_word' id='word_1_431' title='bbox 1052 1890 1090 1925; x_wconf 87' lang='lat' dir='ltr'>de</span> <span class='ocrx_word' id='word_1_432' title='bbox 1108 1891 1229 1931; x_wconf 80' lang='lat' dir='ltr'>Boorti,</span> <span class='ocrx_word' id='word_1_433' title='bbox 1251 1891 1284 1926; x_wconf 91' lang='lat' dir='ltr'>S.</span> <span class='ocrx_word' id='word_1_434' title='bbox 1304 1891 1390 1926; x_wconf 86' lang='lat' dir='ltr'>Fidis</span> <span class='ocrx_word' id='word_1_435' title='bbox 1412 1892 1450 1926; x_wconf 92' lang='lat' dir='ltr'>de</span> <span class='ocrx_word' id='word_1_436' title='bbox 1466 1892 1615 1936; x_wconf 85' lang='lat' dir='ltr'>Morlans,</span> <span class='ocrx_word' id='word_1_437' title='bbox 1630 1891 1663 1926; x_wconf 91' lang='lat' dir='ltr'>S.</span> <span class='ocrx_word' id='word_1_438' title='bbox 1677 1892 1802 1926; x_wconf 73' lang='lat' dir='ltr'>loannis</span> 
     </span>
     <span class='ocr_line' id='line_1_86' title="bbox 1053 1939 1800 1987; baseline 0 -13"><span class='ocrx_word' id='word_1_439' title='bbox 1053 1939 1091 1974; x_wconf 87' lang='lat' dir='ltr'>de</span> <span class='ocrx_word' id='word_1_440' title='bbox 1123 1940 1282 1982; x_wconf 82' lang='lat' dir='ltr'>Cordum,</span> <span class='ocrx_word' id='word_1_441' title='bbox 1315 1941 1349 1976; x_wconf 91' lang='lat' dir='ltr'>S.</span> <span class='ocrx_word' id='word_1_442' title='bbox 1384 1941 1526 1987; x_wconf 83' lang='lat' dir='ltr'>Eutropii</span> <span class='ocrx_word' id='word_1_443' title='bbox 1549 1941 1588 1975; x_wconf 88' lang='lat' dir='ltr'>de</span> <span class='ocrx_word' id='word_1_444' title='bbox 1618 1941 1800 1978; x_wconf 80' lang='lat' dir='ltr'>Sanctonis,</span> 
     </span>
     <span class='ocr_line' id='line_1_87' title="bbox 1052 1989 1803 2033; baseline 0.001 -10"><span class='ocrx_word' id='word_1_445' title='bbox 1052 1989 1227 2024; x_wconf 79' lang='lat' dir='ltr'>obedientia</span> <span class='ocrx_word' id='word_1_446' title='bbox 1250 1990 1288 2024; x_wconf 84' lang='lat' dir='ltr'>de</span> <span class='ocrx_word' id='word_1_447' title='bbox 1304 1990 1440 2033; x_wconf 81' lang='lat' dir='ltr'>Deloue,</span> <span class='ocrx_word' id='word_1_448' title='bbox 1462 1990 1641 2025; x_wconf 86' lang='lat' dir='ltr'>obedientia</span> <span class='ocrx_word' id='word_1_449' title='bbox 1663 1991 1696 2024; x_wconf 82' lang='lat' dir='ltr'>S.</span> <span class='ocrx_word' id='word_1_450' title='bbox 1724 1990 1803 2024; x_wconf 78' lang='lat' dir='ltr'>Mar-</span> 
     </span>
     <span class='ocr_line' id='line_1_88' title="bbox 1052 2038 1799 2082; baseline 0.001 -11"><span class='ocrx_word' id='word_1_451' title='bbox 1052 2039 1108 2072; x_wconf 88' lang='lat' dir='ltr'>tini</span> <span class='ocrx_word' id='word_1_452' title='bbox 1124 2039 1162 2072; x_wconf 85' lang='lat' dir='ltr'>de</span> <span class='ocrx_word' id='word_1_453' title='bbox 1186 2039 1275 2082; x_wconf 75' lang='lat' dir='ltr'>Axia,</span> <span class='ocrx_word' id='word_1_454' title='bbox 1288 2038 1378 2073; x_wconf 72' lang='lat' dir='ltr'>Volta</span> <span class='ocrx_word' id='word_1_455' title='bbox 1395 2039 1602 2078; x_wconf 85' lang='lat' dir='ltr'>Salsinaniae,</span> <span class='ocrx_word' id='word_1_456' title='bbox 1621 2039 1799 2073; x_wconf 82' lang='lat' dir='ltr'>obedientia</span> 
     </span>
     <span class='ocr_line' id='line_1_89' title="bbox 1053 2087 1799 2131; baseline 0 -10"><span class='ocrx_word' id='word_1_457' title='bbox 1053 2087 1091 2121; x_wconf 88' lang='lat' dir='ltr'>de</span> <span class='ocrx_word' id='word_1_458' title='bbox 1119 2088 1246 2125; x_wconf 79' lang='lat' dir='ltr'>Arsoba,</span> <span class='ocrx_word' id='word_1_459' title='bbox 1274 2087 1475 2127; x_wconf 75' lang='lat' dir='ltr'>Silviniacus,</span> <span class='ocrx_word' id='word_1_460' title='bbox 1500 2088 1534 2122; x_wconf 92' lang='lat' dir='ltr'>S.</span> <span class='ocrx_word' id='word_1_461' title='bbox 1557 2088 1739 2131; x_wconf 84' lang='lat' dir='ltr'>Salvatoris,</span> <span class='ocrx_word' id='word_1_462' title='bbox 1766 2087 1799 2122; x_wconf 85' lang='lat' dir='ltr'>S.</span> 
     </span>
     <span class='ocr_line' id='line_1_90' title="bbox 1052 2136 1803 2183; baseline 0 -13"><span class='ocrx_word' id='word_1_463' title='bbox 1052 2136 1204 2183; x_wconf 80' lang='lat' dir='ltr'>Stephani</span> <span class='ocrx_word' id='word_1_464' title='bbox 1221 2137 1260 2170; x_wconf 83' lang='lat' dir='ltr'>de</span> <span class='ocrx_word' id='word_1_465' title='bbox 1276 2136 1427 2180; x_wconf 78' lang='lat' dir='ltr'>Hiverno,</span> <span class='ocrx_word' id='word_1_466' title='bbox 1451 2137 1582 2181; x_wconf 86' lang='lat' dir='ltr'>Leurci,</span> <span class='ocrx_word' id='word_1_467' title='bbox 1597 2137 1630 2172; x_wconf 91' lang='lat' dir='ltr'>S.</span> <span class='ocrx_word' id='word_1_468' title='bbox 1652 2136 1803 2171; x_wconf 69' lang='lat' dir='ltr'>Reverta-</span> 
     </span>
     <span class='ocr_line' id='line_1_91' title="bbox 1054 2185 1802 2229; baseline 0.001 -11"><span class='ocrx_word' id='word_1_469' title='bbox 1054 2186 1104 2229; x_wconf 80' lang='lat' dir='ltr'>ni,</span> <span class='ocrx_word' id='word_1_470' title='bbox 1141 2185 1346 2223; x_wconf 79' lang='lat' dir='ltr'>Maeiurium,</span> <span class='ocrx_word' id='word_1_471' title='bbox 1379 2185 1598 2229; x_wconf 66' lang='lat' dir='ltr'>Yirzeiacum,</span> <span class='ocrx_word' id='word_1_472' title='bbox 1632 2185 1802 2226; x_wconf 85' lang='lat' dir='ltr'>Paredum,</span> 
     </span>
     <span class='ocr_line' id='line_1_92' title="bbox 1053 2234 1803 2277; baseline 0.003 -10"><span class='ocrx_word' id='word_1_473' title='bbox 1053 2234 1271 2277; x_wconf 78' lang='lat' dir='ltr'>Mareiuiacus,</span> <span class='ocrx_word' id='word_1_474' title='bbox 1295 2234 1461 2277; x_wconf 73' lang='lat' dir='ltr'>Amberta,</span> <span class='ocrx_word' id='word_1_475' title='bbox 1496 2235 1626 2269; x_wconf 77' lang='lat' dir='ltr'>ecclesia</span> <span class='ocrx_word' id='word_1_476' title='bbox 1654 2235 1692 2269; x_wconf 89' lang='lat' dir='ltr'>de</span> <span class='ocrx_word' id='word_1_477' title='bbox 1722 2234 1803 2269; x_wconf 90' lang='lat' dir='ltr'>Bal-</span> 
     </span>
     <span class='ocr_line' id='line_1_93' title="bbox 1054 2283 1804 2323; baseline 0.001 -7"><span class='ocrx_word' id='word_1_478' title='bbox 1054 2283 1187 2319; x_wconf 78' lang='lat' dir='ltr'>biniaco,</span> <span class='ocrx_word' id='word_1_479' title='bbox 1204 2283 1422 2323; x_wconf 71' lang='lat' dir='ltr'>Nantbolicus.</span> <span class='ocrx_word' id='word_1_480' title='bbox 1444 2283 1628 2323; x_wconf 79' lang='lat' dir='ltr'>Ginniacus,</span> <span class='ocrx_word' id='word_1_481' title='bbox 1650 2283 1804 2318; x_wconf 83' lang='lat' dir='ltr'>Ymmunt</span> 
     </span>
     <span class='ocr_line' id='line_1_94' title="bbox 1055 2332 1804 2377; baseline 0.003 -12"><span class='ocrx_word' id='word_1_482' title='bbox 1055 2344 1124 2366; x_wconf 90' lang='lat' dir='ltr'>cum</span> <span class='ocrx_word' id='word_1_483' title='bbox 1154 2332 1300 2371; x_wconf 76' lang='lat' dir='ltr'>Promili,</span> <span class='ocrx_word' id='word_1_484' title='bbox 1336 2332 1431 2366; x_wconf 91' lang='lat' dir='ltr'>Conzi</span> <span class='ocrx_word' id='word_1_485' title='bbox 1457 2345 1527 2367; x_wconf 91' lang='lat' dir='ltr'>cum</span> <span class='ocrx_word' id='word_1_486' title='bbox 1551 2333 1693 2367; x_wconf 82' lang='lat' dir='ltr'>ecclesiis</span> <span class='ocrx_word' id='word_1_487' title='bbox 1727 2334 1804 2377; x_wconf 89' lang='lat' dir='ltr'>suis,</span> 
     </span>
     <span class='ocr_line' id='line_1_95' title="bbox 1055 2381 1806 2422; baseline 0.001 -8"><span class='ocrx_word' id='word_1_488' title='bbox 1055 2381 1184 2415; x_wconf 84' lang='lat' dir='ltr'>ecclesia</span> <span class='ocrx_word' id='word_1_489' title='bbox 1203 2381 1240 2415; x_wconf 86' lang='lat' dir='ltr'>de</span> <span class='ocrx_word' id='word_1_490' title='bbox 1271 2381 1467 2422; x_wconf 78' lang='lat' dir='ltr'>Rossilione,</span> <span class='ocrx_word' id='word_1_491' title='bbox 1497 2381 1629 2416; x_wconf 83' lang='lat' dir='ltr'>ecclesia</span> <span class='ocrx_word' id='word_1_492' title='bbox 1652 2382 1690 2416; x_wconf 81' lang='lat' dir='ltr'>de.</span> <span class='ocrx_word' id='word_1_493' title='bbox 1712 2382 1806 2416; x_wconf 76' lang='lat' dir='ltr'>Abla-</span> 
     </span>
     <span class='ocr_line' id='line_1_96' title="bbox 1056 2430 1805 2475; baseline 0.001 -11"><span class='ocrx_word' id='word_1_494' title='bbox 1056 2430 1143 2468; x_wconf 78' lang='lat' dir='ltr'>ione.</span> <span class='ocrx_word' id='word_1_495' title='bbox 1175 2430 1305 2464; x_wconf 78' lang='lat' dir='ltr'>eeclesia</span> <span class='ocrx_word' id='word_1_496' title='bbox 1338 2430 1377 2464; x_wconf 90' lang='lat' dir='ltr'>de</span> <span class='ocrx_word' id='word_1_497' title='bbox 1404 2430 1437 2465; x_wconf 88' lang='lat' dir='ltr'>S.</span> <span class='ocrx_word' id='word_1_498' title='bbox 1473 2430 1636 2475; x_wconf 86' lang='lat' dir='ltr'>Baudilio,</span> <span class='ocrx_word' id='word_1_499' title='bbox 1673 2432 1805 2465; x_wconf 82' lang='lat' dir='ltr'>ecclesia</span> 
     </span>
     <span class='ocr_line' id='line_1_97' title="bbox 1055 2479 1807 2521; baseline 0 -8"><span class='ocrx_word' id='word_1_500' title='bbox 1055 2479 1094 2513; x_wconf 90' lang='lat' dir='ltr'>de</span> <span class='ocrx_word' id='word_1_501' title='bbox 1123 2479 1293 2518; x_wconf 78' lang='lat' dir='ltr'>Primasel,</span> <span class='ocrx_word' id='word_1_502' title='bbox 1327 2480 1456 2514; x_wconf 86' lang='lat' dir='ltr'>ecclesia</span> <span class='ocrx_word' id='word_1_503' title='bbox 1485 2479 1524 2514; x_wconf 81' lang='lat' dir='ltr'>de</span> <span class='ocrx_word' id='word_1_504' title='bbox 1546 2480 1688 2521; x_wconf 80' lang='lat' dir='ltr'>Periaco,</span> <span class='ocrx_word' id='word_1_505' title='bbox 1721 2479 1807 2514; x_wconf 84' lang='lat' dir='ltr'>Ron-</span> 
     </span>
     <span class='ocr_line' id='line_1_98' title="bbox 1057 2528 1807 2576; baseline 0.003 -14"><span class='ocrx_word' id='word_1_506' title='bbox 1057 2536 1148 2576; x_wconf 77' lang='lat' dir='ltr'>pont‚</span> <span class='ocrx_word' id='word_1_507' title='bbox 1184 2528 1216 2562; x_wconf 88' lang='lat' dir='ltr'>S.</span> <span class='ocrx_word' id='word_1_508' title='bbox 1255 2528 1418 2563; x_wconf 86' lang='lat' dir='ltr'>Saturnini</span> <span class='ocrx_word' id='word_1_509' title='bbox 1457 2528 1684 2570; x_wconf 82' lang='lat' dir='ltr'>Fornacensis‚</span> <span class='ocrx_word' id='word_1_510' title='bbox 1720 2529 1807 2564; x_wconf 88' lang='lat' dir='ltr'>Pon-</span> 
     </span>
     <span class='ocr_line' id='line_1_99' title="bbox 1091 2601 1739 2637; baseline 0.005 -10"><span class='ocrx_word' id='word_1_511' title='bbox 1091 2601 1130 2636; x_wconf 86' lang='lat' dir='ltr'>(i)</span> <span class='ocrx_word' id='word_1_512' title='bbox 1148 2602 1302 2629; x_wconf 63' lang='lat' dir='ltr'>Huiusmodi</span> <span class='ocrx_word' id='word_1_513' title='bbox 1320 2603 1457 2637; x_wconf 62' lang='lat' dir='ltr'>privilegia</span> <span class='ocrx_word' id='word_1_514' title='bbox 1476 2603 1530 2637; x_wconf 74' lang='lat' dir='ltr'>lege</span> <span class='ocrx_word' id='word_1_515' title='bbox 1547 2604 1600 2629; x_wconf 80' lang='lat' dir='ltr'>suis</span> <span class='ocrx_word' id='word_1_516' title='bbox 1620 2603 1644 2629; x_wconf 89' lang='lat' dir='ltr'>in</span> <span class='ocrx_word' id='word_1_517' title='bbox 1665 2603 1739 2630; x_wconf 82' lang='lat' dir='ltr'>locis.</span> 
     </span>
     <span class='ocr_line' id='line_1_100' title="bbox 1092 2641 1638 2678; baseline 0.005 -12"><span class='ocrx_word' id='word_1_518' title='bbox 1092 2642 1130 2675; x_wconf 65' lang='lat'>(2)</span> <span class='ocrx_word' id='word_1_519' title='bbox 1149 2641 1213 2668; x_wconf 68' lang='lat' dir='ltr'>Vide</span> <span class='ocrx_word' id='word_1_520' title='bbox 1233 2643 1363 2677; x_wconf 74' lang='lat' dir='ltr'>superius.</span> <span class='ocrx_word' id='word_1_521' title='bbox 1383 2651 1439 2678; x_wconf 72' lang='lat' dir='ltr'>pag.</span> <span class='ocrx_word' id='word_1_522' title='bbox 1466 2643 1522 2669; x_wconf 85' lang='grc'>171.</span> <span class='ocrx_word' id='word_1_523' title='bbox 1542 2643 1578 2677; x_wconf 80' lang='lat' dir='ltr'>(a.</span> <span class='ocrx_word' id='word_1_524' title='bbox 1600 2646 1638 2678; x_wconf 87' lang='grc' dir='ltr'>τ.)</span> 
     </span>
    </p>
   </div>
   <div class='ocr_carea' id='block_1_13' title="bbox 1824 254 2006 282">
    <p class='ocr_par' dir='ltr' id='par_1_13' title="bbox 1824 254 2006 282">
     <span class='ocr_line' id='line_1_101' title="bbox 1824 254 2006 282; baseline 0.016 -3"><span class='ocrx_word' id='word_1_525' title='bbox 1824 254 1872 280; x_wconf 78' lang='lat' dir='ltr'>An.</span> <span class='ocrx_word' id='word_1_526' title='bbox 1894 254 1921 280; x_wconf 58' lang='lat' dir='ltr'>C.</span> <span class='ocrx_word' id='word_1_527' title='bbox 1942 254 2006 282; x_wconf 70' lang='lat'>¹125</span> 
     </span>
    </p>
   </div>
   <div class='ocr_carea' id='block_1_14' title="bbox 1823 316 2007 443">
    <p class='ocr_par' dir='ltr' id='par_1_14' title="bbox 1823 316 2007 443">
     <span class='ocr_line' id='line_1_102' title="bbox 1837 316 2007 337; baseline 0.006 -1"><span class='ocrx_word' id='word_1_528' title='bbox 1837 316 2007 337; x_wconf 64' lang='lat' dir='ltr'>Contirmatiwdz·</span> 
     </span>
     <span class='ocr_line' id='line_1_103' title="bbox 1824 344 2006 368; baseline 0 -6"><span class='ocrx_word' id='word_1_529' title='bbox 1824 344 1937 368; x_wconf 56' lang='lat' dir='ltr'>plumatum</span> <span class='ocrx_word' id='word_1_530' title='bbox 1958 344 2006 362; x_wconf 68' lang='lat' dir='ltr'>Grv-</span> 
     </span>
     <span class='ocr_line' id='line_1_104' title="bbox 1824 370 2007 394; baseline 0 -5"><span class='ocrx_word' id='word_1_531' title='bbox 1824 376 1903 394; x_wconf 55' lang='lat' dir='ltr'>ungorii</span> <span class='ocrx_word' id='word_1_532' title='bbox 1919 370 1959 390; x_wconf 74' lang='grc' dir='ltr'>ΠΙ,</span> <span class='ocrx_word' id='word_1_533' title='bbox 1971 370 1978 389; x_wconf 84' lang='lat' dir='ltr'>t</span> <span class='ocrx_word' id='word_1_534' title='bbox 1991 377 2007 389; x_wconf 80' lang='lat' dir='ltr'>r·</span> 
     </span>
     <span class='ocr_line' id='line_1_105' title="bbox 1823 395 2007 419; baseline 0.005 -3"><span class='ocrx_word' id='word_1_535' title='bbox 1823 395 1872 416; x_wconf 79' lang='lat' dir='ltr'>bani</span> <span class='ocrx_word' id='word_1_536' title='bbox 1887 397 1918 419; x_wconf 89' lang='grc'>11,</span> <span class='ocrx_word' id='word_1_537' title='bbox 1933 400 1950 416; x_wconf 74' lang='lat'>8¹</span> <span class='ocrx_word' id='word_1_538' title='bbox 1969 397 2007 417; x_wconf 78' lang='lat' dir='ltr'>l&#39;a-</span> 
     </span>
     <span class='ocr_line' id='line_1_106' title="bbox 1823 423 1939 443; baseline 0.009 -1"><span class='ocrx_word' id='word_1_539' title='bbox 1823 423 1901 443; x_wconf 64' lang='lat' dir='ltr'>acbatis</span> <span class='ocrx_word' id='word_1_540' title='bbox 1916 423 1939 443; x_wconf 94' lang='lat' dir='ltr'>ll.</span> 
     </span>
    </p>
   </div>
   <div class='ocr_carea' id='block_1_15' title="bbox 1825 769 2009 843">
    <p class='ocr_par' dir='ltr' id='par_1_15' title="bbox 1825 769 2009 843">
     <span class='ocr_line' id='line_1_107' title="bbox 1864 769 2001 789; baseline 0 0"><span class='ocrx_word' id='word_1_541' title='bbox 1864 769 2001 789; x_wconf 66' lang='lat' dir='ltr'>Enumeratio</span> 
     </span>
     <span class='ocr_line' id='line_1_108' title="bbox 1825 795 2009 822; baseline 0.011 -7"><span class='ocrx_word' id='word_1_542' title='bbox 1825 795 1927 816; x_wconf 63' lang='lat' dir='ltr'>bonorum</span> <span class='ocrx_word' id='word_1_543' title='bbox 1934 813 1938 819; x_wconf 87' lang='grc'>,</span> <span class='ocrx_word' id='word_1_544' title='bbox 1953 802 2009 822; x_wconf 66' lang='lat' dir='ltr'>quae</span> 
     </span>
     <span class='ocr_line' id='line_1_109' title="bbox 1826 824 1981 843; baseline 0 0"><span class='ocrx_word' id='word_1_545' title='bbox 1826 824 1981 843; x_wconf 77' lang='lat' dir='ltr'>confirmantur.</span> 
     </span>
    </p>
   </div>
   <div class='ocr_carea' id='block_1_16' title="bbox 1827 1321 2014 1528">
    <p class='ocr_par' dir='ltr' id='par_1_16' title="bbox 1840 1321 2012 1350">
     <span class='ocr_line' id='line_1_110' title="bbox 1840 1321 2012 1350; baseline 0.041 -10"><span class='ocrx_word' id='word_1_546' title='bbox 1840 1321 1862 1350; x_wconf 84' lang='lat' dir='ltr'>ln</span> <span class='ocrx_word' id='word_1_547' title='bbox 1870 1322 1955 1343; x_wconf 69' lang='lat' dir='ltr'>abbatis</span> <span class='ocrx_word' id='word_1_548' title='bbox 1966 1325 2012 1346; x_wconf 89' lang='lat' dir='ltr'>Clu·</span> 
     </span>
    </p>

    <p class='ocr_par' dir='ltr' id='par_1_17' title="bbox 1827 1350 2014 1528">
     <span class='ocr_line' id='line_1_111' title="bbox 1827 1350 2012 1372; baseline 0.032 -5"><span class='ocrx_word' id='word_1_549' title='bbox 1827 1350 1921 1370; x_wconf 70' lang='lat' dir='ltr'>macewi</span> <span class='ocrx_word' id='word_1_550' title='bbox 1941 1357 2012 1372; x_wconf 78' lang='lat' dir='ltr'>mona·</span> 
     </span>
     <span class='ocr_line' id='line_1_112' title="bbox 1827 1375 2013 1398; baseline 0.027 -5"><span class='ocrx_word' id='word_1_551' title='bbox 1827 1375 1891 1395; x_wconf 75' lang='lat' dir='ltr'>sterio</span> <span class='ocrx_word' id='word_1_552' title='bbox 1912 1377 2013 1398; x_wconf 75' lang='lat' dir='ltr'>subiectis</span> 
     </span>
     <span class='ocr_line' id='line_1_113' title="bbox 1827 1402 2014 1426; baseline 0.027 -6"><span class='ocrx_word' id='word_1_553' title='bbox 1827 1406 1867 1421; x_wconf 87' lang='lat' dir='ltr'>non</span> <span class='ocrx_word' id='word_1_554' title='bbox 1876 1402 1966 1426; x_wconf 58' lang='lat' dir='ltr'>eligendi</span> <span class='ocrx_word' id='word_1_555' title='bbox 1975 1406 1994 1425; x_wconf 88' lang='lat' dir='ltr'>a!</span> <span class='ocrx_word' id='word_1_556' title='bbox 2004 1414 2014 1421; x_wconf 94' lang='lat'>-</span> 
     </span>
     <span class='ocr_line' id='line_1_114' title="bbox 1828 1427 2014 1452; baseline 0.027 -5"><span class='ocrx_word' id='word_1_557' title='bbox 1828 1427 1894 1451; x_wconf 68' lang='lat' dir='ltr'>hstes,</span> <span class='ocrx_word' id='word_1_558' title='bbox 1903 1430 1942 1450; x_wconf 71' lang='lat' dir='ltr'>nisi</span> <span class='ocrx_word' id='word_1_559' title='bbox 1954 1436 2014 1452; x_wconf 75' lang='lat' dir='ltr'>acce·</span> 
     </span>
     <span class='ocr_line' id='line_1_115' title="bbox 1829 1454 2013 1478; baseline 0.027 -5"><span class='ocrx_word' id='word_1_560' title='bbox 1829 1454 1891 1475; x_wconf 76' lang='lat' dir='ltr'>dente</span> <span class='ocrx_word' id='word_1_561' title='bbox 1910 1462 2013 1478; x_wconf 57' lang='lat' dir='ltr'>consensu</span> 
     </span>
     <span class='ocr_line' id='line_1_116' title="bbox 1828 1481 2012 1504; baseline 0.027 -4"><span class='ocrx_word' id='word_1_562' title='bbox 1828 1481 1914 1501; x_wconf 79' lang='lat' dir='ltr'>abbatis</span> <span class='ocrx_word' id='word_1_563' title='bbox 1930 1483 2012 1504; x_wconf 62' lang='lat' dir='ltr'>ctum..-</span> 
     </span>
     <span class='ocr_line' id='line_1_117' title="bbox 1829 1509 1904 1528; baseline 0.027 -2"><span class='ocrx_word' id='word_1_564' title='bbox 1829 1509 1904 1528; x_wconf 65' lang='lat' dir='ltr'>vensis.</span> 
     </span>
    </p>
   </div>
   <div class='ocr_carea' id='block_1_17' title="bbox 1829 1609 2013 1684">
    <p class='ocr_par' dir='ltr' id='par_1_18' title="bbox 1829 1609 2013 1684">
     <span class='ocr_line' id='line_1_118' title="bbox 1856 1609 2013 1631; baseline 0.013 -2"><span class='ocrx_word' id='word_1_565' title='bbox 1856 1609 1962 1631; x_wconf 77' lang='lat' dir='ltr'>Prioratus</span> <span class='ocrx_word' id='word_1_566' title='bbox 1985 1618 2013 1631; x_wconf 78' lang='lat' dir='ltr'>ei-</span> 
     </span>
     <span class='ocr_line' id='line_1_119' title="bbox 1829 1635 2003 1658; baseline 0.017 -4"><span class='ocrx_word' id='word_1_567' title='bbox 1829 1635 1876 1656; x_wconf 83' lang='lat' dir='ltr'>dem</span> <span class='ocrx_word' id='word_1_568' title='bbox 1898 1642 2003 1658; x_wconf 73' lang='lat' dir='ltr'>monasti-r</span> 
     </span>
     <span class='ocr_line' id='line_1_120' title="bbox 1829 1663 1928 1684; baseline 0.03 -3"><span class='ocrx_word' id='word_1_569' title='bbox 1829 1663 1866 1681; x_wconf 81' lang='lat' dir='ltr'>suti</span> <span class='ocrx_word' id='word_1_570' title='bbox 1872 1663 1928 1684; x_wconf 73' lang='lat' dir='ltr'>ierti.</span> 
     </span>
    </p>
   </div>
  </div>
 </body>
</html>
