2180 3205
195 230 243 255 Au.
265 229 293 256 C.
310 229 380 258 1¹23

217 637 284 662 Eique
295 636 329 656 ius
338 634 376 655 tri-

190 664 237 683 buit
246 668 375 683 vxronltnu-

190 690 274 710 nicaiitli
299 692 374 714 r=pto=

188 722 223 736 res
249 722 323 736 rei-iiiii
348 716 374 736 ad

189 747 349 763 iit-iniisteriuin

189 775 222 795 pei
231 772 346 789 [ttwttlitttl]
357 783 364 792 ,

187 799 203 817 si
219 796 308 817 eosdem
329 795 374 820 epi-

187 828 267 848 scopus
283 824 325 843 toci
337 827 373 842 ‹ix-

188 850 354 870 co·iiiiiuiiicare

187 878 292 897 nntueiii:

212 1230 266 1251 item
276 1235 297 1251 et
305 1231 371 1251 liber-

184 1260 251 1277 talem
274 1258 371 1283 sepultu-

184 1289 222 1303 rae
257 1286 338 1310 cuique
352 1286 369 1305 si

183 1311 212 1330 itii
229 1312 316 1335 sepetiri
335 1317 370 1331 vc-

185 1338 259 1357 luerit.

204 1521 322 1542 nonni-aiio
332 1528 368 1548 pa·

181 1549 244 1573 ginee
266 1549 339 1569 liuius.

216 2405 295 2426 calixti

177 2432 319 2459 subscriptio.

325 2406 363 2427 t‘P.

466 223 535 254 541-

402 286 542 320 cessoris
570 284 666 319 nostri
694 292 820 319 sanctae
843 285 1013 321 memoriae
1039 287 1157 322 Leonis
1201 299 1259 322 xvi
1281 287 1382 323 kalen.
1396 288 1544 329 octobris,
1567 290 1738 326 indictione.
1761 293 1879 340 prima,
1902 295 1952 329 in-

400 333 508 380 Papae
549 335 709 380 priuilegio
742 336 933 369 continetur.
974 336 1022 370 Ad
1063 337 1155 377 liaeo,
1197 338 1390 373 carnationis
1411 339 1587 374 dominicae
1601 353 1683 375 auno
1705 354 1853 385 aicxxiii,
1876 356 1953 390 pon·

399 391 461 417 tani
485 383 717 430 praesentium,
752 396 846 430 quam
882 383 1057 420 futurorum
1080 398 1153 421 ava-
1941 394 1947 399 '

398 432 487 466 ritiae
508 444 544 466 ac
574 432 733 479 nequitiae
756 433 935 474 obviantes,
958 447 1069 470 omnes
1090 449 1154 470 om-

397 481 475 516 nino
497 481 688 525 seditiones,
723 494 802 528 quas
832 483 916 518 levas
943 484 1069 523 dicunt,
1096 497 1150 519 seu

396 529 591 577 direptiones
605 531 635 565 in
652 530 883 578 cuiuscumque
898 532 1021 567 abbatis
1052 543 1151 569 morte

395 587 448 613 aut
475 579 639 621 electione,
669 579 736 614 fieri
765 581 953 616 authoritate
979 583 1148 629 apostolica

395 627 628 664 interdicimus.
660 629 759 664 Porro
782 642 838 677 pro
866 631 1029 678 amplioris
1052 632 1149 668 bene-

394 677 552 713 volentiae
584 679 692 721 gratia,
727 692 821 726 quam
855 692 913 715 nos
941 689 1062 727 praeter
1084 695 1148 717 no—

394 735 534 762 strorum
552 727 828 774 praedecessorum
845 729 1045 765 dilectionem
1065 732 1146 766 circa

393 785 535 811 vestrum
560 778 783 812 monasterium
811 779 962 824 gerimus,
988 780 1144 815 licentiam

394 825 463 865 tibi,
487 838 522 860 ac
556 827 703 872 legitimis
726 828 962 862 successoribus
985 831 1047 863 tuis
1067 842 1146 864 con-

392 875 555 916 cedimus,
584 883 616 909 ut
647 877 671 910 si
699 877 769 923 quis
791 877 934 911 eiusdem
963 880 1144 913 monasterii

394 925 486 958 vestri
511 934 539 959 et
562 925 711 960 cellarum
739 926 807 960 eius
842 928 1060 973 possessiones
1092 937 1144 962 aut

391 985 442 1008 res
456 973 608 1008 violenter
622 974 797 1015 abstulerit,
817 985 983 1022 postquam
1002 977 1142 1023 ipsorum

391 1023 544 1069 episcopi7
571 1035 587 1057 a
611 1023 698 1058 vobis
720 1024 811 1058 tertio
834 1025 964 1063 invitati.
993 1026 1141 1061 iustitiam

391 1071 431 1105 de
453 1073 497 1106 eis
513 1072 613 1106 facere
635 1073 766 1107 omnino
784 1073 954 1114 noluerint,
973 1087 1028 1109 vos
1047 1087 1143 1121 super

390 1121 518 1154 eosdem
547 1129 699 1168 raptores,
733 1123 872 1157 secundo
900 1124 1029 1158 tertiove
1051 1136 1141 1158 coin-

390 1179 547 1209 monitos,
589 1183 771 1206 canonicam
807 1181 1140 1208 excommunicationis

389 1220 578 1254 sententiam
615 1219 790 1267 proferatis.
829 1220 1031 1268 Sepulturam
1065 1235 1140 1257 sane

389 1267 449 1303 loci
479 1269 583 1308 vestri,
606 1278 636 1304 ct
659 1270 918 1305 monasteriorum
944 1280 1116 1306 vestroruin
1132 1300 1139 1309 ,

390 1316 521 1352 liberam
544 1319 675 1353 omnino
691 1331 759 1353 esse
773 1332 952 1363 censemus,
971 1328 1139 1359 uteorum,

389 1368 442 1413 qui
473 1367 537 1402 illic
555 1368 678 1414 sepeliri
701 1368 959 1412 deliberaverint,
981 1370 1137 1405 devotioni

389 1424 419 1449 ct
442 1424 599 1451 extremae
626 1417 795 1461 voluntati,
824 1418 881 1452 nisi
910 1417 988 1452 forte
1010 1431 1139 1453 excom-

388 1466 538 1500 municati
562 1464 636 1506 sint,
660 1467 766 1501 nullus
787 1466 928 1501 obsistat.
952 1467 985 1501 Si
1009 1481 1069 1515 qua
1086 1469 1140 1514 igi-

389 1523 441 1548 tur
463 1515 493 1548 in
517 1514 658 1549 suturum
693 1515 902 1550 ecclesiastiea
930 1517 1137 1551 saecularisve

388 1575 535 1609 persona,
571 1564 651 1598 hanc
676 1573 800 1599 nostrae
821 1565 1054 1600 constitutionis
1077 1578 1137 1612 pa—

387 1624 493 1657 ginam
516 1625 631 1657 sciens,
658 1621 766 1648 contra
797 1625 864 1647 eam
888 1622 1005 1649 temere
1033 1627 1137 1650 venire

387 1662 594 1707 temptaverit,
616 1662 758 1696 secundo
782 1663 911 1698 tertiove
933 1664 1136 1702 commonita,

387 1710 412 1743 si
436 1723 497 1744 non
522 1711 732 1745 satisfactione
755 1723 893 1757 congrua
913 1713 1136 1754 emendaverit,

387 1760 550 1805 potestatis
577 1760 768 1807 honorisque
788 1761 835 1795 sui
850 1761 1000 1807 dignitate
1022 1771 1136 1805 careat,

387 1820 536 1855 reamque
571 1821 603 1843 se
639 1809 747 1844 divino
780 1809 897 1844 indicio
932 1811 1067 1846 existere
1098 1813 1136 1847 de

387 1866 563 1904 perpetrata
592 1858 755 1905 iniquitate
785 1868 966 1904 cognoscat,
989 1869 1018 1895 et
1041 1873 1057 1895 a
1085 1873 1137 1896 sa-

386 1907 561 1941 cratissimo
587 1907 730 1954 Corpore
764 1920 799 1942 ac
832 1908 994 1955 Sanguine
1026 1909 1083 1944 Dei
1107 1919 1136 1944 et

386 1954 514 1990 Domini
540 1956 765 2003 Redemptoris
796 1958 894 1992 nostri
926 1958 995 1993 Iesu
1018 1958 1135 1993 Christi

387 2004 486 2039 aliena
515 2005 578 2049 fiat,
600 2014 693 2052 atque
716 2007 747 2040 in
770 2014 909 2041 extremo
931 2008 1075 2043 examine
1093 2009 1136 2043 di-

386 2054 511 2089 strictae
537 2055 648 2089 ultioni
676 2055 853 2097 subiaceat3
880 2057 1003 2092 cunctis
1030 2065 1133 2092 autem

387 2103 525 2149 praefato
542 2104 696 2139 coenobio
711 2105 789 2139 iusta
805 2105 1002 2140 servantibus
1019 2107 1057 2141 sit
1077 2120 1135 2154 pax

386 2150 512 2186 Domini
541 2154 637 2188 nostri
662 2153 732 2189 lesu
758 2154 888 2198 Christi,
923 2164 1079 2202 quatenus
1105 2164 1134 2191 et

386 2201 437 2235 liic
459 2202 594 2237 siut-tuni
620 2203 718 2237 honae
740 2204 874 2238 actionis
897 2205 1082 2252 percipiant,
1106 2213 1135 2240 et

386 2252 467 2296 apud
487 2253 662 2286 districtum
678 2252 815 2287 luiliceiii
833 2254 972 2300 praemia
991 2263 1135 2289 aeternae

386 2300 473 2345 pat-Is
511 2301 681 2336 iiiieniant.
721 2301 821 2336 Amen
836 2329 846 2347 ,
883 2314 995 2348 anien⁷
1029 2315 1132 2338 amen.

385 2348 559 2397 Ao-cflo-

435 2397 507 2432 Eoo
545 2399 711 2434 Caum-s
756 2399 928 2435 catholicae
972 2400 1134 2436 Ecclesiae

386 2447 555 2493 episi-opus
581 2448 764 2496 subscripsi.

436 2494 550 2530 Datum
577 2496 702 2532 Berulis
725 2500 768 2541 (l)
792 2510 847 2544 per
869 2511 996 2534 manum
1014 2499 1134 2544 Ugonis

386 2553 510 2578 sanciat·
547 2545 709 2581 Romanae
737 2547 898 2583 Ecclesiae
929 2548 1133 2591 subdiaconi,

422 2605 460 2638 (l)
477 2604 543 2639 Lege
563 2608 672 2633 Verulis.
712 2608 750 2641 (n.
767 2608 807 2643 τ.)

1002 232 1139 255 nouam
1146 233 1191 255 ΓΜ
1214 233 1375 257 ROBANUM

1197 387 1333 422 iificznus
1373 395 1479 422 autem
1515 389 1622 424 domui
1663 389 1776 426 Calixti
1815 393 1947 427 semodi

1196 435 1300 482 Papae
1320 449 1403 471 anno
1426 449 1456 471 V.

1214 491 1275 522 Dat.
1293 493 1339 523 die
1358 493 1394 523 ¹16
1413 494 1590 532 septembris
1611 505 1687 525 anno
1705 495 1820 527 Domini
1841 497 1927 536 11:23,

1449 539 1551 578 pontif.
1575 549 1651 569 anuo
1670 548 1697 570 v.

1192 755 1391 800 Confirmatio
1439 759 1695 801 monasteriorum
1733 760 1772 792 ab
1828 760 1943 793 Orione

1237 806 1458 849 Bamberqenst'
1483 807 1620 851 episcopo
1653 808 1686 840 in
1720 819 1778 842 sua
1810 810 1943 842 dioecesi

1236 862 1477 888 constructorum
1504 858 1560 898 (1).

1453 933 1667 964 sthARIUM

1187 996 1354 1028 Exordium.
1369 1015 1408 1021 —-
1426 999 1598 1029 Monasteria
1618 1000 1653 1029 ab
1673 999 1776 1031 Ottone
1795 1001 1823 1031 in
1853 1001 1938 1032 Bam-

1225 1041 1361 1079 bergensi
1392 1043 1521 1072 dioecesi
1545 1048 1712 1073 constructa
1736 1044 1790 1074 sub
1814 1046 1939 1084 Aposto-

1225 1086 1299 1115 licae
1332 1086 1416 1116 Sedis
1449 1088 1629 1126 protectione
1653 1089 1868 1127 suscipiuntur.
1898 1106 1938 1112 —

1225 1129 1302 1159 Bona
1325 1132 1436 1161 eisdem
1464 1131 1569 1161 collata
1593 1132 1814 1162 confirmantur.
1840 1150 1880 1155 —
1906 1133 1940 1163 Ei

1224 1183 1292 1203 cura
1321 1175 1460 1214 episcopo
1494 1174 1703 1214 Bainbergensi
1734 1177 1936 1207 demandatur.

1223 1235 1262 1240 —
1285 1218 1394 1249 Solitae
1413 1220 1577 1249 clausulae.

1183 1288 1305 1317 calixtus
1326 1290 1466 1325 episcopus
1491 1297 1586 1318 servus
1614 1297 1754 1319 servorum
1776 1291 1831 1324 Dei.
1860 1299 1938 1320 vene·

1227 1339 1309 1366 rabili
1346 1338 1431 1367 fratri
1465 1339 1554 1368 Ottoni
1579 1339 1769 1375 Bambergeiisi
1803 1341 1937 1377 episcopo,

1226 1388 1342 1416 saltitem
1372 1390 1400 1417 et
1423 1388 1600 1424 apostoticam
1624 1389 1846 1418 benedictionem.

1230 1455 1328 1489 Bonis
1359 1455 1487 1489 frati-uin
1513 1463 1690 1489 nostrorum
1724 1455 1837 1490 stuiliis
1870 1468 1932 1491 non

1180 1504 1282 1538 solum
1311 1504 1431 1545 favere,
1459 1503 1512 1538 sed
1536 1504 1573 1538 ad
1602 1516 1636 1538 ea
1671 1505 1811 1549 ipsorum
1835 1505 1930 1540 etiam

1179 1552 1332 1587 dehemus
1358 1553 1481 1587 animos
1504 1553 1648 1587 incitare:
1685 1553 1745 1587 tuis
1772 1565 1860 1599 ergo,
1885 1566 1933 1588 ca-

1181 1603 1303 1636 rissime
1322 1610 1352 1636 et
1378 1602 1563 1637 venerabilis
1578 1601 1671 1636 frater
1691 1601 1766 1636 Otto
1783 1601 1935 1637 Bamber-

1178 1652 1284 1696 gensis
1310 1651 1475 1698 episcope,
1515 1651 1802 1698 supplicationibus
1840 1652 1933 1686 incli-

1179 1701 1252 1741 nati,
1275 1701 1475 1740 monasteria,
1497 1713 1577 1747 quae
1601 1700 1667 1746 ipse
1690 1701 1826 1747 propriis
1848 1713 1932 1735 sum-

1180 1750 1284 1795 ptibus
1310 1750 1485 1789 extruxisti,
1508 1758 1538 1783 et
1560 1748 1785 1795 Bambergeiisi
1813 1749 1931 1784 Eccle-

1178 1799 1242 1833 siae
1264 1798 1441 1842 conferens,
1463 1798 1664 1845 Apostolicae
1680 1797 1772 1833 Sedis
1791 1799 1928 1834 roborari

1180 1848 1354 1883 munimine
1376 1848 1568 1894 quaesivisti,
1585 1848 1615 1882 in
1638 1847 1719 1881 beati
1742 1847 1827 1881 Petri
1847 1849 1930 1890 eins-

1177 1909 1239 1943 que
1266 1897 1427 1931 Romanae
1449 1897 1609 1931 Ecclesiae
1644 1897 1840 1942 protectione
1871 1909 1928 1932 su-

1177 1946 1330 1993 scipimus
1352 1954 1459 1980 contra
1487 1958 1652 1992 pravorum
1683 1945 1845 1979 houiinuni
1876 1958 1929 1980 ne·

1177 1996 1307 2042 quitiam
1335 1995 1536 2030 defensanda.
1572 1994 1749 2029 Statuimus
1772 2006 1866 2040 ergo,
1895 2003 1928 2029 ut

1179 2045 1405 2091 possessiones,
1440 2044 1583 2091 praedia,
1617 2052 1647 2078 et
1682 2043 1764 2077 bona
1797 2043 1926 2085 omnia,

1177 2106 1257 2140 quae
1279 2102 1309 2128 et
1332 2093 1507 2128 fraternitas
1526 2101 1576 2127 tua
1595 2093 1713 2127 eisdem
1728 2094 1927 2128 monasteriis

1177 2144 1273 2177 divini
1308 2143 1424 2177 amoris
1451 2143 1567 2177 intuitu
1601 2141 1749 2185 contulit⁷
1783 2154 1927 2189 quaeque

1176 2192 1306 2227 aliorum
1331 2192 1468 2226 fidelium
1497 2192 1576 2226 iusta
1604 2191 1761 2225 oblatione
1775 2203 1925 2226 concessa

1176 2249 1261 2285 suut,
1289 2249 1340 2276 aut
1373 2241 1404 2275 in
1439 2240 1579 2275 futurum
1611 2240 1691 2274 iuste
1724 2239 1926 2287 legaliterque

1177 2291 1293 2337 acquiri
1319 2290 1363 2324 vel
1386 2289 1489 2324 offerri
1508 2289 1686 2335 contigerit,
1715 2288 1801 2322 firma
1824 2289 1870 2322 eis
1891 2297 1921 2323 et

1177 2340 1311 2383 illibata,
1348 2339 1487 2373 Domino
1521 2341 1669 2382 anctore,
1709 2345 1921 2384 permaneant.

1175 2388 1398 2423 Ordinationes
1420 2400 1494 2422 sane
1517 2387 1666 2422 abbatum
1689 2388 1733 2421 vel
1758 2386 1926 2420 monacho-

1176 2450 1244 2472 rum
1267 2449 1396 2472 suorum
1418 2449 1434 2471 a
1461 2436 1622 2471 catholicis
1656 2435 1812 2483 episcopis
1839 2435 1925 2469 ‹liue-

1174 2487 1296 2522 cesanis
1328 2486 1494 2533 accipiant.
1527 2485 1645 2520 Rerum
1673 2496 1746 2518 vero
1780 2485 1919 2529 ipsorum

1175 2535 1436 2571 monasteriorum
1471 2547 1576 2570 curam
1612 2542 1643 2568 et
1682 2533 1923 2568 administratio-

1207 2610 1247 2645 (t)
1264 2610 1302 2636 Ex
1320 2594 1419 2636 Concil.
1442 2612 1505 2636 tom.
1523 2615 1571 2634 xii.
1593 2607 1642 2634 loc.
1662 2607 1708 2633 cit.

1974 242 2022 269 An.
2043 243 2072 270 C.
2090 244 2154 274 ¹¹23

1990 1472 2116 1494 Exordium.

1976 1614 2106 1636 aionasterta
2118 1615 2144 1637 nb

1961 1640 2042 1662 ottone
2052 1647 2073 1662 iii
2084 1642 2144 1663 ttam-

1963 1666 2064 1693 bvi-gensi
2085 1669 2145 1690 dios

1961 1695 2005 1714 cesi
2021 1698 2144 1716 consti-unu

1962 1720 2004 1741 sub
2011 1724 2143 1746 protectione

1961 1748 2096 1772 ,apostoticae
2108 1748 2143 1770 Se-

1961 1774 1997 1793 ntis
2023 1774 2142 1800 suscipiun-

1962 1803 2005 1821 tiir.

1986 1997 2043 2018 Bona
2062 1996 2139 2018 eisdem

1958 2025 2035 2045 conata
2061 2023 2140 2046 confir*

1960 2054 2049 2071 mantus
2056 2057 2064 2076 ς

1980 2503 2005 2524 Et
2018 2508 2070 2524 eun
2088 2503 2131 2530 epl-

1952 2534 2018 2555 πορθ
2035 2529 2130 2551 flamber-

1952 2556 2014 2581 gensi
2043 2556 2130 2578 demn-

1951 2583 2021 2604 datur.
