<?xml version="1.0" encoding="UTF-8"?>
<!DOCTYPE html PUBLIC "-//W3C//DTD XHTML 1.0 Transitional//EN"
    "http://www.w3.org/TR/xhtml1/DTD/xhtml1-transitional.dtd">
<html xmlns="http://www.w3.org/1999/xhtml" xml:lang="en" lang="en">
 <head>
  <title>
</title>
<meta http-equiv="Content-Type" content="text/html;charset=utf-8" />
  <meta name='ocr-system' content='tesseract 3.04.00' />
  <meta name='ocr-capabilities' content='ocr_page ocr_carea ocr_par ocr_line ocrx_word'/>
</head>
<body>
  <div class='ocr_page' id='page_1' title='image "./bullarumdiplomat02cath_0811.png"; bbox 0 0 2180 3205; ppageno 0'>
   <div class='ocr_carea' id='block_1_1' title="bbox 37 207 216 236">
    <p class='ocr_par' dir='ltr' id='par_1_1' title="bbox 37 207 216 236">
     <span class='ocr_line' id='line_1_1' title="bbox 37 207 216 236; baseline -0.011 0"><span class='ocrx_word' id='word_1_1' title='bbox 37 209 86 236; x_wconf 75' lang='lat' dir='ltr'>An.</span> <span class='ocrx_word' id='word_1_2' title='bbox 101 208 129 235; x_wconf 88' lang='lat' dir='ltr'>C.</span> <span class='ocrx_word' id='word_1_3' title='bbox 151 207 216 234; x_wconf 78' lang='lat'>1¹76</span> 
     </span>
    </p>
   </div>
   <div class='ocr_carea' id='block_1_2' title="bbox 820 207 1144 229">
    <p class='ocr_par' dir='ltr' id='par_1_2' title="bbox 820 207 1144 229">
     <span class='ocr_line' id='line_1_2' title="bbox 820 207 1144 229; baseline 0 0"><span class='ocrx_word' id='word_1_4' title='bbox 820 207 1014 229; x_wconf 61' lang='lat' dir='ltr'>Art-:xaxntzn</span> <span class='ocrx_word' id='word_1_5' title='bbox 1039 208 1072 229; x_wconf 90' lang='grc' dir='ltr'>ΙΙΙ</span> <span class='ocrx_word' id='word_1_6' title='bbox 1098 207 1144 229; x_wconf 74' lang='grc' dir='ltr'>ΙΨ.</span> 
     </span>
    </p>
   </div>
   <div class='ocr_carea' id='block_1_3' title="bbox 1633 195 1944 233">
    <p class='ocr_par' dir='ltr' id='par_1_3' title="bbox 1633 195 1944 233">
     <span class='ocr_line' id='line_1_3' title="bbox 1633 195 1944 233; baseline -0.003 0"><span class='ocrx_word' id='word_1_7' title='bbox 1633 195 1702 227; x_wconf 80' lang='lat'>795</span> <span class='ocrx_word' id='word_1_8' title='bbox 1764 205 1813 233; x_wconf 67' lang='lat' dir='ltr'>An.</span> <span class='ocrx_word' id='word_1_9' title='bbox 1832 203 1859 232; x_wconf 91' lang='lat' dir='ltr'>c.</span> <span class='ocrx_word' id='word_1_10' title='bbox 1876 204 1944 232; x_wconf 80' lang='lat'>¹¹76</span> 
     </span>
    </p>
   </div>
   <div class='ocr_carea' id='block_1_4' title="bbox 231 258 1749 306">
    <p class='ocr_par' dir='ltr' id='par_1_4' title="bbox 231 258 1749 306">
     <span class='ocr_line' id='line_1_4' title="bbox 231 258 1749 306; baseline -0.003 -10"><span class='ocrx_word' id='word_1_11' title='bbox 231 261 307 301; x_wconf 77' lang='lat' dir='ltr'>nari,</span> <span class='ocrx_word' id='word_1_12' title='bbox 337 262 498 296; x_wconf 79' lang='lat' dir='ltr'>ecclesiam</span> <span class='ocrx_word' id='word_1_13' title='bbox 527 261 631 296; x_wconf 81' lang='lat' dir='ltr'>Sancti</span> <span class='ocrx_word' id='word_1_14' title='bbox 660 260 809 295; x_wconf 78' lang='lat' dir='ltr'>l‘assiris:</span> <span class='ocrx_word' id='word_1_15' title='bbox 850 262 879 294; x_wconf 90' lang='lat' dir='ltr'>in</span> <span class='ocrx_word' id='word_1_16' title='bbox 917 273 970 295; x_wconf 89' lang='lat' dir='ltr'>co-</span> <span class='ocrx_word' id='word_1_17' title='bbox 1013 260 1139 294; x_wconf 74' lang='lat' dir='ltr'>fratrum</span> <span class='ocrx_word' id='word_1_18' title='bbox 1164 272 1233 306; x_wconf 88' lang='lat' dir='ltr'>pars</span> <span class='ocrx_word' id='word_1_19' title='bbox 1254 259 1374 295; x_wconf 87' lang='lat' dir='ltr'>consilii</span> <span class='ocrx_word' id='word_1_20' title='bbox 1401 259 1543 303; x_wconf 87' lang='lat' dir='ltr'>sanioris,</span> <span class='ocrx_word' id='word_1_21' title='bbox 1576 258 1749 293; x_wconf 85' lang='lat' dir='ltr'>secundum</span> 
     </span>
    </p>
   </div>
   <div class='ocr_carea' id='block_1_5' title="bbox 39 309 977 1737">
    <p class='ocr_par' dir='ltr' id='par_1_5' title="bbox 39 309 977 1737">
     <span class='ocr_line' id='line_1_5' title="bbox 230 309 968 358; baseline -0.004 -12"><span class='ocrx_word' id='word_1_22' title='bbox 230 312 337 346; x_wconf 89' lang='lat' dir='ltr'>mitatn</span> <span class='ocrx_word' id='word_1_23' title='bbox 372 311 522 358; x_wconf 79' lang='lat' dir='ltr'>integram</span> <span class='ocrx_word' id='word_1_24' title='bbox 557 319 677 346; x_wconf 89' lang='lat' dir='ltr'>curtem</span> <span class='ocrx_word' id='word_1_25' title='bbox 699 309 737 344; x_wconf 83' lang='lat' dir='ltr'>de</span> <span class='ocrx_word' id='word_1_26' title='bbox 764 309 968 344; x_wconf 73' lang='lat' dir='ltr'>palveniano:</span> 
     </span>
     <span class='ocr_line' id='line_1_6' title="bbox 231 360 970 395; baseline -0.004 0"><span class='ocrx_word' id='word_1_27' title='bbox 231 361 261 395; x_wconf 93' lang='lat' dir='ltr'>in</span> <span class='ocrx_word' id='word_1_28' title='bbox 284 360 432 395; x_wconf 89' lang='lat' dir='ltr'>comitatu</span> <span class='ocrx_word' id='word_1_29' title='bbox 467 360 634 395; x_wconf 83' lang='lat' dir='ltr'>Camerino</span> <span class='ocrx_word' id='word_1_30' title='bbox 667 368 777 394; x_wconf 84' lang='lat' dir='ltr'>terrain</span> <span class='ocrx_word' id='word_1_31' title='bbox 805 372 874 393; x_wconf 81' lang='lat' dir='ltr'>enin</span> <span class='ocrx_word' id='word_1_32' title='bbox 904 360 970 392; x_wconf 85' lang='lat' dir='ltr'>suis</span> 
     </span>
     <span class='ocr_line' id='line_1_7' title="bbox 230 407 967 455; baseline -0.004 -11"><span class='ocrx_word' id='word_1_33' title='bbox 230 410 419 445; x_wconf 88' lang='lat' dir='ltr'>cultoribus:</span> <span class='ocrx_word' id='word_1_34' title='bbox 443 411 472 444; x_wconf 93' lang='lat' dir='ltr'>in</span> <span class='ocrx_word' id='word_1_35' title='bbox 495 417 582 444; x_wconf 83' lang='lat' dir='ltr'>curte</span> <span class='ocrx_word' id='word_1_36' title='bbox 600 408 819 455; x_wconf 81' lang='lat' dir='ltr'>Cesepaluinbi</span> <span class='ocrx_word' id='word_1_37' title='bbox 836 407 967 442; x_wconf 83' lang='lat' dir='ltr'>inediam</span> 
     </span>
     <span class='ocr_line' id='line_1_8' title="bbox 229 459 968 505; baseline -0.005 -11"><span class='ocrx_word' id='word_1_38' title='bbox 229 468 348 494; x_wconf 84' lang='lat' dir='ltr'>curtem</span> <span class='ocrx_word' id='word_1_39' title='bbox 383 459 421 494; x_wconf 91' lang='lat' dir='ltr'>de</span> <span class='ocrx_word' id='word_1_40' title='bbox 460 459 630 503; x_wconf 88' lang='lat' dir='ltr'>Visiliano,</span> <span class='ocrx_word' id='word_1_41' title='bbox 668 466 808 505; x_wconf 83' lang='lat' dir='ltr'>quartam</span> <span class='ocrx_word' id='word_1_42' title='bbox 851 465 968 504; x_wconf 81' lang='lat' dir='ltr'>partein</span> 
     </span>
     <span class='ocr_line' id='line_1_9' title="bbox 229 506 968 543; baseline -0.004 0"><span class='ocrx_word' id='word_1_43' title='bbox 229 509 326 543; x_wconf 83' lang='lat' dir='ltr'>curtis</span> <span class='ocrx_word' id='word_1_44' title='bbox 360 508 399 543; x_wconf 86' lang='lat' dir='ltr'>de</span> <span class='ocrx_word' id='word_1_45' title='bbox 434 508 571 543; x_wconf 82' lang='lat' dir='ltr'>Albano:</span> <span class='ocrx_word' id='word_1_46' title='bbox 611 508 641 542; x_wconf 91' lang='lat' dir='ltr'>in</span> <span class='ocrx_word' id='word_1_47' title='bbox 680 507 828 542; x_wconf 84' lang='lat' dir='ltr'>comitatu</span> <span class='ocrx_word' id='word_1_48' title='bbox 860 506 968 541; x_wconf 87' lang='lat' dir='ltr'>cellam</span> 
     </span>
     <span class='ocr_line' id='line_1_10' title="bbox 230 556 970 597; baseline -0.004 -5"><span class='ocrx_word' id='word_1_49' title='bbox 230 558 334 593; x_wconf 80' lang='lat' dir='ltr'>Sancti</span> <span class='ocrx_word' id='word_1_50' title='bbox 357 558 498 597; x_wconf 84' lang='lat' dir='ltr'>Martini,</span> <span class='ocrx_word' id='word_1_51' title='bbox 519 558 652 592; x_wconf 89' lang='lat' dir='ltr'>Sanctae</span> <span class='ocrx_word' id='word_1_52' title='bbox 670 556 785 591; x_wconf 86' lang='lat' dir='ltr'>Mariae</span> <span class='ocrx_word' id='word_1_53' title='bbox 807 557 837 590; x_wconf 91' lang='lat' dir='ltr'>in</span> <span class='ocrx_word' id='word_1_54' title='bbox 852 556 970 590; x_wconf 92' lang='lat' dir='ltr'>Contro</span> 
     </span>
     <span class='ocr_line' id='line_1_11' title="bbox 231 604 972 649; baseline -0.004 -7"><span class='ocrx_word' id='word_1_55' title='bbox 231 620 302 643; x_wconf 89' lang='lat' dir='ltr'>cnm</span> <span class='ocrx_word' id='word_1_56' title='bbox 325 608 392 642; x_wconf 87' lang='lat' dir='ltr'>eius</span> <span class='ocrx_word' id='word_1_57' title='bbox 417 606 529 642; x_wconf 88' lang='lat' dir='ltr'>eccles.</span> <span class='ocrx_word' id='word_1_58' title='bbox 563 607 668 642; x_wconf 78' lang='lat' dir='ltr'>Sancti</span> <span class='ocrx_word' id='word_1_59' title='bbox 703 606 854 649; x_wconf 77' lang='lat' dir='ltr'>Ianuarii,</span> <span class='ocrx_word' id='word_1_60' title='bbox 872 606 905 640; x_wconf 91' lang='lat' dir='ltr'>S.</span> <span class='ocrx_word' id='word_1_61' title='bbox 921 604 972 639; x_wconf 87' lang='lat' dir='ltr'>Vi-</span> 
     </span>
     <span class='ocr_line' id='line_1_12' title="bbox 231 655 970 702; baseline -0.003 -11"><span class='ocrx_word' id='word_1_62' title='bbox 231 657 366 696; x_wconf 85' lang='lat' dir='ltr'>ctorini,</span> <span class='ocrx_word' id='word_1_63' title='bbox 392 655 496 691; x_wconf 78' lang='lat' dir='ltr'>Sancti</span> <span class='ocrx_word' id='word_1_64' title='bbox 530 656 708 695; x_wconf 86' lang='lat' dir='ltr'>Laurentii,</span> <span class='ocrx_word' id='word_1_65' title='bbox 748 664 864 690; x_wconf 79' lang='lat' dir='ltr'>sextam</span> <span class='ocrx_word' id='word_1_66' title='bbox 892 667 970 702; x_wconf 83' lang='lat' dir='ltr'>par—</span> 
     </span>
     <span class='ocr_line' id='line_1_13' title="bbox 232 704 968 752; baseline -0.004 -11"><span class='ocrx_word' id='word_1_67' title='bbox 232 715 293 741; x_wconf 90' lang='lat' dir='ltr'>tem</span> <span class='ocrx_word' id='word_1_68' title='bbox 315 706 349 741; x_wconf 90' lang='lat' dir='ltr'>S.</span> <span class='ocrx_word' id='word_1_69' title='bbox 371 705 555 741; x_wconf 88' lang='lat' dir='ltr'>Salvatoris:</span> <span class='ocrx_word' id='word_1_70' title='bbox 582 705 665 752; x_wconf 90' lang='lat' dir='ltr'>apud</span> <span class='ocrx_word' id='word_1_71' title='bbox 686 705 837 748; x_wconf 90' lang='lat' dir='ltr'>Lisinam,</span> <span class='ocrx_word' id='word_1_72' title='bbox 861 704 968 739; x_wconf 89' lang='lat' dir='ltr'>cellam</span> 
     </span>
     <span class='ocr_line' id='line_1_14' title="bbox 232 753 968 801; baseline -0.005 -10"><span class='ocrx_word' id='word_1_73' title='bbox 232 755 265 791; x_wconf 87' lang='lat' dir='ltr'>S.</span> <span class='ocrx_word' id='word_1_74' title='bbox 288 755 491 801; x_wconf 78' lang='lat' dir='ltr'><strong>Archangeli:</strong></span> <span class='ocrx_word' id='word_1_75' title='bbox 523 755 701 798; x_wconf 88' lang='lat' dir='ltr'>Ferrariae,</span> <span class='ocrx_word' id='word_1_76' title='bbox 727 754 835 789; x_wconf 89' lang='lat' dir='ltr'>cellam</span> <span class='ocrx_word' id='word_1_77' title='bbox 862 753 968 788; x_wconf 86' lang='lat' dir='ltr'>Sancti</span> 
     </span>
     <span class='ocr_line' id='line_1_15' title="bbox 230 803 971 840; baseline -0.004 0"><span class='ocrx_word' id='word_1_78' title='bbox 230 805 364 840; x_wconf 88' lang='lat' dir='ltr'>Nicolai:</span> <span class='ocrx_word' id='word_1_79' title='bbox 396 805 426 839; x_wconf 92' lang='lat' dir='ltr'>in</span> <span class='ocrx_word' id='word_1_80' title='bbox 455 804 577 840; x_wconf 85' lang='lat' dir='ltr'>civitate</span> <span class='ocrx_word' id='word_1_81' title='bbox 598 804 674 839; x_wconf 90' lang='lat' dir='ltr'>eccl.</span> <span class='ocrx_word' id='word_1_82' title='bbox 701 803 833 838; x_wconf 81' lang='lat' dir='ltr'>Sanctae</span> <span class='ocrx_word' id='word_1_83' title='bbox 856 803 971 838; x_wconf 87' lang='lat' dir='ltr'>Mariae</span> 
     </span>
     <span class='ocr_line' id='line_1_16' title="bbox 232 852 972 899; baseline -0.005 -9"><span class='ocrx_word' id='word_1_84' title='bbox 232 855 269 890; x_wconf 87' lang='lat' dir='ltr'>ad</span> <span class='ocrx_word' id='word_1_85' title='bbox 292 854 421 889; x_wconf 88' lang='lat' dir='ltr'>Vineam</span> <span class='ocrx_word' id='word_1_86' title='bbox 443 854 622 889; x_wconf 88' lang='lat' dir='ltr'>Talliatam:</span> <span class='ocrx_word' id='word_1_87' title='bbox 655 854 685 888; x_wconf 92' lang='lat' dir='ltr'>in</span> <span class='ocrx_word' id='word_1_88' title='bbox 709 854 882 899; x_wconf 85' lang='lat' dir='ltr'>principatu</span> <span class='ocrx_word' id='word_1_89' title='bbox 910 852 972 887; x_wconf 90' lang='lat' dir='ltr'>Be-</span> 
     </span>
     <span class='ocr_line' id='line_1_17' title="bbox 232 902 970 943; baseline -0.004 -4"><span class='ocrx_word' id='word_1_90' title='bbox 232 913 406 939; x_wconf 89' lang='lat' dir='ltr'>neventano</span> <span class='ocrx_word' id='word_1_91' title='bbox 431 903 506 938; x_wconf 90' lang='lat' dir='ltr'>eccl.</span> <span class='ocrx_word' id='word_1_92' title='bbox 541 903 674 939; x_wconf 81' lang='lat' dir='ltr'>Sanctae</span> <span class='ocrx_word' id='word_1_93' title='bbox 700 902 828 943; x_wconf 86' lang='lat' dir='ltr'>Mariae,</span> <span class='ocrx_word' id='word_1_94' title='bbox 866 902 970 937; x_wconf 83' lang='lat' dir='ltr'>Sancti</span> 
     </span>
     <span class='ocr_line' id='line_1_18' title="bbox 232 952 972 998; baseline -0.003 -10"><span class='ocrx_word' id='word_1_95' title='bbox 232 954 357 989; x_wconf 84' lang='lat' dir='ltr'>loannis</span> <span class='ocrx_word' id='word_1_96' title='bbox 384 954 413 988; x_wconf 91' lang='lat' dir='ltr'>in</span> <span class='ocrx_word' id='word_1_97' title='bbox 435 953 580 998; x_wconf 88' lang='lat' dir='ltr'>Barsiea,</span> <span class='ocrx_word' id='word_1_98' title='bbox 614 952 723 987; x_wconf 87' lang='lat' dir='ltr'>cellam</span> <span class='ocrx_word' id='word_1_99' title='bbox 751 952 856 987; x_wconf 86' lang='lat' dir='ltr'>Sancti</span> <span class='ocrx_word' id='word_1_100' title='bbox 886 953 972 986; x_wconf 83' lang='lat' dir='ltr'>Ana-</span> 
     </span>
     <span class='ocr_line' id='line_1_19' title="bbox 233 1001 973 1044; baseline -0.003 -7"><span class='ocrx_word' id='word_1_101' title='bbox 233 1004 335 1044; x_wconf 85' lang='lat' dir='ltr'>stasii,</span> <span class='ocrx_word' id='word_1_102' title='bbox 373 1003 403 1037; x_wconf 89' lang='lat' dir='ltr'>in</span> <span class='ocrx_word' id='word_1_103' title='bbox 442 1003 564 1037; x_wconf 88' lang='lat' dir='ltr'>civitate</span> <span class='ocrx_word' id='word_1_104' title='bbox 602 1002 822 1036; x_wconf 86' lang='lat' dir='ltr'>haereditatem</span> <span class='ocrx_word' id='word_1_105' title='bbox 857 1001 973 1036; x_wconf 82' lang='lat' dir='ltr'>Leonis</span> 
     </span>
     <span class='ocr_line' id='line_1_20' title="bbox 233 1050 973 1098; baseline -0.003 -11"><span class='ocrx_word' id='word_1_106' title='bbox 233 1052 360 1088; x_wconf 93' lang='lat' dir='ltr'>Pinnini</span> <span class='ocrx_word' id='word_1_107' title='bbox 387 1053 554 1098; x_wconf 81' lang='lat' dir='ltr'>integram:</span> <span class='ocrx_word' id='word_1_108' title='bbox 579 1053 608 1086; x_wconf 91' lang='lat' dir='ltr'>in</span> <span class='ocrx_word' id='word_1_109' title='bbox 631 1051 784 1086; x_wconf 88' lang='lat' dir='ltr'>Dalmatia</span> <span class='ocrx_word' id='word_1_110' title='bbox 806 1051 888 1098; x_wconf 90' lang='lat' dir='ltr'>apud</span> <span class='ocrx_word' id='word_1_111' title='bbox 906 1050 973 1085; x_wconf 87' lang='lat' dir='ltr'>Bel-</span> 
     </span>
     <span class='ocr_line' id='line_1_21' title="bbox 233 1100 972 1149; baseline -0.004 -12"><span class='ocrx_word' id='word_1_112' title='bbox 233 1102 429 1149; x_wconf 84' lang='lat' dir='ltr'>lumgradum</span> <span class='ocrx_word' id='word_1_113' title='bbox 456 1101 565 1137; x_wconf 88' lang='lat' dir='ltr'>cellam</span> <span class='ocrx_word' id='word_1_114' title='bbox 592 1101 698 1135; x_wconf 89' lang='lat' dir='ltr'>Sancti</span> <span class='ocrx_word' id='word_1_115' title='bbox 726 1100 884 1145; x_wconf 89' lang='lat' dir='ltr'>Thomae,</span> <span class='ocrx_word' id='word_1_116' title='bbox 922 1101 972 1135; x_wconf 90' lang='lat' dir='ltr'>si-</span> 
     </span>
     <span class='ocr_line' id='line_1_22' title="bbox 234 1151 973 1191; baseline -0.004 -4"><span class='ocrx_word' id='word_1_117' title='bbox 234 1152 348 1187; x_wconf 89' lang='lat' dir='ltr'>militer</span> <span class='ocrx_word' id='word_1_118' title='bbox 374 1152 465 1186; x_wconf 91' lang='lat' dir='ltr'>etiam</span> <span class='ocrx_word' id='word_1_119' title='bbox 504 1151 661 1186; x_wconf 84' lang='lat' dir='ltr'>teloneum</span> <span class='ocrx_word' id='word_1_120' title='bbox 684 1158 911 1191; x_wconf 89' lang='lat' dir='ltr'>mercatorum,</span> <span class='ocrx_word' id='word_1_121' title='bbox 943 1158 973 1184; x_wconf 88' lang='lat' dir='ltr'>et</span> 
     </span>
     <span class='ocr_line' id='line_1_23' title="bbox 51 1199 975 1250; baseline -0.003 -13"><span class='ocrx_word' id='word_1_122' title='bbox 51 1207 159 1245; x_wconf 52' lang='lat' dir='ltr'>‚Cum-¹¹²</span> <span class='ocrx_word' id='word_1_123' title='bbox 182 1208 222 1229; x_wconf 68' lang='lat' dir='ltr'>d‘-</span> <span class='ocrx_word' id='word_1_124' title='bbox 236 1202 381 1250; x_wconf 87' lang='lat' dir='ltr'>pretium,</span> <span class='ocrx_word' id='word_1_125' title='bbox 407 1200 618 1247; x_wconf 79' lang='lat' dir='ltr'>decimasque,</span> <span class='ocrx_word' id='word_1_126' title='bbox 650 1208 681 1234; x_wconf 90' lang='lat' dir='ltr'>et</span> <span class='ocrx_word' id='word_1_127' title='bbox 701 1199 873 1234; x_wconf 88' lang='lat' dir='ltr'>oblationes</span> <span class='ocrx_word' id='word_1_128' title='bbox 895 1211 975 1234; x_wconf 88' lang='lat' dir='ltr'>mor-</span> 
     </span>
     <span class='ocr_line' id='line_1_24' title="bbox 39 1245 974 1296; baseline -0.003 -9"><span class='ocrx_word' id='word_1_129' title='bbox 39 1245 146 1261; x_wconf 71' lang='lat'>⁰&#39;&#39;¹¹⁸&#39;&#39;¹&#39;²²&#39;</span> <span class='ocrx_word' id='word_1_130' title='bbox 235 1260 377 1292; x_wconf 85' lang='lat' dir='ltr'>tuorum,</span> <span class='ocrx_word' id='word_1_131' title='bbox 411 1262 447 1285; x_wconf 81' lang='lat' dir='ltr'>ex</span> <span class='ocrx_word' id='word_1_132' title='bbox 485 1249 633 1285; x_wconf 90' lang='lat' dir='ltr'>omnibus</span> <span class='ocrx_word' id='word_1_133' title='bbox 663 1249 782 1296; x_wconf 85' lang='lat' dir='ltr'>absque</span> <span class='ocrx_word' id='word_1_134' title='bbox 815 1249 974 1284; x_wconf 85' lang='lat' dir='ltr'>contradi-</span> 
     </span>
     <span class='ocr_line' id='line_1_25' title="bbox 233 1299 974 1347; baseline -0.003 -11"><span class='ocrx_word' id='word_1_135' title='bbox 233 1301 336 1336; x_wconf 86' lang='lat' dir='ltr'>ctione</span> <span class='ocrx_word' id='word_1_136' title='bbox 357 1300 460 1347; x_wconf 88' lang='lat' dir='ltr'>aliqua</span> <span class='ocrx_word' id='word_1_137' title='bbox 479 1300 619 1335; x_wconf 87' lang='lat' dir='ltr'>teneatis.</span> <span class='ocrx_word' id='word_1_138' title='bbox 642 1299 804 1334; x_wconf 88' lang='lat' dir='ltr'>Praeterea</span> <span class='ocrx_word' id='word_1_139' title='bbox 823 1311 877 1346; x_wconf 90' lang='lat' dir='ltr'>per</span> <span class='ocrx_word' id='word_1_140' title='bbox 893 1311 974 1346; x_wconf 87' lang='lat' dir='ltr'>prae-</span> 
     </span>
     <span class='ocr_line' id='line_1_26' title="bbox 233 1348 974 1397; baseline -0.003 -12"><span class='ocrx_word' id='word_1_141' title='bbox 233 1351 331 1385; x_wconf 92' lang='lat' dir='ltr'>sentis</span> <span class='ocrx_word' id='word_1_142' title='bbox 360 1350 475 1384; x_wconf 81' lang='lat' dir='ltr'>decreti</span> <span class='ocrx_word' id='word_1_143' title='bbox 506 1349 648 1397; x_wconf 83' lang='lat' dir='ltr'>paginam</span> <span class='ocrx_word' id='word_1_144' title='bbox 675 1348 844 1396; x_wconf 87' lang='lat' dir='ltr'>apostolica</span> <span class='ocrx_word' id='word_1_145' title='bbox 865 1357 974 1384; x_wconf 88' lang='lat' dir='ltr'>aucto-</span> 
     </span>
     <span class='ocr_line' id='line_1_27' title="bbox 233 1399 974 1445; baseline -0.004 -10"><span class='ocrx_word' id='word_1_146' title='bbox 233 1401 324 1435; x_wconf 85' lang='lat' dir='ltr'>ritate</span> <span class='ocrx_word' id='word_1_147' title='bbox 345 1399 520 1443; x_wconf 77' lang='lat' dir='ltr'>statuimus,</span> <span class='ocrx_word' id='word_1_148' title='bbox 542 1407 574 1433; x_wconf 92' lang='lat' dir='ltr'>ut</span> <span class='ocrx_word' id='word_1_149' title='bbox 595 1410 812 1445; x_wconf 88' lang='lat' dir='ltr'>quaecumque</span> <span class='ocrx_word' id='word_1_150' title='bbox 828 1399 857 1432; x_wconf 92' lang='lat' dir='ltr'>in</span> <span class='ocrx_word' id='word_1_151' title='bbox 877 1399 974 1442; x_wconf 91' lang='lat' dir='ltr'>cellis,</span> 
     </span>
     <span class='ocr_line' id='line_1_28' title="bbox 234 1447 975 1497; baseline -0.003 -13"><span class='ocrx_word' id='word_1_152' title='bbox 234 1450 264 1484; x_wconf 91' lang='lat' dir='ltr'>in</span> <span class='ocrx_word' id='word_1_153' title='bbox 287 1449 438 1490; x_wconf 85' lang='lat' dir='ltr'>ecclesiis,</span> <span class='ocrx_word' id='word_1_154' title='bbox 469 1449 499 1483; x_wconf 91' lang='lat' dir='ltr'>in</span> <span class='ocrx_word' id='word_1_155' title='bbox 527 1448 662 1495; x_wconf 80' lang='lat' dir='ltr'>oppidis,</span> <span class='ocrx_word' id='word_1_156' title='bbox 684 1447 776 1488; x_wconf 87' lang='lat' dir='ltr'>villis,</span> <span class='ocrx_word' id='word_1_157' title='bbox 798 1448 897 1488; x_wconf 87' lang='lat' dir='ltr'>silvis,</span> <span class='ocrx_word' id='word_1_158' title='bbox 925 1460 975 1497; x_wconf 62' lang='lat' dir='ltr'>pas</span> 
     </span>
     <span class='ocr_line' id='line_1_29' title="bbox 234 1497 974 1544; baseline -0.004 -10"><span class='ocrx_word' id='word_1_159' title='bbox 234 1499 328 1539; x_wconf 87' lang='lat' dir='ltr'>senis,</span> <span class='ocrx_word' id='word_1_160' title='bbox 352 1498 544 1539; x_wconf 79' lang='lat' dir='ltr'>fluminibus,</span> <span class='ocrx_word' id='word_1_161' title='bbox 568 1497 718 1544; x_wconf 84' lang='lat' dir='ltr'>portibus,</span> <span class='ocrx_word' id='word_1_162' title='bbox 738 1497 902 1542; x_wconf 78' lang='lat' dir='ltr'>littoribus,</span> <span class='ocrx_word' id='word_1_163' title='bbox 922 1498 974 1544; x_wconf 84' lang='lat' dir='ltr'>pi-</span> 
     </span>
     <span class='ocr_line' id='line_1_30' title="bbox 235 1547 976 1594; baseline -0.001 -11"><span class='ocrx_word' id='word_1_164' title='bbox 235 1549 342 1583; x_wconf 87' lang='lat' dir='ltr'>scariis</span> <span class='ocrx_word' id='word_1_165' title='bbox 368 1555 430 1582; x_wconf 88' lang='lat' dir='ltr'>tam</span> <span class='ocrx_word' id='word_1_166' title='bbox 453 1548 546 1582; x_wconf 88' lang='lat' dir='ltr'>maris</span> <span class='ocrx_word' id='word_1_167' title='bbox 567 1559 659 1594; x_wconf 89' lang='lat' dir='ltr'>quam</span> <span class='ocrx_word' id='word_1_168' title='bbox 687 1547 872 1588; x_wconf 84' lang='lat' dir='ltr'>ssuminuin,</span> <span class='ocrx_word' id='word_1_169' title='bbox 906 1559 976 1582; x_wconf 88' lang='lat' dir='ltr'>mo-</span> 
     </span>
     <span class='ocr_line' id='line_1_31' title="bbox 235 1596 976 1645; baseline -0.004 -12"><span class='ocrx_word' id='word_1_170' title='bbox 235 1598 446 1637; x_wconf 86' lang='lat' dir='ltr'>lendinorum,</span> <span class='ocrx_word' id='word_1_171' title='bbox 471 1609 621 1645; x_wconf 86' lang='lat' dir='ltr'>aquarum</span> <span class='ocrx_word' id='word_1_172' title='bbox 644 1596 840 1637; x_wconf 78' lang='lat' dir='ltr'>decursibus,</span> <span class='ocrx_word' id='word_1_173' title='bbox 864 1597 892 1631; x_wconf 89' lang='lat' dir='ltr'>in</span> <span class='ocrx_word' id='word_1_174' title='bbox 908 1609 976 1631; x_wconf 88' lang='lat' dir='ltr'>ser-</span> 
     </span>
     <span class='ocr_line' id='line_1_32' title="bbox 236 1646 977 1692; baseline 0 -11"><span class='ocrx_word' id='word_1_175' title='bbox 236 1648 283 1682; x_wconf 86' lang='lat' dir='ltr'>vis</span> <span class='ocrx_word' id='word_1_176' title='bbox 303 1655 334 1682; x_wconf 88' lang='lat' dir='ltr'>et</span> <span class='ocrx_word' id='word_1_177' title='bbox 359 1646 490 1688; x_wconf 90' lang='lat' dir='ltr'>ancillis,</span> <span class='ocrx_word' id='word_1_178' title='bbox 517 1655 548 1681; x_wconf 89' lang='lat' dir='ltr'>et</span> <span class='ocrx_word' id='word_1_179' title='bbox 568 1646 759 1692; x_wconf 85' lang='lat' dir='ltr'>quibuslibet</span> <span class='ocrx_word' id='word_1_180' title='bbox 794 1646 886 1681; x_wconf 90' lang='lat' dir='ltr'>rebus</span> <span class='ocrx_word' id='word_1_181' title='bbox 908 1659 977 1681; x_wconf 89' lang='lat' dir='ltr'>mo-</span> 
     </span>
     <span class='ocr_line' id='line_1_33' title="bbox 53 1694 974 1737; baseline -0.001 -5"><span class='ocrx_word' id='word_1_182' title='bbox 53 1694 224 1716; x_wconf 74' lang='lat'>⁰¹¹¹¹¹⁵¹³¹¹¹⁰⁰¹¹·</span> <span class='ocrx_word' id='word_1_183' title='bbox 237 1697 354 1732; x_wconf 88' lang='lat' dir='ltr'>bilibus</span> <span class='ocrx_word' id='word_1_184' title='bbox 385 1705 414 1731; x_wconf 92' lang='lat' dir='ltr'>et</span> <span class='ocrx_word' id='word_1_185' title='bbox 443 1695 676 1737; x_wconf 90' lang='lat' dir='ltr'>immobilibus,</span> <span class='ocrx_word' id='word_1_186' title='bbox 713 1695 804 1730; x_wconf 90' lang='lat' dir='ltr'>hodie</span> <span class='ocrx_word' id='word_1_187' title='bbox 840 1705 974 1731; x_wconf 82' lang='lat' dir='ltr'>vestrum</span> 
     </span>
    </p>
   </div>
   <div class='ocr_carea' id='block_1_6' title="bbox 43 1727 975 1793">
    <p class='ocr_par' dir='ltr' id='par_1_6' title="bbox 43 1727 975 1793">
     <span class='ocr_line' id='line_1_34' title="bbox 43 1727 975 1793; baseline -0.003 -10"><span class='ocrx_word' id='word_1_188' title='bbox 43 1727 137 1783; x_wconf 41' lang='lat' dir='ltr'>iiiii-²¹¹3</span> <span class='ocrx_word' id='word_1_189' title='bbox 151 1729 228 1776; x_wconf 44' lang='lat'>”¹2:35</span> <span class='ocrx_word' id='word_1_190' title='bbox 238 1746 424 1782; x_wconf 90' lang='lat' dir='ltr'>coenobium</span> <span class='ocrx_word' id='word_1_191' title='bbox 448 1746 527 1780; x_wconf 88' lang='lat' dir='ltr'>iuste</span> <span class='ocrx_word' id='word_1_192' title='bbox 542 1745 691 1793; x_wconf 79' lang='lat' dir='ltr'>possidet,</span> <span class='ocrx_word' id='word_1_193' title='bbox 710 1746 756 1780; x_wconf 90' lang='lat' dir='ltr'>vel</span> <span class='ocrx_word' id='word_1_194' title='bbox 776 1745 805 1779; x_wconf 94' lang='lat' dir='ltr'>in</span> <span class='ocrx_word' id='word_1_195' title='bbox 826 1745 975 1786; x_wconf 83' lang='lat' dir='ltr'>futurum,</span> 
     </span>
    </p>
   </div>
   <div class='ocr_carea' id='block_1_7' title="bbox 43 1786 982 2636">
    <p class='ocr_par' dir='ltr' id='par_1_7' title="bbox 43 1786 982 2636">
     <span class='ocr_line' id='line_1_35' title="bbox 43 1786 947 1813; baseline 0 -6"><span class='ocrx_word' id='word_1_196' title='bbox 43 1788 137 1811; x_wconf 73' lang='lat' dir='ltr'>sterium,</span> <span class='ocrx_word' id='word_1_197' title='bbox 146 1786 181 1807; x_wconf 76' lang='lat' dir='ltr'>vel</span> <span class='ocrx_word' id='word_1_198' title='bbox 190 1791 227 1813; x_wconf 80' lang='lat' dir='ltr'>po-</span> <span class='ocrx_word' id='word_1_199' title='bbox 240 1796 246 1802; x_wconf 91' lang='lat'>·</span> <span class='ocrx_word' id='word_1_200' title='bbox 477 1796 482 1801; x_wconf 81' lang='lat'>=</span> <span class='ocrx_word' id='word_1_201' title='bbox 753 1796 758 1800; x_wconf 93' lang='lat'><em>-</em></span> <span class='ocrx_word' id='word_1_202' title='bbox 943 1797 947 1801; x_wconf 94' lang='lat'><em>·</em></span> 
     </span>
     <span class='ocr_line' id='line_1_36' title="bbox 44 1795 975 1842; baseline 0 -12"><span class='ocrx_word' id='word_1_203' title='bbox 44 1819 122 1838; x_wconf 60' lang='lat' dir='ltr'>,emm</span> <span class='ocrx_word' id='word_1_204' title='bbox 136 1817 225 1838; x_wconf 60' lang='lat' dir='ltr'>mmmm</span> <span class='ocrx_word' id='word_1_205' title='bbox 239 1804 363 1831; x_wconf 81' lang='lat' dir='ltr'>iuvante</span> <span class='ocrx_word' id='word_1_206' title='bbox 391 1795 546 1839; x_wconf 84' lang='lat' dir='ltr'>Domino,</span> <span class='ocrx_word' id='word_1_207' title='bbox 568 1803 648 1829; x_wconf 79' lang='lat' dir='ltr'>iuste</span> <span class='ocrx_word' id='word_1_208' title='bbox 670 1807 829 1842; x_wconf 83' lang='lat' dir='ltr'>acquirere</span> <span class='ocrx_word' id='word_1_209' title='bbox 852 1803 975 1842; x_wconf 84' lang='lat' dir='ltr'>poterit,</span> 
     </span>
     <span class='ocr_line' id='line_1_37' title="bbox 44 1844 977 1892; baseline 0.002 -14"><span class='ocrx_word' id='word_1_210' title='bbox 44 1851 139 1878; x_wconf 61' lang='lat' dir='ltr'>adipisci·</span> <span class='ocrx_word' id='word_1_211' title='bbox 239 1844 327 1880; x_wconf 83' lang='lat' dir='ltr'>firma</span> <span class='ocrx_word' id='word_1_212' title='bbox 361 1845 447 1879; x_wconf 83' lang='lat' dir='ltr'>vobis</span> <span class='ocrx_word' id='word_1_213' title='bbox 473 1846 645 1892; x_wconf 89' lang='lat' dir='ltr'>vestrisque</span> <span class='ocrx_word' id='word_1_214' title='bbox 672 1844 920 1885; x_wconf 88' lang='lat' dir='ltr'>successoribus,</span> <span class='ocrx_word' id='word_1_215' title='bbox 947 1853 977 1880; x_wconf 91' lang='lat' dir='ltr'>et</span> 
     </span>
     <span class='ocr_line' id='line_1_38' title="bbox 238 1893 977 1941; baseline 0.001 -12"><span class='ocrx_word' id='word_1_216' title='bbox 238 1894 353 1929; x_wconf 87' lang='lat' dir='ltr'>illibata</span> <span class='ocrx_word' id='word_1_217' title='bbox 385 1902 596 1941; x_wconf 90' lang='lat' dir='ltr'>permaneant.</span> <span class='ocrx_word' id='word_1_218' title='bbox 624 1893 767 1928; x_wconf 86' lang='lat' dir='ltr'>Chrisina</span> <span class='ocrx_word' id='word_1_219' title='bbox 794 1906 880 1935; x_wconf 88' lang='lat' dir='ltr'>vero,</span> <span class='ocrx_word' id='word_1_220' title='bbox 902 1907 977 1930; x_wconf 86' lang='lat' dir='ltr'>con·</span> 
     </span>
     <span class='ocr_line' id='line_1_39' title="bbox 237 1943 978 1988; baseline 0 -9"><span class='ocrx_word' id='word_1_221' title='bbox 237 1944 428 1979; x_wconf 85' lang='lat' dir='ltr'>secrationes</span> <span class='ocrx_word' id='word_1_222' title='bbox 449 1943 590 1978; x_wconf 88' lang='lat' dir='ltr'>altarium</span> <span class='ocrx_word' id='word_1_223' title='bbox 613 1956 668 1978; x_wconf 92' lang='lat' dir='ltr'>seu</span> <span class='ocrx_word' id='word_1_224' title='bbox 695 1943 906 1988; x_wconf 86' lang='lat' dir='ltr'>basilicarum,</span> <span class='ocrx_word' id='word_1_225' title='bbox 931 1956 978 1979; x_wconf 91' lang='lat' dir='ltr'>or-</span> 
     </span>
     <span class='ocr_line' id='line_1_40' title="bbox 239 1993 976 2041; baseline 0 -13"><span class='ocrx_word' id='word_1_226' title='bbox 239 1993 415 2029; x_wconf 90' lang='lat' dir='ltr'>dinationes</span> <span class='ocrx_word' id='word_1_227' title='bbox 448 1993 579 2028; x_wconf 87' lang='lat' dir='ltr'>aliorum</span> <span class='ocrx_word' id='word_1_228' title='bbox 616 1993 819 2034; x_wconf 86' lang='lat' dir='ltr'>elericorum,</span> <span class='ocrx_word' id='word_1_229' title='bbox 854 1994 906 2041; x_wconf 95' lang='lat' dir='ltr'>qui</span> <span class='ocrx_word' id='word_1_230' title='bbox 939 1994 976 2028; x_wconf 88' lang='lat' dir='ltr'>ad</span> 
     </span>
     <span class='ocr_line' id='line_1_41' title="bbox 239 2042 978 2090; baseline 0 -12"><span class='ocrx_word' id='word_1_231' title='bbox 239 2055 344 2079; x_wconf 88' lang='lat' dir='ltr'>sacros</span> <span class='ocrx_word' id='word_1_232' title='bbox 364 2050 437 2078; x_wconf 90' lang='lat' dir='ltr'>sunt</span> <span class='ocrx_word' id='word_1_233' title='bbox 467 2042 593 2078; x_wconf 88' lang='lat' dir='ltr'>ordines</span> <span class='ocrx_word' id='word_1_234' title='bbox 616 2043 832 2090; x_wconf 87' lang='lat' dir='ltr'>promovendi,</span> <span class='ocrx_word' id='word_1_235' title='bbox 858 2055 875 2078; x_wconf 93' lang='lat' dir='ltr'>a</span> <span class='ocrx_word' id='word_1_236' title='bbox 897 2056 978 2090; x_wconf 90' lang='lat' dir='ltr'>quo-</span> 
     </span>
     <span class='ocr_line' id='line_1_42' title="bbox 239 2092 979 2140; baseline -0.001 -12"><span class='ocrx_word' id='word_1_237' title='bbox 239 2104 375 2140; x_wconf 90' lang='lat' dir='ltr'>cumque</span> <span class='ocrx_word' id='word_1_238' title='bbox 389 2092 549 2128; x_wconf 87' lang='lat' dir='ltr'>volueritis</span> <span class='ocrx_word' id='word_1_239' title='bbox 569 2092 723 2127; x_wconf 88' lang='lat' dir='ltr'>catholico</span> <span class='ocrx_word' id='word_1_240' title='bbox 744 2092 902 2140; x_wconf 85' lang='lat' dir='ltr'>accipiatis</span> <span class='ocrx_word' id='word_1_241' title='bbox 916 2093 979 2140; x_wconf 91' lang='lat' dir='ltr'>epi-</span> 
     </span>
     <span class='ocr_line' id='line_1_43' title="bbox 240 2141 978 2190; baseline 0 -12"><span class='ocrx_word' id='word_1_242' title='bbox 240 2154 348 2190; x_wconf 86' lang='lat' dir='ltr'>scopo.</span> <span class='ocrx_word' id='word_1_243' title='bbox 389 2142 472 2177; x_wconf 86' lang='lat' dir='ltr'>Intra</span> <span class='ocrx_word' id='word_1_244' title='bbox 513 2143 607 2177; x_wconf 89' lang='lat' dir='ltr'>totius</span> <span class='ocrx_word' id='word_1_245' title='bbox 646 2141 786 2190; x_wconf 86' lang='lat' dir='ltr'>abbatiae</span> <span class='ocrx_word' id='word_1_246' title='bbox 827 2143 978 2178; x_wconf 88' lang='lat' dir='ltr'>terminos</span> 
     </span>
     <span class='ocr_line' id='line_1_44' title="bbox 241 2191 979 2240; baseline -0.001 -13"><span class='ocrx_word' id='word_1_247' title='bbox 241 2192 347 2227; x_wconf 90' lang='lat' dir='ltr'>nullus</span> <span class='ocrx_word' id='word_1_248' title='bbox 371 2192 548 2239; x_wconf 89' lang='lat' dir='ltr'>episcopus,</span> <span class='ocrx_word' id='word_1_249' title='bbox 582 2191 642 2226; x_wconf 74' lang='lat' dir='ltr'>nisi</span> <span class='ocrx_word' id='word_1_250' title='bbox 664 2204 681 2226; x_wconf 89' lang='lat' dir='ltr'>a</span> <span class='ocrx_word' id='word_1_251' title='bbox 702 2199 731 2227; x_wconf 91' lang='lat' dir='ltr'>te</span> <span class='ocrx_word' id='word_1_252' title='bbox 752 2192 910 2237; x_wconf 85' lang='lat' dir='ltr'>invitatus,</span> <span class='ocrx_word' id='word_1_253' title='bbox 934 2205 979 2240; x_wconf 85' lang='lat' dir='ltr'>sy-</span> 
     </span>
     <span class='ocr_line' id='line_1_45' title="bbox 240 2241 979 2282; baseline 0 -6"><span class='ocrx_word' id='word_1_254' title='bbox 240 2241 358 2276; x_wconf 93' lang='lat' dir='ltr'>nodum</span> <span class='ocrx_word' id='word_1_255' title='bbox 385 2241 553 2282; x_wconf 83' lang='lat' dir='ltr'>celebrare,</span> <span class='ocrx_word' id='word_1_256' title='bbox 589 2241 636 2275; x_wconf 92' lang='lat' dir='ltr'>vel</span> <span class='ocrx_word' id='word_1_257' title='bbox 662 2241 792 2277; x_wconf 88' lang='lat' dir='ltr'>clericos</span> <span class='ocrx_word' id='word_1_258' title='bbox 822 2242 979 2276; x_wconf 90' lang='lat' dir='ltr'>constrin-</span> 
     </span>
     <span class='ocr_line' id='line_1_46' title="bbox 241 2290 979 2337; baseline 0 -11"><span class='ocrx_word' id='word_1_259' title='bbox 241 2303 315 2337; x_wconf 81' lang='lat' dir='ltr'>gere</span> <span class='ocrx_word' id='word_1_260' title='bbox 335 2290 457 2335; x_wconf 86' lang='lat' dir='ltr'>audeat,</span> <span class='ocrx_word' id='word_1_261' title='bbox 483 2299 517 2325; x_wconf 89' lang='lat' dir='ltr'>ut</span> <span class='ocrx_word' id='word_1_262' title='bbox 538 2290 691 2336; x_wconf 84' lang='lat' dir='ltr'>intelligas</span> <span class='ocrx_word' id='word_1_263' title='bbox 712 2303 816 2325; x_wconf 90' lang='lat' dir='ltr'>curam</span> <span class='ocrx_word' id='word_1_264' title='bbox 840 2291 920 2326; x_wconf 90' lang='lat' dir='ltr'>hanc</span> <span class='ocrx_word' id='word_1_265' title='bbox 941 2291 979 2326; x_wconf 90' lang='lat' dir='ltr'>ad</span> 
     </span>
     <span class='ocr_line' id='line_1_47' title="bbox 243 2340 978 2387; baseline 0 -12"><span class='ocrx_word' id='word_1_266' title='bbox 243 2349 327 2375; x_wconf 90' lang='lat' dir='ltr'>tuam</span> <span class='ocrx_word' id='word_1_267' title='bbox 349 2340 578 2375; x_wconf 87' lang='lat' dir='ltr'>solicitudinem</span> <span class='ocrx_word' id='word_1_268' title='bbox 609 2340 764 2387; x_wconf 87' lang='lat' dir='ltr'>pertinere</span> <span class='ocrx_word' id='word_1_269' title='bbox 791 2352 853 2375; x_wconf 91' lang='lat' dir='ltr'>non</span> <span class='ocrx_word' id='word_1_270' title='bbox 880 2341 978 2382; x_wconf 88' lang='lat' dir='ltr'>aliter,</span> 
     </span>
     <span class='ocr_line' id='line_1_48' title="bbox 50 2387 980 2440; baseline 0.001 -16"><span class='ocrx_word' id='word_1_271' title='bbox 50 2387 230 2440; x_wconf 46' lang='lat' dir='ltr'>Jffi’gga‘fflfiffi</span> <span class='ocrx_word' id='word_1_272' title='bbox 243 2402 336 2438; x_wconf 90' lang='lat' dir='ltr'>quam</span> <span class='ocrx_word' id='word_1_273' title='bbox 358 2390 423 2424; x_wconf 89' lang='lat' dir='ltr'>vice</span> <span class='ocrx_word' id='word_1_274' title='bbox 445 2389 499 2424; x_wconf 91' lang='lat' dir='ltr'>tibi</span> <span class='ocrx_word' id='word_1_275' title='bbox 526 2401 543 2424; x_wconf 87' lang='lat' dir='ltr'>a</span> <span class='ocrx_word' id='word_1_276' title='bbox 569 2390 659 2424; x_wconf 89' lang='lat' dir='ltr'>nobis</span> <span class='ocrx_word' id='word_1_277' title='bbox 679 2389 810 2425; x_wconf 90' lang='lat' dir='ltr'>indulta.</span> <span class='ocrx_word' id='word_1_278' title='bbox 836 2389 980 2425; x_wconf 89' lang='lat' dir='ltr'>Obeunte</span> 
     </span>
     <span class='ocr_line' id='line_1_49' title="bbox 50 2438 979 2485; baseline -0.002 -9"><span class='ocrx_word' id='word_1_279' title='bbox 50 2451 135 2476; x_wconf 52' lang='lat' dir='ltr'>urendo,</span> <span class='ocrx_word' id='word_1_280' title='bbox 154 2455 167 2470; x_wconf 71' lang='lat' dir='ltr'>a</span> <span class='ocrx_word' id='word_1_281' title='bbox 185 2448 231 2485; x_wconf 57' lang='lat'>310-</span> <span class='ocrx_word' id='word_1_282' title='bbox 244 2451 316 2474; x_wconf 90' lang='lat' dir='ltr'>vero</span> <span class='ocrx_word' id='word_1_283' title='bbox 337 2448 378 2480; x_wconf 83' lang='lat' dir='ltr'>te,</span> <span class='ocrx_word' id='word_1_284' title='bbox 397 2438 540 2474; x_wconf 84' lang='lat' dir='ltr'>eiusdem</span> <span class='ocrx_word' id='word_1_285' title='bbox 562 2438 621 2474; x_wconf 88' lang='lat' dir='ltr'>loci</span> <span class='ocrx_word' id='word_1_286' title='bbox 642 2438 764 2480; x_wconf 83' lang='lat' dir='ltr'>abbate,</span> <span class='ocrx_word' id='word_1_287' title='bbox 786 2439 833 2474; x_wconf 92' lang='lat' dir='ltr'>vel</span> <span class='ocrx_word' id='word_1_288' title='bbox 856 2447 979 2474; x_wconf 87' lang='lat' dir='ltr'>tuorum</span> 
     </span>
     <span class='ocr_line' id='line_1_50' title="bbox 49 2480 982 2536; baseline -0.001 -12"><span class='ocrx_word' id='word_1_289' title='bbox 49 2480 231 2534; x_wconf 54' lang='lat' dir='ltr'>ssJJs{,.f‚‘’„¹¹&lt;,¹,¹,s;f⁰</span> <span class='ocrx_word' id='word_1_290' title='bbox 244 2488 385 2536; x_wconf 90' lang='lat' dir='ltr'>quolibet</span> <span class='ocrx_word' id='word_1_291' title='bbox 408 2500 637 2530; x_wconf 89' lang='lat' dir='ltr'>successorum,</span> <span class='ocrx_word' id='word_1_292' title='bbox 659 2488 764 2524; x_wconf 91' lang='lat' dir='ltr'>nullus</span> <span class='ocrx_word' id='word_1_293' title='bbox 785 2488 827 2523; x_wconf 92' lang='lat' dir='ltr'>ibi</span> <span class='ocrx_word' id='word_1_294' title='bbox 845 2489 982 2536; x_wconf 90' lang='lat' dir='ltr'>qualibet</span> 
     </span>
     <span class='ocr_line' id='line_1_51' title="bbox 244 2537 982 2585; baseline 0 -12"><span class='ocrx_word' id='word_1_295' title='bbox 244 2538 356 2574; x_wconf 89' lang='lat' dir='ltr'>astutia</span> <span class='ocrx_word' id='word_1_296' title='bbox 393 2538 440 2572; x_wconf 87' lang='lat' dir='ltr'>vel</span> <span class='ocrx_word' id='word_1_297' title='bbox 473 2537 620 2572; x_wconf 89' lang='lat' dir='ltr'>violentia</span> <span class='ocrx_word' id='word_1_298' title='bbox 655 2547 883 2585; x_wconf 83' lang='lat' dir='ltr'>praeponatur,</span> <span class='ocrx_word' id='word_1_299' title='bbox 924 2538 982 2573; x_wconf 90' lang='lat' dir='ltr'>nisi</span> 
     </span>
     <span class='ocr_line' id='line_1_52' title="bbox 244 2586 981 2636; baseline -0.001 -13"><span class='ocrx_word' id='word_1_300' title='bbox 244 2599 338 2636; x_wconf 89' lang='lat' dir='ltr'>quem</span> <span class='ocrx_word' id='word_1_301' title='bbox 375 2586 484 2623; x_wconf 87' lang='lat' dir='ltr'>fratres</span> <span class='ocrx_word' id='word_1_302' title='bbox 522 2588 682 2622; x_wconf 90' lang='lat' dir='ltr'>communi</span> <span class='ocrx_word' id='word_1_303' title='bbox 718 2599 894 2631; x_wconf 89' lang='lat' dir='ltr'>consensu,</span> <span class='ocrx_word' id='word_1_304' title='bbox 936 2587 981 2623; x_wconf 89' lang='lat' dir='ltr'>vel</span> 
     </span>
    </p>
   </div>
   <div class='ocr_carea' id='block_1_8' title="bbox 320 2643 829 2677">
    <p class='ocr_par' dir='ltr' id='par_1_8' title="bbox 320 2643 829 2677">
     <span class='ocr_line' id='line_1_53' title="bbox 320 2643 829 2677; baseline 0.002 -1"><span class='ocrx_word' id='word_1_305' title='bbox 320 2644 395 2676; x_wconf 74' lang='lat' dir='ltr'>Ball.</span> <span class='ocrx_word' id='word_1_306' title='bbox 411 2643 488 2674; x_wconf 81' lang='lat' dir='ltr'>Rom.</span> <span class='ocrx_word' id='word_1_307' title='bbox 509 2643 564 2674; x_wconf 79' lang='lat' dir='ltr'>Vol.</span> <span class='ocrx_word' id='word_1_308' title='bbox 584 2644 620 2674; x_wconf 88' lang='grc' dir='ltr'>ΙΙ.</span> <span class='ocrx_word' id='word_1_309' title='bbox 773 2645 829 2677; x_wconf 74' lang='lat'>100</span> 
     </span>
    </p>
   </div>
   <div class='ocr_carea' id='block_1_9' title="bbox 1010 308 1953 2624">
    <p class='ocr_par' dir='ltr' id='par_1_9' title="bbox 1010 308 1952 2183">
     <span class='ocr_line' id='line_1_54' title="bbox 1012 308 1748 355; baseline 0 -13"><span class='ocrx_word' id='word_1_310' title='bbox 1012 309 1197 350; x_wconf 82' lang='lat' dir='ltr'>Dominum,</span> <span class='ocrx_word' id='word_1_311' title='bbox 1236 318 1265 343; x_wconf 85' lang='lat' dir='ltr'>et</span> <span class='ocrx_word' id='word_1_312' title='bbox 1303 310 1381 343; x_wconf 79' lang='lat' dir='ltr'>beati</span> <span class='ocrx_word' id='word_1_313' title='bbox 1416 308 1576 344; x_wconf 81' lang='lat' dir='ltr'>Benedicti</span> <span class='ocrx_word' id='word_1_314' title='bbox 1611 308 1748 355; x_wconf 86' lang='lat' dir='ltr'>regulam</span> 
     </span>
     <span class='ocr_line' id='line_1_55' title="bbox 1010 357 1748 404; baseline 0 -13"><span class='ocrx_word' id='word_1_315' title='bbox 1010 358 1176 404; x_wconf 64' lang='lat' dir='ltr'>elegerint,</span> <span class='ocrx_word' id='word_1_316' title='bbox 1203 359 1321 393; x_wconf 85' lang='lat' dir='ltr'>electus</span> <span class='ocrx_word' id='word_1_317' title='bbox 1346 367 1472 402; x_wconf 88' lang='lat' dir='ltr'>autem,</span> <span class='ocrx_word' id='word_1_318' title='bbox 1505 359 1542 393; x_wconf 88' lang='lat' dir='ltr'>ad</span> <span class='ocrx_word' id='word_1_319' title='bbox 1571 357 1748 392; x_wconf 79' lang='lat' dir='ltr'>Romanum</span> 
     </span>
     <span class='ocr_line' id='line_1_56' title="bbox 1011 406 1749 442; baseline 0.001 -2"><span class='ocrx_word' id='word_1_320' title='bbox 1011 407 1193 442; x_wconf 84' lang='lat' dir='ltr'>l’ontiliccm</span> <span class='ocrx_word' id='word_1_321' title='bbox 1238 408 1467 442; x_wconf 86' lang='lat' dir='ltr'>consecrandus</span> <span class='ocrx_word' id='word_1_322' title='bbox 1503 407 1638 442; x_wconf 85' lang='lat' dir='ltr'>accedat.</span> <span class='ocrx_word' id='word_1_323' title='bbox 1686 406 1749 441; x_wconf 86' lang='lat' dir='ltr'>Vos</span> 
     </span>
     <span class='ocr_line' id='line_1_57' title="bbox 1012 457 1944 504; baseline 0 -14"><span class='ocrx_word' id='word_1_324' title='bbox 1012 468 1101 499; x_wconf 84' lang='lat' dir='ltr'>vero,</span> <span class='ocrx_word' id='word_1_325' title='bbox 1129 458 1181 490; x_wconf 85' lang='lat' dir='ltr'>lilii</span> <span class='ocrx_word' id='word_1_326' title='bbox 1216 457 1246 490; x_wconf 93' lang='lat' dir='ltr'>in</span> <span class='ocrx_word' id='word_1_327' title='bbox 1279 457 1404 491; x_wconf 77' lang='lat' dir='ltr'>Christo</span> <span class='ocrx_word' id='word_1_328' title='bbox 1432 457 1581 503; x_wconf 81' lang='lat' dir='ltr'>legitimi,</span> <span class='ocrx_word' id='word_1_329' title='bbox 1615 465 1747 504; x_wconf 84' lang='lat' dir='ltr'>oportet,</span> <span class='ocrx_word' id='word_1_330' title='bbox 1777 466 1805 486; x_wconf 75' lang='lat' dir='ltr'>Ad</span> <span class='ocrx_word' id='word_1_331' title='bbox 1830 465 1944 501; x_wconf 56' lang='lat' dir='ltr'>monachos</span> 
     </span>
     <span class='ocr_line' id='line_1_58' title="bbox 1010 498 1887 553; baseline 0 -14"><span class='ocrx_word' id='word_1_332' title='bbox 1010 506 1151 540; x_wconf 88' lang='lat' dir='ltr'>collatam</span> <span class='ocrx_word' id='word_1_333' title='bbox 1180 506 1266 540; x_wconf 88' lang='lat' dir='ltr'>vobis</span> <span class='ocrx_word' id='word_1_334' title='bbox 1287 507 1416 553; x_wconf 82' lang='lat' dir='ltr'>gratiam</span> <span class='ocrx_word' id='word_1_335' title='bbox 1445 507 1474 540; x_wconf 91' lang='lat' dir='ltr'>in</span> <span class='ocrx_word' id='word_1_336' title='bbox 1505 505 1650 540; x_wconf 85' lang='lat' dir='ltr'>omnibus</span> <span class='ocrx_word' id='word_1_337' title='bbox 1671 517 1750 541; x_wconf 87' lang='lat' dir='ltr'>con-</span> <span class='ocrx_word' id='word_1_338' title='bbox 1762 498 1887 518; x_wconf 66' lang='lat'><strong>³¹¹¹¹⁰‘¹³¹&#39;⁰&#39;</strong></span> 
     </span>
     <span class='ocr_line' id='line_1_59' title="bbox 1011 554 1748 602; baseline 0.001 -14"><span class='ocrx_word' id='word_1_339' title='bbox 1011 554 1238 598; x_wconf 85' lang='lat' dir='ltr'>stitutionibus,</span> <span class='ocrx_word' id='word_1_340' title='bbox 1264 564 1294 590; x_wconf 84' lang='lat' dir='ltr'>ct</span> <span class='ocrx_word' id='word_1_341' title='bbox 1321 557 1412 590; x_wconf 89' lang='lat' dir='ltr'>tantis</span> <span class='ocrx_word' id='word_1_342' title='bbox 1433 555 1525 590; x_wconf 81' lang='lat' dir='ltr'>Sedis</span> <span class='ocrx_word' id='word_1_343' title='bbox 1550 556 1748 602; x_wconf 88' lang='lat' dir='ltr'>Apostolicae</span> 
     </span>
     <span class='ocr_line' id='line_1_60' title="bbox 1012 604 1749 652; baseline 0.003 -15"><span class='ocrx_word' id='word_1_344' title='bbox 1012 604 1171 639; x_wconf 81' lang='lat' dir='ltr'>beneficiis</span> <span class='ocrx_word' id='word_1_345' title='bbox 1215 604 1318 650; x_wconf 82' lang='lat' dir='ltr'>dignis</span> <span class='ocrx_word' id='word_1_346' title='bbox 1357 605 1505 652; x_wconf 85' lang='lat' dir='ltr'>operibus</span> <span class='ocrx_word' id='word_1_347' title='bbox 1543 604 1749 652; x_wconf 72' lang='lat' dir='ltr'>respondere,</span> 
     </span>
     <span class='ocr_line' id='line_1_61' title="bbox 1012 654 1750 695; baseline 0.001 -8"><span class='ocrx_word' id='word_1_348' title='bbox 1012 665 1069 688; x_wconf 90' lang='lat' dir='ltr'>nec</span> <span class='ocrx_word' id='word_1_349' title='bbox 1097 654 1235 688; x_wconf 87' lang='lat' dir='ltr'>libertate</span> <span class='ocrx_word' id='word_1_350' title='bbox 1264 655 1319 688; x_wconf 85' lang='lat' dir='ltr'>hae</span> <span class='ocrx_word' id='word_1_351' title='bbox 1350 654 1381 688; x_wconf 90' lang='lat' dir='ltr'>in</span> <span class='ocrx_word' id='word_1_352' title='bbox 1412 655 1608 689; x_wconf 85' lang='lat' dir='ltr'>occasionem</span> <span class='ocrx_word' id='word_1_353' title='bbox 1631 654 1750 695; x_wconf 87' lang='lat' dir='ltr'>carnis,</span> 
     </span>
     <span class='ocr_line' id='line_1_62' title="bbox 1011 703 1751 751; baseline 0.001 -15"><span class='ocrx_word' id='word_1_354' title='bbox 1011 712 1040 737; x_wconf 93' lang='lat' dir='ltr'>et</span> <span class='ocrx_word' id='word_1_355' title='bbox 1059 703 1209 737; x_wconf 87' lang='lat' dir='ltr'>velamine</span> <span class='ocrx_word' id='word_1_356' title='bbox 1232 703 1365 738; x_wconf 86' lang='lat' dir='ltr'>malitiae</span> <span class='ocrx_word' id='word_1_357' title='bbox 1380 703 1568 738; x_wconf 80' lang='lat' dir='ltr'>abutamini:</span> <span class='ocrx_word' id='word_1_358' title='bbox 1591 712 1621 738; x_wconf 91' lang='lat' dir='ltr'>et</span> <span class='ocrx_word' id='word_1_359' title='bbox 1635 712 1751 751; x_wconf 88' lang='lat' dir='ltr'>quanto</span> 
     </span>
     <span class='ocr_line' id='line_1_63' title="bbox 1011 752 1751 797; baseline 0.001 -11"><span class='ocrx_word' id='word_1_360' title='bbox 1011 764 1027 786; x_wconf 89' lang='lat' dir='ltr'>a</span> <span class='ocrx_word' id='word_1_361' title='bbox 1053 752 1266 787; x_wconf 83' lang='lat' dir='ltr'>saecularibus</span> <span class='ocrx_word' id='word_1_362' title='bbox 1287 753 1472 787; x_wconf 90' lang='lat' dir='ltr'>tumultibus</span> <span class='ocrx_word' id='word_1_363' title='bbox 1488 753 1646 787; x_wconf 85' lang='lat' dir='ltr'>liberiores</span> <span class='ocrx_word' id='word_1_364' title='bbox 1664 753 1751 797; x_wconf 89' lang='lat' dir='ltr'>estis,</span> 
     </span>
     <span class='ocr_line' id='line_1_64' title="bbox 1012 802 1752 848; baseline 0.001 -13"><span class='ocrx_word' id='word_1_365' title='bbox 1012 810 1096 836; x_wconf 89' lang='lat' dir='ltr'>tanto</span> <span class='ocrx_word' id='word_1_366' title='bbox 1113 802 1247 848; x_wconf 89' lang='lat' dir='ltr'>amplius</span> <span class='ocrx_word' id='word_1_367' title='bbox 1263 802 1382 848; x_wconf 86' lang='lat' dir='ltr'>placere</span> <span class='ocrx_word' id='word_1_368' title='bbox 1400 802 1535 837; x_wconf 89' lang='lat' dir='ltr'>Domino</span> <span class='ocrx_word' id='word_1_369' title='bbox 1550 802 1621 837; x_wconf 87' lang='lat' dir='ltr'>totis</span> <span class='ocrx_word' id='word_1_370' title='bbox 1640 803 1752 837; x_wconf 83' lang='lat' dir='ltr'>mentis</span> 
     </span>
     <span class='ocr_line' id='line_1_65' title="bbox 1012 851 1752 898; baseline 0 -12"><span class='ocrx_word' id='word_1_371' title='bbox 1012 859 1042 886; x_wconf 90' lang='lat' dir='ltr'>et</span> <span class='ocrx_word' id='word_1_372' title='bbox 1062 851 1183 886; x_wconf 87' lang='lat' dir='ltr'>animae</span> <span class='ocrx_word' id='word_1_373' title='bbox 1205 852 1319 886; x_wconf 88' lang='lat' dir='ltr'>viribus</span> <span class='ocrx_word' id='word_1_374' title='bbox 1336 852 1516 898; x_wconf 85' lang='lat' dir='ltr'>procuretis.</span> <span class='ocrx_word' id='word_1_375' title='bbox 1544 852 1752 887; x_wconf 75' lang='lat' dir='ltr'>Decet-nimus</span> 
     </span>
     <span class='ocr_line' id='line_1_66' title="bbox 1012 900 1948 949; baseline 0 -14"><span class='ocrx_word' id='word_1_376' title='bbox 1012 913 1097 947; x_wconf 82' lang='lat' dir='ltr'>ergo,</span> <span class='ocrx_word' id='word_1_377' title='bbox 1126 908 1158 935; x_wconf 88' lang='lat' dir='ltr'>ut</span> <span class='ocrx_word' id='word_1_378' title='bbox 1180 900 1256 935; x_wconf 88' lang='lat' dir='ltr'>nulli</span> <span class='ocrx_word' id='word_1_379' title='bbox 1290 901 1418 936; x_wconf 91' lang='lat' dir='ltr'>omnino</span> <span class='ocrx_word' id='word_1_380' title='bbox 1449 901 1539 936; x_wconf 88' lang='lat' dir='ltr'>liceat</span> <span class='ocrx_word' id='word_1_381' title='bbox 1581 901 1750 949; x_wconf 83' lang='lat' dir='ltr'>praefatum</span> <span class='ocrx_word' id='word_1_382' title='bbox 1778 921 1898 942; x_wconf 52' lang='lat' dir='ltr'>mmmm</span> <span class='ocrx_word' id='word_1_383' title='bbox 1936 928 1948 941; x_wconf 57' lang='lat' dir='ltr'><strong>a</strong></span> 
     </span>
     <span class='ocr_line' id='line_1_67' title="bbox 1013 950 1949 1003; baseline 0.001 -19"><span class='ocrx_word' id='word_1_384' title='bbox 1013 950 1236 985; x_wconf 89' lang='lat' dir='ltr'>monasterium</span> <span class='ocrx_word' id='word_1_385' title='bbox 1259 959 1373 985; x_wconf 89' lang='lat' dir='ltr'>temere</span> <span class='ocrx_word' id='word_1_386' title='bbox 1396 950 1588 997; x_wconf 85' lang='lat' dir='ltr'>perturbare,</span> <span class='ocrx_word' id='word_1_387' title='bbox 1614 958 1667 985; x_wconf 91' lang='lat' dir='ltr'>aut</span> <span class='ocrx_word' id='word_1_388' title='bbox 1684 951 1949 1003; x_wconf 50' lang='grc' dir='ltr'>υἰυείῑῗῇξζῗψὲωο·</span> 
     </span>
     <span class='ocr_line' id='line_1_68' title="bbox 1014 991 1835 1046; baseline 0.001 -12"><span class='ocrx_word' id='word_1_389' title='bbox 1014 1000 1227 1046; x_wconf 89' lang='lat' dir='ltr'>possessiones</span> <span class='ocrx_word' id='word_1_390' title='bbox 1248 1000 1379 1041; x_wconf 81' lang='lat' dir='ltr'>auferre,</span> <span class='ocrx_word' id='word_1_391' title='bbox 1403 1000 1446 1035; x_wconf 90' lang='lat' dir='ltr'>vel</span> <span class='ocrx_word' id='word_1_392' title='bbox 1469 1000 1586 1035; x_wconf 88' lang='lat' dir='ltr'>ablatas</span> <span class='ocrx_word' id='word_1_393' title='bbox 1607 1001 1751 1041; x_wconf 87' lang='lat' dir='ltr'>retinere,</span> <span class='ocrx_word' id='word_1_394' title='bbox 1774 991 1797 1003; x_wconf 43' lang='grc' dir='ltr'>ω</span> <span class='ocrx_word' id='word_1_395' title='bbox 1831 998 1835 1007; x_wconf 87' lang='grc'>’</span> 
     </span>
     <span class='ocr_line' id='line_1_69' title="bbox 1014 1049 1754 1096; baseline -0.001 -12"><span class='ocrx_word' id='word_1_396' title='bbox 1014 1050 1166 1090; x_wconf 88' lang='lat' dir='ltr'>minuere,</span> <span class='ocrx_word' id='word_1_397' title='bbox 1194 1062 1247 1084; x_wconf 85' lang='lat' dir='ltr'>seu</span> <span class='ocrx_word' id='word_1_398' title='bbox 1269 1049 1460 1096; x_wconf 89' lang='lat' dir='ltr'>quibuslibet</span> <span class='ocrx_word' id='word_1_399' title='bbox 1479 1050 1691 1084; x_wconf 77' lang='lat' dir='ltr'>vexationibus</span> <span class='ocrx_word' id='word_1_400' title='bbox 1708 1049 1754 1084; x_wconf 80' lang='lat' dir='ltr'>fa-</span> 
     </span>
     <span class='ocr_line' id='line_1_70' title="bbox 1014 1099 1755 1145; baseline 0 -12"><span class='ocrx_word' id='word_1_401' title='bbox 1014 1099 1125 1145; x_wconf 79' lang='lat' dir='ltr'>tigare;</span> <span class='ocrx_word' id='word_1_402' title='bbox 1147 1099 1201 1133; x_wconf 87' lang='lat' dir='ltr'>sed</span> <span class='ocrx_word' id='word_1_403' title='bbox 1224 1099 1339 1133; x_wconf 83' lang='lat' dir='ltr'>illibata</span> <span class='ocrx_word' id='word_1_404' title='bbox 1359 1099 1462 1133; x_wconf 87' lang='lat' dir='ltr'>omnia</span> <span class='ocrx_word' id='word_1_405' title='bbox 1487 1108 1517 1134; x_wconf 89' lang='lat' dir='ltr'>et</span> <span class='ocrx_word' id='word_1_406' title='bbox 1542 1107 1604 1133; x_wconf 89' lang='lat' dir='ltr'>tuta</span> <span class='ocrx_word' id='word_1_407' title='bbox 1631 1111 1755 1134; x_wconf 91' lang='lat' dir='ltr'>conser-</span> 
     </span>
     <span class='ocr_line' id='line_1_71' title="bbox 1015 1149 1754 1196; baseline 0 -13"><span class='ocrx_word' id='word_1_408' title='bbox 1015 1157 1136 1193; x_wconf 89' lang='lat' dir='ltr'>ventur,</span> <span class='ocrx_word' id='word_1_409' title='bbox 1157 1160 1277 1188; x_wconf 87' lang='lat' dir='ltr'>eorum,</span> <span class='ocrx_word' id='word_1_410' title='bbox 1301 1161 1355 1196; x_wconf 90' lang='lat' dir='ltr'>pro</span> <span class='ocrx_word' id='word_1_411' title='bbox 1376 1161 1508 1196; x_wconf 84' lang='lat' dir='ltr'>quorum</span> <span class='ocrx_word' id='word_1_412' title='bbox 1528 1149 1754 1194; x_wconf 83' lang='lat' dir='ltr'>gubernatione</span> 
     </span>
     <span class='ocr_line' id='line_1_72' title="bbox 1014 1198 1755 1239; baseline 0 -7"><span class='ocrx_word' id='word_1_413' title='bbox 1014 1206 1044 1232; x_wconf 91' lang='lat' dir='ltr'>et</span> <span class='ocrx_word' id='word_1_414' title='bbox 1071 1198 1317 1233; x_wconf 86' lang='lat' dir='ltr'>substentatione</span> <span class='ocrx_word' id='word_1_415' title='bbox 1343 1210 1489 1233; x_wconf 91' lang='lat' dir='ltr'>concessa</span> <span class='ocrx_word' id='word_1_416' title='bbox 1524 1206 1614 1239; x_wconf 88' lang='lat' dir='ltr'>sunt,</span> <span class='ocrx_word' id='word_1_417' title='bbox 1648 1199 1755 1233; x_wconf 87' lang='lat' dir='ltr'>usibus</span> 
     </span>
     <span class='ocr_line' id='line_1_73' title="bbox 1014 1247 1755 1295; baseline 0 -13"><span class='ocrx_word' id='word_1_418' title='bbox 1014 1248 1203 1282; x_wconf 83' lang='lat' dir='ltr'>omnimodis</span> <span class='ocrx_word' id='word_1_419' title='bbox 1232 1248 1410 1295; x_wconf 77' lang='lat' dir='ltr'>profutura:</span> <span class='ocrx_word' id='word_1_420' title='bbox 1445 1248 1524 1282; x_wconf 87' lang='lat' dir='ltr'>salva</span> <span class='ocrx_word' id='word_1_421' title='bbox 1547 1247 1638 1282; x_wconf 90' lang='lat' dir='ltr'>Sedis</span> <span class='ocrx_word' id='word_1_422' title='bbox 1667 1249 1755 1294; x_wconf 86' lang='lat' dir='ltr'>Apo—</span> 
     </span>
     <span class='ocr_line' id='line_1_74' title="bbox 1014 1297 1950 1360; baseline -0.002 -28"><span class='ocrx_word' id='word_1_423' title='bbox 1014 1297 1141 1332; x_wconf 85' lang='lat' dir='ltr'>stolicae</span> <span class='ocrx_word' id='word_1_424' title='bbox 1166 1297 1358 1332; x_wconf 87' lang='lat' dir='ltr'>auctoritate.</span> <span class='ocrx_word' id='word_1_425' title='bbox 1393 1297 1427 1332; x_wconf 89' lang='lat' dir='ltr'>Si</span> <span class='ocrx_word' id='word_1_426' title='bbox 1454 1309 1513 1344; x_wconf 86' lang='lat' dir='ltr'>qua</span> <span class='ocrx_word' id='word_1_427' title='bbox 1543 1298 1636 1343; x_wconf 82' lang='lat' dir='ltr'>igitur</span> <span class='ocrx_word' id='word_1_428' title='bbox 1657 1297 1686 1331; x_wconf 93' lang='lat' dir='ltr'>in</span> <span class='ocrx_word' id='word_1_429' title='bbox 1707 1298 1755 1331; x_wconf 85' lang='lat' dir='ltr'>fu-</span> <span class='ocrx_word' id='word_1_430' title='bbox 1781 1309 1838 1337; x_wconf 71' lang='lat' dir='ltr'>Quae</span> <span class='ocrx_word' id='word_1_431' title='bbox 1859 1310 1950 1360; x_wconf 54' lang='lat' dir='ltr'>robofa-</span> 
     </span>
     <span class='ocr_line' id='line_1_75' title="bbox 1016 1341 1952 1399; baseline 0 -18"><span class='ocrx_word' id='word_1_432' title='bbox 1016 1355 1116 1381; x_wconf 89' lang='lat' dir='ltr'>turum</span> <span class='ocrx_word' id='word_1_433' title='bbox 1146 1348 1354 1382; x_wconf 87' lang='lat' dir='ltr'>ecclesiastica</span> <span class='ocrx_word' id='word_1_434' title='bbox 1381 1347 1584 1381; x_wconf 83' lang='lat' dir='ltr'>saecularisve</span> <span class='ocrx_word' id='word_1_435' title='bbox 1613 1359 1754 1394; x_wconf 85' lang='lat' dir='ltr'>persona,</span> <span class='ocrx_word' id='word_1_436' title='bbox 1768 1341 1952 1399; x_wconf 54' lang='lat' dir='ltr'>22{,s⁵⁰¹³;³jef‚},&#39;,¹‡</span> 
     </span>
     <span class='ocr_line' id='line_1_76' title="bbox 1015 1397 1813 1444; baseline 0 -13"><span class='ocrx_word' id='word_1_437' title='bbox 1015 1405 1122 1431; x_wconf 88' lang='lat' dir='ltr'>contra</span> <span class='ocrx_word' id='word_1_438' title='bbox 1139 1397 1219 1431; x_wconf 90' lang='lat' dir='ltr'>hane</span> <span class='ocrx_word' id='word_1_439' title='bbox 1234 1405 1356 1432; x_wconf 88' lang='lat' dir='ltr'>nostrae</span> <span class='ocrx_word' id='word_1_440' title='bbox 1369 1397 1598 1431; x_wconf 88' lang='lat' dir='ltr'>constitutionis</span> <span class='ocrx_word' id='word_1_441' title='bbox 1612 1397 1753 1444; x_wconf 80' lang='lat' dir='ltr'>paginam</span> <span class='ocrx_word' id='word_1_442' title='bbox 1768 1405 1813 1425; x_wconf 74' lang='lat' dir='ltr'>bus-</span> 
     </span>
     <span class='ocr_line' id='line_1_77' title="bbox 1016 1446 1756 1493; baseline -0.001 -12"><span class='ocrx_word' id='word_1_443' title='bbox 1016 1455 1131 1481; x_wconf 88' lang='lat' dir='ltr'>temere</span> <span class='ocrx_word' id='word_1_444' title='bbox 1157 1447 1265 1482; x_wconf 90' lang='lat' dir='ltr'>venire</span> <span class='ocrx_word' id='word_1_445' title='bbox 1296 1446 1506 1493; x_wconf 86' lang='lat' dir='ltr'>temptaverit,</span> <span class='ocrx_word' id='word_1_446' title='bbox 1532 1447 1671 1481; x_wconf 89' lang='lat' dir='ltr'>secundo</span> <span class='ocrx_word' id='word_1_447' title='bbox 1694 1455 1756 1481; x_wconf 86' lang='lat' dir='ltr'>ter-</span> 
     </span>
     <span class='ocr_line' id='line_1_78' title="bbox 1017 1503 1756 1538; baseline 0.001 -8"><span class='ocrx_word' id='word_1_448' title='bbox 1017 1505 1096 1531; x_wconf 91' lang='lat' dir='ltr'>t1ove</span> <span class='ocrx_word' id='word_1_449' title='bbox 1118 1504 1323 1538; x_wconf 83' lang='lat' dir='ltr'>commonita,</span> <span class='ocrx_word' id='word_1_450' title='bbox 1343 1508 1401 1530; x_wconf 85' lang='lat' dir='ltr'>nisi</span> <span class='ocrx_word' id='word_1_451' title='bbox 1429 1503 1546 1530; x_wconf 87' lang='lat' dir='ltr'>reatum</span> <span class='ocrx_word' id='word_1_452' title='bbox 1568 1508 1661 1530; x_wconf 89' lang='lat' dir='ltr'>suum</span> <span class='ocrx_word' id='word_1_453' title='bbox 1680 1509 1756 1531; x_wconf 88' lang='lat' dir='ltr'>con-</span> 
     </span>
     <span class='ocr_line' id='line_1_79' title="bbox 1015 1545 1756 1593; baseline 0.001 -13"><span class='ocrx_word' id='word_1_454' title='bbox 1015 1558 1091 1592; x_wconf 78' lang='lat' dir='ltr'>grua</span> <span class='ocrx_word' id='word_1_455' title='bbox 1115 1545 1323 1581; x_wconf 86' lang='lat' dir='ltr'>satisfactione</span> <span class='ocrx_word' id='word_1_456' title='bbox 1349 1545 1570 1590; x_wconf 86' lang='lat' dir='ltr'>emendaverit,</span> <span class='ocrx_word' id='word_1_457' title='bbox 1598 1547 1756 1593; x_wconf 86' lang='lat' dir='ltr'>potestatis</span> 
     </span>
     <span class='ocr_line' id='line_1_80' title="bbox 1016 1595 1755 1643; baseline 0 -13"><span class='ocrx_word' id='word_1_458' title='bbox 1016 1596 1206 1643; x_wconf 87' lang='lat' dir='ltr'>honorisque</span> <span class='ocrx_word' id='word_1_459' title='bbox 1224 1596 1271 1630; x_wconf 86' lang='lat' dir='ltr'>sui</span> <span class='ocrx_word' id='word_1_460' title='bbox 1299 1595 1447 1642; x_wconf 82' lang='lat' dir='ltr'>dignitate</span> <span class='ocrx_word' id='word_1_461' title='bbox 1474 1603 1593 1637; x_wconf 88' lang='lat' dir='ltr'>careat,</span> <span class='ocrx_word' id='word_1_462' title='bbox 1616 1596 1656 1631; x_wconf 91' lang='lat' dir='ltr'>ita</span> <span class='ocrx_word' id='word_1_463' title='bbox 1674 1597 1755 1643; x_wconf 91' lang='lat' dir='ltr'>quod</span> 
     </span>
     <span class='ocr_line' id='line_1_81' title="bbox 1016 1645 1757 1693; baseline 0 -13"><span class='ocrx_word' id='word_1_464' title='bbox 1016 1658 1049 1680; x_wconf 88' lang='lat' dir='ltr'>se</span> <span class='ocrx_word' id='word_1_465' title='bbox 1082 1645 1189 1680; x_wconf 92' lang='lat' dir='ltr'>divino</span> <span class='ocrx_word' id='word_1_466' title='bbox 1220 1645 1335 1680; x_wconf 91' lang='lat' dir='ltr'>iudicio</span> <span class='ocrx_word' id='word_1_467' title='bbox 1361 1645 1493 1680; x_wconf 79' lang='lat' dir='ltr'>existere</span> <span class='ocrx_word' id='word_1_468' title='bbox 1524 1645 1561 1679; x_wconf 89' lang='lat' dir='ltr'>de</span> <span class='ocrx_word' id='word_1_469' title='bbox 1583 1654 1757 1693; x_wconf 83' lang='lat' dir='ltr'>perpetrata</span> 
     </span>
     <span class='ocr_line' id='line_1_82' title="bbox 1016 1695 1757 1742; baseline 0.003 -13"><span class='ocrx_word' id='word_1_470' title='bbox 1016 1695 1178 1742; x_wconf 90' lang='lat' dir='ltr'>iniquitate</span> <span class='ocrx_word' id='word_1_471' title='bbox 1215 1703 1398 1742; x_wconf 83' lang='lat' dir='ltr'>cognoscat,</span> <span class='ocrx_word' id='word_1_472' title='bbox 1432 1702 1463 1729; x_wconf 91' lang='lat' dir='ltr'>et</span> <span class='ocrx_word' id='word_1_473' title='bbox 1496 1707 1513 1729; x_wconf 90' lang='lat' dir='ltr'>a</span> <span class='ocrx_word' id='word_1_474' title='bbox 1550 1696 1757 1731; x_wconf 86' lang='lat' dir='ltr'>sacratissimo</span> 
     </span>
     <span class='ocr_line' id='line_1_83' title="bbox 1017 1743 1758 1792; baseline 0.001 -13"><span class='ocrx_word' id='word_1_475' title='bbox 1017 1745 1155 1792; x_wconf 85' lang='lat' dir='ltr'>Corpore</span> <span class='ocrx_word' id='word_1_476' title='bbox 1173 1757 1208 1779; x_wconf 90' lang='lat' dir='ltr'>ac</span> <span class='ocrx_word' id='word_1_477' title='bbox 1234 1744 1393 1791; x_wconf 83' lang='lat' dir='ltr'>Sanguine</span> <span class='ocrx_word' id='word_1_478' title='bbox 1422 1744 1480 1779; x_wconf 90' lang='lat' dir='ltr'>Dei</span> <span class='ocrx_word' id='word_1_479' title='bbox 1499 1751 1529 1779; x_wconf 89' lang='lat' dir='ltr'>et</span> <span class='ocrx_word' id='word_1_480' title='bbox 1549 1743 1674 1779; x_wconf 86' lang='lat' dir='ltr'>Domini</span> <span class='ocrx_word' id='word_1_481' title='bbox 1694 1746 1758 1780; x_wconf 85' lang='lat' dir='ltr'>Re-</span> 
     </span>
     <span class='ocr_line' id='line_1_84' title="bbox 1017 1793 1757 1841; baseline 0.003 -13"><span class='ocrx_word' id='word_1_482' title='bbox 1017 1794 1188 1841; x_wconf 89' lang='lat' dir='ltr'>demptoris</span> <span class='ocrx_word' id='word_1_483' title='bbox 1213 1797 1310 1829; x_wconf 85' lang='lat' dir='ltr'>nostri</span> <span class='ocrx_word' id='word_1_484' title='bbox 1332 1794 1401 1829; x_wconf 90' lang='lat' dir='ltr'>Iesu</span> <span class='ocrx_word' id='word_1_485' title='bbox 1431 1793 1546 1828; x_wconf 86' lang='lat' dir='ltr'>Christi</span> <span class='ocrx_word' id='word_1_486' title='bbox 1574 1795 1672 1829; x_wconf 88' lang='lat' dir='ltr'>aliena</span> <span class='ocrx_word' id='word_1_487' title='bbox 1694 1795 1757 1839; x_wconf 88' lang='lat' dir='ltr'>fiat,</span> 
     </span>
     <span class='ocr_line' id='line_1_85' title="bbox 1017 1843 1757 1891; baseline 0.001 -13"><span class='ocrx_word' id='word_1_488' title='bbox 1017 1852 1110 1891; x_wconf 89' lang='lat' dir='ltr'>atque</span> <span class='ocrx_word' id='word_1_489' title='bbox 1131 1845 1162 1878; x_wconf 93' lang='lat' dir='ltr'>in</span> <span class='ocrx_word' id='word_1_490' title='bbox 1188 1852 1326 1879; x_wconf 81' lang='lat' dir='ltr'>extremo</span> <span class='ocrx_word' id='word_1_491' title='bbox 1349 1844 1491 1878; x_wconf 79' lang='lat' dir='ltr'>examine</span> <span class='ocrx_word' id='word_1_492' title='bbox 1521 1843 1680 1878; x_wconf 84' lang='lat' dir='ltr'>districtae</span> <span class='ocrx_word' id='word_1_493' title='bbox 1708 1845 1757 1879; x_wconf 94' lang='lat' dir='ltr'>ul-</span> 
     </span>
     <span class='ocr_line' id='line_1_86' title="bbox 1018 1893 1757 1935; baseline 0.001 -7"><span class='ocrx_word' id='word_1_494' title='bbox 1018 1894 1094 1928; x_wconf 92' lang='lat' dir='ltr'>tioni</span> <span class='ocrx_word' id='word_1_495' title='bbox 1111 1893 1285 1935; x_wconf 81' lang='lat' dir='ltr'>subiaceat3</span> <span class='ocrx_word' id='word_1_496' title='bbox 1312 1894 1433 1929; x_wconf 86' lang='lat' dir='ltr'>cunctis</span> <span class='ocrx_word' id='word_1_497' title='bbox 1453 1902 1555 1928; x_wconf 88' lang='lat' dir='ltr'>autem</span> <span class='ocrx_word' id='word_1_498' title='bbox 1571 1893 1671 1928; x_wconf 90' lang='lat' dir='ltr'>eidem</span> <span class='ocrx_word' id='word_1_499' title='bbox 1690 1895 1757 1929; x_wconf 91' lang='lat' dir='ltr'>loco</span> 
     </span>
     <span class='ocr_line' id='line_1_87' title="bbox 1018 1942 1757 1989; baseline 0 -11"><span class='ocrx_word' id='word_1_500' title='bbox 1018 1955 1073 1978; x_wconf 85' lang='lat' dir='ltr'>sua</span> <span class='ocrx_word' id='word_1_501' title='bbox 1087 1943 1153 1978; x_wconf 82' lang='lat' dir='ltr'>iura</span> <span class='ocrx_word' id='word_1_502' title='bbox 1167 1943 1363 1978; x_wconf 86' lang='lat' dir='ltr'>servantibus</span> <span class='ocrx_word' id='word_1_503' title='bbox 1381 1944 1419 1978; x_wconf 87' lang='lat' dir='ltr'>sit</span> <span class='ocrx_word' id='word_1_504' title='bbox 1438 1955 1494 1989; x_wconf 76' lang='lat' dir='ltr'>pax</span> <span class='ocrx_word' id='word_1_505' title='bbox 1516 1942 1640 1977; x_wconf 88' lang='lat' dir='ltr'>Domini</span> <span class='ocrx_word' id='word_1_506' title='bbox 1663 1944 1757 1978; x_wconf 90' lang='lat' dir='ltr'>nostri</span> 
     </span>
     <span class='ocr_line' id='line_1_88' title="bbox 1018 1993 1759 2040; baseline 0 -12"><span class='ocrx_word' id='word_1_507' title='bbox 1018 1993 1088 2028; x_wconf 88' lang='lat' dir='ltr'>Iesu</span> <span class='ocrx_word' id='word_1_508' title='bbox 1115 1993 1254 2034; x_wconf 88' lang='lat' dir='ltr'>Christi,</span> <span class='ocrx_word' id='word_1_509' title='bbox 1294 2002 1445 2040; x_wconf 89' lang='lat' dir='ltr'>quatenus</span> <span class='ocrx_word' id='word_1_510' title='bbox 1476 2000 1506 2027; x_wconf 85' lang='lat' dir='ltr'>et</span> <span class='ocrx_word' id='word_1_511' title='bbox 1546 1993 1597 2027; x_wconf 88' lang='lat' dir='ltr'>hic</span> <span class='ocrx_word' id='word_1_512' title='bbox 1623 1993 1759 2028; x_wconf 87' lang='lat' dir='ltr'>fructum</span> 
     </span>
     <span class='ocr_line' id='line_1_89' title="bbox 1018 2042 1760 2090; baseline -0.001 -12"><span class='ocrx_word' id='word_1_513' title='bbox 1018 2044 1117 2079; x_wconf 86' lang='lat' dir='ltr'>bonae</span> <span class='ocrx_word' id='word_1_514' title='bbox 1138 2043 1270 2078; x_wconf 80' lang='lat' dir='ltr'>actionis</span> <span class='ocrx_word' id='word_1_515' title='bbox 1294 2043 1478 2090; x_wconf 84' lang='lat' dir='ltr'>percipiant,</span> <span class='ocrx_word' id='word_1_516' title='bbox 1500 2049 1529 2077; x_wconf 92' lang='lat' dir='ltr'>et</span> <span class='ocrx_word' id='word_1_517' title='bbox 1546 2042 1629 2089; x_wconf 85' lang='lat' dir='ltr'>apud</span> <span class='ocrx_word' id='word_1_518' title='bbox 1647 2043 1760 2077; x_wconf 87' lang='lat' dir='ltr'>distri-</span> 
     </span>
     <span class='ocr_line' id='line_1_90' title="bbox 1018 2092 1760 2140; baseline -0.001 -12"><span class='ocrx_word' id='word_1_519' title='bbox 1018 2101 1102 2128; x_wconf 91' lang='lat' dir='ltr'>ctum</span> <span class='ocrx_word' id='word_1_520' title='bbox 1123 2093 1261 2127; x_wconf 85' lang='lat' dir='ltr'>Iudicem</span> <span class='ocrx_word' id='word_1_521' title='bbox 1293 2092 1428 2140; x_wconf 87' lang='lat' dir='ltr'>praemia</span> <span class='ocrx_word' id='word_1_522' title='bbox 1444 2100 1586 2127; x_wconf 86' lang='lat' dir='ltr'>aeternae</span> <span class='ocrx_word' id='word_1_523' title='bbox 1607 2093 1691 2140; x_wconf 89' lang='lat' dir='ltr'>pacis</span> <span class='ocrx_word' id='word_1_524' title='bbox 1709 2093 1760 2127; x_wconf 90' lang='lat' dir='ltr'>in-</span> 
     </span>
     <span class='ocr_line' id='line_1_91' title="bbox 1019 2143 1534 2183; baseline -0.006 -5"><span class='ocrx_word' id='word_1_525' title='bbox 1019 2144 1154 2178; x_wconf 87' lang='lat' dir='ltr'>veniant.</span> <span class='ocrx_word' id='word_1_526' title='bbox 1176 2143 1289 2183; x_wconf 83' lang='lat' dir='ltr'>Amen,</span> <span class='ocrx_word' id='word_1_527' title='bbox 1308 2154 1410 2183; x_wconf 89' lang='lat' dir='ltr'>amen,</span> <span class='ocrx_word' id='word_1_528' title='bbox 1432 2153 1534 2176; x_wconf 91' lang='lat' dir='ltr'>amen.</span> 
     </span>
    </p>

    <p class='ocr_par' dir='ltr' id='par_1_10' title="bbox 1019 2191 1953 2290">
     <span class='ocr_line' id='line_1_92' title="bbox 1067 2191 1953 2237; baseline 0 -10"><span class='ocrx_word' id='word_1_529' title='bbox 1067 2193 1139 2227; x_wconf 74' lang='lat' dir='ltr'>Eoo</span> <span class='ocrx_word' id='word_1_530' title='bbox 1167 2192 1366 2226; x_wconf 64' lang='lat' dir='ltr'>Amanum</span> <span class='ocrx_word' id='word_1_531' title='bbox 1398 2191 1567 2226; x_wconf 89' lang='lat' dir='ltr'>catholicae</span> <span class='ocrx_word' id='word_1_532' title='bbox 1600 2191 1759 2227; x_wconf 89' lang='lat' dir='ltr'>Ecclesiae</span> <span class='ocrx_word' id='word_1_533' title='bbox 1785 2215 1953 2237; x_wconf 38' lang='lat' dir='ltr'>mundam</span> 
     </span>
     <span class='ocr_line' id='line_1_93' title="bbox 1019 2254 1196 2290; baseline -0.011 -12"><span class='ocrx_word' id='word_1_534' title='bbox 1019 2254 1196 2290; x_wconf 83' lang='lat' dir='ltr'>episcopus.</span> 
     </span>
    </p>

    <p class='ocr_par' dir='ltr' id='par_1_11' title="bbox 1068 2289 1611 2338">
     <span class='ocr_line' id='line_1_94' title="bbox 1068 2289 1611 2338; baseline -0.002 -12"><span class='ocrx_word' id='word_1_535' title='bbox 1068 2292 1136 2338; x_wconf 83' lang='lat' dir='ltr'>Ego</span> <span class='ocrx_word' id='word_1_536' title='bbox 1167 2289 1307 2325; x_wconf 87' lang='lat' dir='ltr'>Ubaldus</span> <span class='ocrx_word' id='word_1_537' title='bbox 1332 2290 1486 2325; x_wconf 87' lang='lat' dir='ltr'>Ostiensis</span> <span class='ocrx_word' id='word_1_538' title='bbox 1515 2290 1611 2337; x_wconf 88' lang='lat' dir='ltr'>episc.</span> 
     </span>
    </p>

    <p class='ocr_par' dir='ltr' id='par_1_12' title="bbox 1021 2339 1758 2437">
     <span class='ocr_line' id='line_1_95' title="bbox 1068 2339 1758 2387; baseline 0 -12"><span class='ocrx_word' id='word_1_539' title='bbox 1068 2341 1136 2387; x_wconf 75' lang='lat' dir='ltr'>Ego</span> <span class='ocrx_word' id='word_1_540' title='bbox 1157 2339 1335 2375; x_wconf 87' lang='lat' dir='ltr'>Bernardus</span> <span class='ocrx_word' id='word_1_541' title='bbox 1362 2340 1544 2376; x_wconf 88' lang='lat' dir='ltr'>Portuensis</span> <span class='ocrx_word' id='word_1_542' title='bbox 1570 2348 1601 2376; x_wconf 85' lang='lat' dir='ltr'>et</span> <span class='ocrx_word' id='word_1_543' title='bbox 1626 2339 1758 2376; x_wconf 87' lang='lat' dir='ltr'>Sanctae</span> 
     </span>
     <span class='ocr_line' id='line_1_96' title="bbox 1021 2391 1353 2437; baseline -0.009 -11"><span class='ocrx_word' id='word_1_544' title='bbox 1021 2391 1153 2426; x_wconf 79' lang='lat' dir='ltr'>Rulinae</span> <span class='ocrx_word' id='word_1_545' title='bbox 1176 2391 1353 2437; x_wconf 90' lang='lat' dir='ltr'>episcopus.</span> 
     </span>
    </p>

    <p class='ocr_par' dir='ltr' id='par_1_13' title="bbox 1022 2438 1760 2525">
     <span class='ocr_line' id='line_1_97' title="bbox 1069 2438 1760 2486; baseline 0.001 -12"><span class='ocrx_word' id='word_1_546' title='bbox 1069 2440 1138 2486; x_wconf 81' lang='lat' dir='ltr'>Ego</span> <span class='ocrx_word' id='word_1_547' title='bbox 1165 2439 1296 2474; x_wconf 87' lang='lat' dir='ltr'>loannes</span> <span class='ocrx_word' id='word_1_548' title='bbox 1317 2438 1420 2486; x_wconf 85' lang='lat' dir='ltr'>presb.</span> <span class='ocrx_word' id='word_1_549' title='bbox 1451 2439 1534 2474; x_wconf 84' lang='lat' dir='ltr'>card.</span> <span class='ocrx_word' id='word_1_550' title='bbox 1558 2438 1607 2474; x_wconf 89' lang='lat' dir='ltr'>Ss.</span> <span class='ocrx_word' id='word_1_551' title='bbox 1635 2439 1760 2475; x_wconf 85' lang='lat' dir='ltr'>Ioannis</span> 
     </span>
     <span class='ocr_line' id='line_1_98' title="bbox 1022 2488 1468 2525; baseline -0.007 0"><span class='ocrx_word' id='word_1_552' title='bbox 1022 2498 1051 2525; x_wconf 89' lang='lat' dir='ltr'>et</span> <span class='ocrx_word' id='word_1_553' title='bbox 1078 2489 1164 2523; x_wconf 89' lang='lat' dir='ltr'>Pauli</span> <span class='ocrx_word' id='word_1_554' title='bbox 1193 2489 1239 2522; x_wconf 87' lang='lat' dir='ltr'>tit.</span> <span class='ocrx_word' id='word_1_555' title='bbox 1268 2488 1468 2522; x_wconf 86' lang='lat' dir='ltr'>Pammachii.</span> 
     </span>
    </p>

    <p class='ocr_par' dir='ltr' id='par_1_14' title="bbox 1023 2537 1760 2624">
     <span class='ocr_line' id='line_1_99' title="bbox 1070 2537 1760 2584; baseline 0.003 -11"><span class='ocrx_word' id='word_1_556' title='bbox 1070 2539 1137 2584; x_wconf 83' lang='lat' dir='ltr'>Ego</span> <span class='ocrx_word' id='word_1_557' title='bbox 1160 2537 1306 2572; x_wconf 86' lang='lat' dir='ltr'>Albertus</span> <span class='ocrx_word' id='word_1_558' title='bbox 1330 2537 1432 2584; x_wconf 88' lang='lat' dir='ltr'>presb.</span> <span class='ocrx_word' id='word_1_559' title='bbox 1466 2537 1549 2574; x_wconf 89' lang='lat' dir='ltr'>card.</span> <span class='ocrx_word' id='word_1_560' title='bbox 1575 2539 1620 2574; x_wconf 89' lang='lat' dir='ltr'>tit.</span> <span class='ocrx_word' id='word_1_561' title='bbox 1652 2539 1760 2576; x_wconf 87' lang='lat' dir='ltr'>Sancti</span> 
     </span>
     <span class='ocr_line' id='line_1_100' title="bbox 1023 2587 1384 2624; baseline -0.006 0"><span class='ocrx_word' id='word_1_562' title='bbox 1023 2588 1182 2624; x_wconf 82' lang='lat' dir='ltr'>Laurentii</span> <span class='ocrx_word' id='word_1_563' title='bbox 1203 2587 1234 2622; x_wconf 90' lang='lat' dir='ltr'>in</span> <span class='ocrx_word' id='word_1_564' title='bbox 1255 2587 1384 2623; x_wconf 86' lang='lat' dir='ltr'>Lucina.</span> 
     </span>
    </p>
   </div>
   <div class='ocr_carea' id='block_1_10' title="bbox 1772 2309 1955 2358">
    <p class='ocr_par' dir='ltr' id='par_1_15' title="bbox 1772 2309 1955 2358">
     <span class='ocr_line' id='line_1_101' title="bbox 1772 2309 1955 2331; baseline -0.005 0"><span class='ocrx_word' id='word_1_565' title='bbox 1772 2313 1793 2331; x_wconf 78' lang='lat' dir='ltr'>et</span> <span class='ocrx_word' id='word_1_566' title='bbox 1813 2309 1833 2331; x_wconf 90' lang='lat' dir='ltr'>S.</span> <span class='ocrx_word' id='word_1_567' title='bbox 1855 2309 1877 2330; x_wconf 65' lang='lat' dir='ltr'>R⁴</span> <span class='ocrx_word' id='word_1_568' title='bbox 1898 2309 1955 2331; x_wconf 74' lang='lat' dir='ltr'>Ercl.</span> 
     </span>
     <span class='ocr_line' id='line_1_102' title="bbox 1792 2338 1929 2358; baseline -0.007 0"><span class='ocrx_word' id='word_1_569' title='bbox 1792 2338 1929 2358; x_wconf 75' lang='lat' dir='ltr'>cardinalium</span> 
     </span>
    </p>
   </div>
   <div class='ocr_carea' id='block_1_11' title="bbox 1772 2369 1947 2396">
    <p class='ocr_par' dir='ltr' id='par_1_16' title="bbox 1772 2369 1947 2396">
     <span class='ocr_line' id='line_1_103' title="bbox 1772 2369 1947 2396; baseline -0.006 -7"><span class='ocrx_word' id='word_1_570' title='bbox 1772 2369 1947 2396; x_wconf 72' lang='lat' dir='ltr'>nubseriptiones.</span> 
     </span>
    </p>
   </div>
  </div>
 </body>
</html>
