<?xml version="1.0" encoding="UTF-8"?>
<!DOCTYPE html PUBLIC "-//W3C//DTD XHTML 1.0 Transitional//EN"
    "http://www.w3.org/TR/xhtml1/DTD/xhtml1-transitional.dtd">
<html xmlns="http://www.w3.org/1999/xhtml" xml:lang="en" lang="en">
 <head>
  <title>
</title>
<meta http-equiv="Content-Type" content="text/html;charset=utf-8" />
  <meta name='ocr-system' content='tesseract 3.04.00' />
  <meta name='ocr-capabilities' content='ocr_page ocr_carea ocr_par ocr_line ocrx_word'/>
</head>
<body>
  <div class='ocr_page' id='page_1' title='image "./bullarumdiplomat02cath_0527.png"; bbox 0 0 2180 3205; ppageno 0'>
   <div class='ocr_carea' id='block_1_1' title="bbox 39 230 217 262">
    <p class='ocr_par' dir='ltr' id='par_1_1' title="bbox 39 230 217 262">
     <span class='ocr_line' id='line_1_1' title="bbox 39 230 217 262; baseline -0.028 0"><span class='ocrx_word' id='word_1_1' title='bbox 39 233 87 262; x_wconf 76' lang='lat' dir='ltr'>An.</span> <span class='ocrx_word' id='word_1_2' title='bbox 104 231 131 260; x_wconf 92' lang='lat' dir='ltr'>C.</span> <span class='ocrx_word' id='word_1_3' title='bbox 150 230 217 258; x_wconf 63' lang='grc'>1185</span> 
     </span>
    </p>
   </div>
   <div class='ocr_carea' id='block_1_2' title="bbox 37 451 215 541">
    <p class='ocr_par' dir='ltr' id='par_1_2' title="bbox 37 451 215 541">
     <span class='ocr_line' id='line_1_2' title="bbox 37 451 215 477; baseline -0.022 -2"><span class='ocrx_word' id='word_1_4' title='bbox 37 451 122 475; x_wconf 75' lang='lat' dir='ltr'>conr-«tt</span> <span class='ocrx_word' id='word_1_5' title='bbox 128 451 184 477; x_wconf 69' lang='lat' dir='ltr'>rogia</span> <span class='ocrx_word' id='word_1_6' title='bbox 190 451 215 471; x_wconf 75' lang='lat' dir='ltr'>art</span> 
     </span>
     <span class='ocr_line' id='line_1_3' title="bbox 38 480 214 510; baseline -0.017 -5"><span class='ocrx_word' id='word_1_7' title='bbox 38 481 147 510; x_wconf 63' lang='lat' dir='ltr'>&amp;gentum</span> <span class='ocrx_word' id='word_1_8' title='bbox 175 480 214 502; x_wconf 76' lang='lat' dir='ltr'>PP.</span> 
     </span>
     <span class='ocr_line' id='line_1_4' title="bbox 38 512 166 541; baseline -0.023 -6"><span class='ocrx_word' id='word_1_9' title='bbox 38 512 166 541; x_wconf 74' lang='lat' dir='ltr'>mpptteuuo.</span> 
     </span>
    </p>
   </div>
   <div class='ocr_carea' id='block_1_3' title="bbox 50 1266 204 1355">
    <p class='ocr_par' dir='ltr' id='par_1_3' title="bbox 50 1266 204 1355">
     <span class='ocr_line' id='line_1_5' title="bbox 56 1266 199 1295; baseline -0.014 -5"><span class='ocrx_word' id='word_1_10' title='bbox 56 1266 123 1290; x_wconf 77' lang='lat' dir='ltr'>Tener</span> <span class='ocrx_word' id='word_1_11' title='bbox 137 1267 199 1295; x_wconf 66' lang='grc' dir='ltr'>ιιι-ἰνί-</span> 
     </span>
     <span class='ocr_line' id='line_1_6' title="bbox 50 1297 204 1325; baseline -0.006 -5"><span class='ocrx_word' id='word_1_12' title='bbox 50 1297 98 1325; x_wconf 62' lang='lat' dir='ltr'>tegit</span> <span class='ocrx_word' id='word_1_13' title='bbox 111 1298 204 1320; x_wconf 75' lang='lat' dir='ltr'>eiusdem</span> 
     </span>
     <span class='ocr_line' id='line_1_7' title="bbox 92 1329 160 1355; baseline 0 -5"><span class='ocrx_word' id='word_1_14' title='bbox 92 1329 160 1355; x_wconf 60' lang='lat' dir='ltr'>regin</span> 
     </span>
    </p>
   </div>
   <div class='ocr_carea' id='block_1_4' title="bbox 840 219 1127 246">
    <p class='ocr_par' dir='ltr' id='par_1_4' title="bbox 840 219 1127 246">
     <span class='ocr_line' id='line_1_8' title="bbox 840 219 1127 246; baseline -0.017 0"><span class='ocrx_word' id='word_1_15' title='bbox 840 220 996 246; x_wconf 61' lang='lat' dir='ltr'>Et&#39;GtzxtUs</span> <span class='ocrx_word' id='word_1_16' title='bbox 1019 220 1054 242; x_wconf 91' lang='grc' dir='ltr'>ΙΙΙ</span> <span class='ocrx_word' id='word_1_17' title='bbox 1080 219 1127 242; x_wconf 81' lang='grc' dir='ltr'>ΡΡ.</span> 
     </span>
    </p>
   </div>
   <div class='ocr_carea' id='block_1_5' title="bbox 1651 201 1721 235">
    <p class='ocr_par' dir='ltr' id='par_1_5' title="bbox 1651 201 1721 235">
     <span class='ocr_line' id='line_1_9' title="bbox 1651 201 1721 235; baseline 0 -1"><span class='ocrx_word' id='word_1_18' title='bbox 1651 201 1721 235; x_wconf 80' lang='lat'>509</span> 
     </span>
    </p>
   </div>
   <div class='ocr_carea' id='block_1_6' title="bbox 230 267 1771 321">
    <p class='ocr_par' dir='ltr' id='par_1_6' title="bbox 230 267 1771 321">
     <span class='ocr_line' id='line_1_10' title="bbox 230 267 1771 321; baseline -0.008 -7"><span class='ocrx_word' id='word_1_19' title='bbox 230 283 348 321; x_wconf 67' lang='lat' dir='ltr'>fingenius</span> <span class='ocrx_word' id='word_1_20' title='bbox 369 281 579 321; x_wconf 70' lang='lat' dir='ltr'>episcopusservus</span> <span class='ocrx_word' id='word_1_21' title='bbox 600 287 716 311; x_wconf 82' lang='lat' dir='ltr'>set-vorum</span> <span class='ocrx_word' id='word_1_22' title='bbox 738 278 789 315; x_wconf 70' lang='lat' dir='ltr'>Dei,</span> <span class='ocrx_word' id='word_1_23' title='bbox 812 277 903 307; x_wconf 68' lang='lat' dir='ltr'>‹litut-tis</span> <span class='ocrx_word' id='word_1_24' title='bbox 925 276 978 305; x_wconf 80' lang='lat' dir='ltr'>filiis</span> <span class='ocrx_word' id='word_1_25' title='bbox 1019 273 1179 309; x_wconf 74' lang='lat' dir='ltr'>continuis</span> <span class='ocrx_word' id='word_1_26' title='bbox 1200 271 1360 319; x_wconf 77' lang='lat' dir='ltr'>obsequiis</span> <span class='ocrx_word' id='word_1_27' title='bbox 1378 280 1574 317; x_wconf 71' lang='lat' dir='ltr'>expenmur:</span> <span class='ocrx_word' id='word_1_28' title='bbox 1604 267 1771 302; x_wconf 87' lang='lat' dir='ltr'>attenden-</span> 
     </span>
    </p>
   </div>
   <div class='ocr_carea' id='block_1_7' title="bbox 269 322 976 410">
    <p class='ocr_par' dir='ltr' id='par_1_7' title="bbox 269 322 976 410">
     <span class='ocr_line' id='line_1_11' title="bbox 269 322 976 365; baseline -0.01 -8"><span class='ocrx_word' id='word_1_29' title='bbox 269 327 370 365; x_wconf 81' lang='lat' dir='ltr'>Decano,</span> <span class='ocrx_word' id='word_1_30' title='bbox 393 330 415 356; x_wconf 89' lang='lat' dir='ltr'>et</span> <span class='ocrx_word' id='word_1_31' title='bbox 437 325 542 364; x_wconf 64' lang='lat' dir='ltr'>capitulo</span> <span class='ocrx_word' id='word_1_32' title='bbox 565 325 679 354; x_wconf 76' lang='lat' dir='ltr'>Ecclesiae</span> <span class='ocrx_word' id='word_1_33' title='bbox 693 322 976 360; x_wconf 63' lang='lat' dir='ltr'>Tritici-tensis,gratiani,</span> 
     </span>
     <span class='ocr_line' id='line_1_12' title="bbox 269 368 786 410; baseline -0.01 -9"><span class='ocrx_word' id='word_1_34' title='bbox 269 371 367 410; x_wconf 76' lang='lat' dir='ltr'>gloriani</span> <span class='ocrx_word' id='word_1_35' title='bbox 382 374 404 399; x_wconf 87' lang='lat' dir='ltr'>et</span> <span class='ocrx_word' id='word_1_36' title='bbox 419 370 569 409; x_wconf 79' lang='lat' dir='ltr'>apostolicam</span> <span class='ocrx_word' id='word_1_37' title='bbox 592 368 786 399; x_wconf 74' lang='lat' dir='ltr'><strong>benedictionem.</strong></span> 
     </span>
    </p>
   </div>
   <div class='ocr_carea' id='block_1_8' title="bbox 229 431 982 1029">
    <p class='ocr_par' dir='ltr' id='par_1_8' title="bbox 229 431 982 1029">
     <span class='ocr_line' id='line_1_13' title="bbox 278 431 977 485; baseline -0.009 -13"><span class='ocrx_word' id='word_1_38' title='bbox 278 436 476 485; x_wconf 82' lang='lat' dir='ltr'>Supplicatio</span> <span class='ocrx_word' id='word_1_39' title='bbox 509 435 686 470; x_wconf 79' lang='lat' dir='ltr'>charissimi</span> <span class='ocrx_word' id='word_1_40' title='bbox 719 434 748 468; x_wconf 92' lang='lat' dir='ltr'>in</span> <span class='ocrx_word' id='word_1_41' title='bbox 778 432 903 467; x_wconf 76' lang='lat' dir='ltr'>Clu-isto</span> <span class='ocrx_word' id='word_1_42' title='bbox 927 431 977 466; x_wconf 79' lang='lat' dir='ltr'>lilii</span> 
     </span>
     <span class='ocr_line' id='line_1_14' title="bbox 229 482 977 532; baseline -0.008 -10"><span class='ocrx_word' id='word_1_43' title='bbox 229 487 366 523; x_wconf 88' lang='lat' dir='ltr'>Conradi</span> <span class='ocrx_word' id='word_1_44' title='bbox 394 486 435 520; x_wconf 91' lang='lat' dir='ltr'>lll</span> <span class='ocrx_word' id='word_1_45' title='bbox 472 485 555 532; x_wconf 80' lang='lat' dir='ltr'>regis</span> <span class='ocrx_word' id='word_1_46' title='bbox 586 485 800 519; x_wconf 80' lang='lat' dir='ltr'>Romanorum</span> <span class='ocrx_word' id='word_1_47' title='bbox 832 482 977 522; x_wconf 86' lang='lat' dir='ltr'>illustris,</span> 
     </span>
     <span class='ocr_line' id='line_1_15' title="bbox 229 531 978 582; baseline -0.011 -10"><span class='ocrx_word' id='word_1_48' title='bbox 229 537 320 572; x_wconf 89' lang='lat' dir='ltr'>nobis</span> <span class='ocrx_word' id='word_1_49' title='bbox 349 547 403 582; x_wconf 89' lang='lat' dir='ltr'>per</span> <span class='ocrx_word' id='word_1_50' title='bbox 424 535 573 570; x_wconf 86' lang='lat' dir='ltr'>dilectum</span> <span class='ocrx_word' id='word_1_51' title='bbox 603 534 700 568; x_wconf 88' lang='lat' dir='ltr'>lilium</span> <span class='ocrx_word' id='word_1_52' title='bbox 719 531 901 567; x_wconf 85' lang='lat' dir='ltr'>Conradum</span> <span class='ocrx_word' id='word_1_53' title='bbox 924 532 978 577; x_wconf 85' lang='lat' dir='ltr'>ip-</span> 
     </span>
     <span class='ocr_line' id='line_1_16' title="bbox 229 581 978 628; baseline -0.011 -6"><span class='ocrx_word' id='word_1_54' title='bbox 229 587 294 622; x_wconf 90' lang='lat' dir='ltr'>sius</span> <span class='ocrx_word' id='word_1_55' title='bbox 320 585 458 626; x_wconf 75' lang='lat' dir='ltr'>fratrem,</span> <span class='ocrx_word' id='word_1_56' title='bbox 487 592 605 619; x_wconf 86' lang='lat' dir='ltr'>vestrae</span> <span class='ocrx_word' id='word_1_57' title='bbox 633 582 792 617; x_wconf 71' lang='lat' dir='ltr'>Ecclesiae</span> <span class='ocrx_word' id='word_1_58' title='bbox 817 581 978 628; x_wconf 77' lang='lat' dir='ltr'>praeposi-</span> 
     </span>
     <span class='ocr_line' id='line_1_17' title="bbox 230 629 980 682; baseline -0.009 -12"><span class='ocrx_word' id='word_1_59' title='bbox 230 644 308 680; x_wconf 91' lang='lat' dir='ltr'>tum,</span> <span class='ocrx_word' id='word_1_60' title='bbox 331 643 457 682; x_wconf 82' lang='lat' dir='ltr'>propter</span> <span class='ocrx_word' id='word_1_61' title='bbox 480 634 540 668; x_wconf 88' lang='lat' dir='ltr'>boc</span> <span class='ocrx_word' id='word_1_62' title='bbox 562 633 600 667; x_wconf 88' lang='lat' dir='ltr'>ab</span> <span class='ocrx_word' id='word_1_63' title='bbox 625 631 736 667; x_wconf 82' lang='lat' dir='ltr'>eodem</span> <span class='ocrx_word' id='word_1_64' title='bbox 759 643 830 676; x_wconf 74' lang='lat' dir='ltr'>rege</span> <span class='ocrx_word' id='word_1_65' title='bbox 854 630 891 664; x_wconf 88' lang='lat' dir='ltr'>ad</span> <span class='ocrx_word' id='word_1_66' title='bbox 911 629 980 664; x_wconf 73' lang='lat' dir='ltr'>tto-</span> 
     </span>
     <span class='ocr_line' id='line_1_18' title="bbox 229 679 980 726; baseline -0.011 -6"><span class='ocrx_word' id='word_1_67' title='bbox 229 697 354 720; x_wconf 87' lang='lat' dir='ltr'>manam</span> <span class='ocrx_word' id='word_1_68' title='bbox 382 684 510 719; x_wconf 86' lang='lat' dir='ltr'>Curiam</span> <span class='ocrx_word' id='word_1_69' title='bbox 534 685 595 726; x_wconf 83' lang='lat' dir='ltr'>(l),</span> <span class='ocrx_word' id='word_1_70' title='bbox 621 680 813 724; x_wconf 77' lang='lat' dir='ltr'>continebat,</span> <span class='ocrx_word' id='word_1_71' title='bbox 848 687 881 714; x_wconf 89' lang='lat' dir='ltr'>ut</span> <span class='ocrx_word' id='word_1_72' title='bbox 916 679 980 725; x_wconf 85' lang='lat' dir='ltr'>pri-</span> 
     </span>
     <span class='ocr_line' id='line_1_19' title="bbox 230 730 979 781; baseline -0.008 -12"><span class='ocrx_word' id='word_1_73' title='bbox 230 734 356 781; x_wconf 86' lang='lat' dir='ltr'>vilegia,</span> <span class='ocrx_word' id='word_1_74' title='bbox 383 746 438 781; x_wconf 88' lang='lat' dir='ltr'>per</span> <span class='ocrx_word' id='word_1_75' title='bbox 458 733 675 768; x_wconf 82' lang='lat' dir='ltr'>Romanorum</span> <span class='ocrx_word' id='word_1_76' title='bbox 712 742 799 775; x_wconf 72' lang='lat' dir='ltr'>reges</span> <span class='ocrx_word' id='word_1_77' title='bbox 826 737 857 763; x_wconf 89' lang='lat' dir='ltr'>et</span> <span class='ocrx_word' id='word_1_78' title='bbox 879 730 979 775; x_wconf 91' lang='lat' dir='ltr'>impe-</span> 
     </span>
     <span class='ocr_line' id='line_1_20' title="bbox 230 779 979 818; baseline -0.007 1"><span class='ocrx_word' id='word_1_79' title='bbox 230 793 349 818; x_wconf 86' lang='lat' dir='ltr'>ratores</span> <span class='ocrx_word' id='word_1_80' title='bbox 362 790 578 818; x_wconf 80' lang='lat' dir='ltr'>antecessores</span> <span class='ocrx_word' id='word_1_81' title='bbox 591 793 664 815; x_wconf 88' lang='lat' dir='ltr'>suos</span> <span class='ocrx_word' id='word_1_82' title='bbox 682 779 843 814; x_wconf 66' lang='lat' dir='ltr'>Ecclesiae</span> <span class='ocrx_word' id='word_1_83' title='bbox 859 787 979 814; x_wconf 82' lang='lat' dir='ltr'>vestrae</span> 
     </span>
     <span class='ocr_line' id='line_1_21' title="bbox 229 828 982 878; baseline -0.009 -9"><span class='ocrx_word' id='word_1_84' title='bbox 229 845 391 872; x_wconf 80' lang='lat' dir='ltr'>concessa,</span> <span class='ocrx_word' id='word_1_85' title='bbox 416 843 538 867; x_wconf 83' lang='lat' dir='ltr'>necnon</span> <span class='ocrx_word' id='word_1_86' title='bbox 562 830 758 878; x_wconf 77' lang='lat' dir='ltr'>privilegium</span> <span class='ocrx_word' id='word_1_87' title='bbox 783 828 908 875; x_wconf 75' lang='lat' dir='ltr'>abipso</span> <span class='ocrx_word' id='word_1_88' title='bbox 924 828 982 862; x_wconf 87' lang='lat' dir='ltr'>Ec-</span> 
     </span>
     <span class='ocr_line' id='line_1_22' title="bbox 229 880 981 927; baseline -0.009 -9"><span class='ocrx_word' id='word_1_89' title='bbox 229 883 343 918; x_wconf 87' lang='lat' dir='ltr'>clesiae</span> <span class='ocrx_word' id='word_1_90' title='bbox 370 889 488 916; x_wconf 84' lang='lat' dir='ltr'>vestrae</span> <span class='ocrx_word' id='word_1_91' title='bbox 512 880 688 927; x_wconf 77' lang='lat' dir='ltr'>praedictae</span> <span class='ocrx_word' id='word_1_92' title='bbox 709 890 908 917; x_wconf 70' lang='lat' dir='ltr'>concessum,</span> <span class='ocrx_word' id='word_1_93' title='bbox 927 890 981 911; x_wconf 89' lang='lat' dir='ltr'>au-</span> 
     </span>
     <span class='ocr_line' id='line_1_23' title="bbox 230 928 979 978; baseline -0.009 -11"><span class='ocrx_word' id='word_1_94' title='bbox 230 931 371 967; x_wconf 87' lang='lat' dir='ltr'>ctoritate</span> <span class='ocrx_word' id='word_1_95' title='bbox 383 931 552 978; x_wconf 81' lang='lat' dir='ltr'>apostolica</span> <span class='ocrx_word' id='word_1_96' title='bbox 567 929 751 975; x_wconf 79' lang='lat' dir='ltr'>dignaremu</span> <span class='ocrx_word' id='word_1_97' title='bbox 759 940 771 961; x_wconf 91' lang='lat' dir='ltr'>r</span> <span class='ocrx_word' id='word_1_98' title='bbox 781 928 979 971; x_wconf 79' lang='lat' dir='ltr'>confirmare,</span> 
     </span>
     <span class='ocr_line' id='line_1_24' title="bbox 230 978 781 1029; baseline -0.013 -12"><span class='ocrx_word' id='word_1_99' title='bbox 230 981 321 1017; x_wconf 91' lang='lat' dir='ltr'>cuius</span> <span class='ocrx_word' id='word_1_100' title='bbox 343 980 494 1029; x_wconf 83' lang='lat' dir='ltr'>privilegii</span> <span class='ocrx_word' id='word_1_101' title='bbox 512 987 602 1015; x_wconf 87' lang='lat' dir='ltr'>tenor</span> <span class='ocrx_word' id='word_1_102' title='bbox 624 978 692 1012; x_wconf 87' lang='lat' dir='ltr'>talis</span> <span class='ocrx_word' id='word_1_103' title='bbox 719 985 781 1011; x_wconf 85' lang='lat' dir='ltr'>est:</span> 
     </span>
    </p>
   </div>
   <div class='ocr_carea' id='block_1_9' title="bbox 231 1081 979 1218">
    <p class='ocr_par' dir='ltr' id='par_1_9' title="bbox 231 1081 979 1218">
     <span class='ocr_line' id='line_1_25' title="bbox 231 1081 979 1119; baseline -0.008 0"><span class='ocrx_word' id='word_1_104' title='bbox 231 1086 271 1119; x_wconf 79' lang='lat' dir='ltr'>In</span> <span class='ocrx_word' id='word_1_105' title='bbox 290 1085 412 1118; x_wconf 76' lang='lat' dir='ltr'>nomine</span> <span class='ocrx_word' id='word_1_106' title='bbox 424 1090 546 1118; x_wconf 82' lang='lat' dir='ltr'>sanctae</span> <span class='ocrx_word' id='word_1_107' title='bbox 567 1090 592 1115; x_wconf 80' lang='lat' dir='ltr'>et</span> <span class='ocrx_word' id='word_1_108' title='bbox 611 1082 790 1115; x_wconf 69' lang='lat' dir='ltr'>imlividaae</span> <span class='ocrx_word' id='word_1_109' title='bbox 806 1081 979 1114; x_wconf 75' lang='lat' dir='ltr'>&#39;I&#39;i·‹&#39;ut&#39;tatis.</span> 
     </span>
     <span class='ocr_line' id='line_1_26' title="bbox 280 1131 976 1176; baseline -0.009 -8"><span class='ocrx_word' id='word_1_110' title='bbox 280 1134 462 1171; x_wconf 61' lang='lat' dir='ltr'>Conrfflus,</span> <span class='ocrx_word' id='word_1_111' title='bbox 508 1133 615 1166; x_wconf 71' lang='lat' dir='ltr'>&lt;licina</span> <span class='ocrx_word' id='word_1_112' title='bbox 649 1133 767 1176; x_wconf 27' lang='lat' dir='ltr'>litt-*ente</span> <span class='ocrx_word' id='word_1_113' title='bbox 799 1131 976 1168; x_wconf 75' lang='lat' dir='ltr'>clementia,</span> 
     </span>
     <span class='ocr_line' id='line_1_27' title="bbox 279 1182 671 1218; baseline -0.01 0"><span class='ocrx_word' id='word_1_114' title='bbox 279 1195 336 1218; x_wconf 73' lang='lat' dir='ltr'>rea:</span> <span class='ocrx_word' id='word_1_115' title='bbox 369 1183 583 1216; x_wconf 81' lang='lat' dir='ltr'>Romanorum</span> <span class='ocrx_word' id='word_1_116' title='bbox 607 1182 671 1215; x_wconf 91' lang='grc' dir='ltr'><strong><em>ΙΙΙ.</em></strong></span> 
     </span>
    </p>
   </div>
   <div class='ocr_carea' id='block_1_10' title="bbox 1021 323 1773 1254">
    <p class='ocr_par' dir='ltr' id='par_1_10' title="bbox 1021 323 1773 1254">
     <span class='ocr_line' id='line_1_28' title="bbox 1021 323 1770 363; baseline -0.011 -5"><span class='ocrx_word' id='word_1_117' title='bbox 1021 331 1066 358; x_wconf 74' lang='lat' dir='ltr'>trs</span> <span class='ocrx_word' id='word_1_118' title='bbox 1103 323 1214 363; x_wconf 76' lang='lat' dir='ltr'>ctiam,</span> <span class='ocrx_word' id='word_1_119' title='bbox 1255 335 1310 355; x_wconf 85' lang='lat' dir='ltr'>uos</span> <span class='ocrx_word' id='word_1_120' title='bbox 1337 330 1367 355; x_wconf 91' lang='lat' dir='ltr'>et</span> <span class='ocrx_word' id='word_1_121' title='bbox 1393 328 1609 354; x_wconf 72' lang='lat' dir='ltr'>antecessores</span> <span class='ocrx_word' id='word_1_122' title='bbox 1647 324 1770 351; x_wconf 88' lang='lat' dir='ltr'>nostros</span> 
     </span>
     <span class='ocr_line' id='line_1_29' title="bbox 1021 366 1769 418; baseline -0.011 -11"><span class='ocrx_word' id='word_1_123' title='bbox 1021 385 1111 418; x_wconf 77' lang='lat' dir='ltr'>rcch</span> <span class='ocrx_word' id='word_1_124' title='bbox 1137 381 1165 406; x_wconf 86' lang='lat' dir='ltr'>ct</span> <span class='ocrx_word' id='word_1_125' title='bbox 1198 373 1401 417; x_wconf 76' lang='lat' dir='ltr'>imperatores</span> <span class='ocrx_word' id='word_1_126' title='bbox 1424 369 1454 403; x_wconf 90' lang='lat' dir='ltr'>iu</span> <span class='ocrx_word' id='word_1_127' title='bbox 1478 368 1560 403; x_wconf 78' lang='lat' dir='ltr'>(licta</span> <span class='ocrx_word' id='word_1_128' title='bbox 1584 366 1725 401; x_wconf 78' lang='lat' dir='ltr'>Ecclesia</span> <span class='ocrx_word' id='word_1_129' title='bbox 1753 378 1769 400; x_wconf 90' lang='lat' dir='ltr'>a</span> 
     </span>
     <span class='ocr_line' id='line_1_30' title="bbox 1021 416 1769 460; baseline -0.009 -4"><span class='ocrx_word' id='word_1_130' title='bbox 1021 423 1201 456; x_wconf 79' lang='lat' dir='ltr'>fundatione</span> <span class='ocrx_word' id='word_1_131' title='bbox 1227 422 1295 455; x_wconf 83' lang='lat' dir='ltr'>cius</span> <span class='ocrx_word' id='word_1_132' title='bbox 1323 421 1402 453; x_wconf 85' lang='lat' dir='ltr'>iuter</span> <span class='ocrx_word' id='word_1_133' title='bbox 1434 418 1602 453; x_wconf 82' lang='lat' dir='ltr'>canonicos</span> <span class='ocrx_word' id='word_1_134' title='bbox 1633 416 1769 460; x_wconf 80' lang='lat' dir='ltr'>primum</span> 
     </span>
     <span class='ocr_line' id='line_1_31' title="bbox 1021 465 1770 514; baseline -0.009 -8"><span class='ocrx_word' id='word_1_135' title='bbox 1021 472 1124 506; x_wconf 89' lang='lat' dir='ltr'>locum</span> <span class='ocrx_word' id='word_1_136' title='bbox 1148 470 1300 510; x_wconf 81' lang='lat' dir='ltr'>obtinere,</span> <span class='ocrx_word' id='word_1_137' title='bbox 1335 477 1536 514; x_wconf 60' lang='lat' dir='ltr'>uostt&#39;au‘tquc</span> <span class='ocrx_word' id='word_1_138' title='bbox 1560 465 1770 513; x_wconf 78' lang='lat' dir='ltr'>praebendam</span> 
     </span>
     <span class='ocr_line' id='line_1_32' title="bbox 1021 515 1770 561; baseline -0.008 -6"><span class='ocrx_word' id='word_1_139' title='bbox 1021 521 1050 555; x_wconf 87' lang='lat' dir='ltr'>in</span> <span class='ocrx_word' id='word_1_140' title='bbox 1075 521 1183 555; x_wconf 71' lang='lat' dir='ltr'>cadom</span> <span class='ocrx_word' id='word_1_141' title='bbox 1209 519 1290 553; x_wconf 55' lang='lat' dir='ltr'>duos</span> <span class='ocrx_word' id='word_1_142' title='bbox 1316 518 1472 552; x_wconf 67' lang='lat' dir='ltr'>deservire</span> <span class='ocrx_word' id='word_1_143' title='bbox 1494 515 1691 554; x_wconf 80' lang='lat' dir='ltr'>sacerdotes,</span> <span class='ocrx_word' id='word_1_144' title='bbox 1716 526 1770 561; x_wconf 87' lang='lat' dir='ltr'>pro</span> 
     </span>
     <span class='ocr_line' id='line_1_33' title="bbox 1022 565 1771 611; baseline -0.007 -7"><span class='ocrx_word' id='word_1_145' title='bbox 1022 579 1124 604; x_wconf 82' lang='lat' dir='ltr'>uestra</span> <span class='ocrx_word' id='word_1_146' title='bbox 1160 569 1270 606; x_wconf 64' lang='lat' dir='ltr'>salute,</span> <span class='ocrx_word' id='word_1_147' title='bbox 1306 577 1335 601; x_wconf 76' lang='lat' dir='ltr'>ct</span> <span class='ocrx_word' id='word_1_148' title='bbox 1369 567 1454 611; x_wconf 66' lang='lat' dir='ltr'>regni</span> <span class='ocrx_word' id='word_1_149' title='bbox 1484 565 1707 611; x_wconf 79' lang='lat' dir='ltr'>tranquillitate</span> <span class='ocrx_word' id='word_1_150' title='bbox 1734 576 1771 599; x_wconf 84' lang='lat' dir='ltr'>ac</span> 
     </span>
     <span class='ocr_line' id='line_1_34' title="bbox 1023 613 1772 666; baseline -0.011 -12"><span class='ocrx_word' id='word_1_151' title='bbox 1023 632 1097 666; x_wconf 86' lang='lat' dir='ltr'>pace</span> <span class='ocrx_word' id='word_1_152' title='bbox 1120 620 1290 653; x_wconf 76' lang='lat' dir='ltr'>Dominum</span> <span class='ocrx_word' id='word_1_153' title='bbox 1319 624 1494 655; x_wconf 76' lang='lat' dir='ltr'>exorantes,</span> <span class='ocrx_word' id='word_1_154' title='bbox 1519 623 1548 649; x_wconf 82' lang='lat' dir='ltr'>ct</span> <span class='ocrx_word' id='word_1_155' title='bbox 1570 615 1642 648; x_wconf 87' lang='lat' dir='ltr'>dicti</span> <span class='ocrx_word' id='word_1_156' title='bbox 1672 613 1772 648; x_wconf 87' lang='lat' dir='ltr'>llard-</span> 
     </span>
     <span class='ocr_line' id='line_1_35' title="bbox 1022 663 1770 712; baseline -0.011 -8"><span class='ocrx_word' id='word_1_157' title='bbox 1022 670 1097 704; x_wconf 89' lang='lat' dir='ltr'>berti</span> <span class='ocrx_word' id='word_1_158' title='bbox 1115 667 1300 702; x_wconf 76' lang='lat' dir='ltr'>venerabilis</span> <span class='ocrx_word' id='word_1_159' title='bbox 1318 665 1457 712; x_wconf 74' lang='lat' dir='ltr'>episcopi</span> <span class='ocrx_word' id='word_1_160' title='bbox 1482 664 1573 698; x_wconf 86' lang='lat' dir='ltr'>lidele</span> <span class='ocrx_word' id='word_1_161' title='bbox 1596 663 1770 706; x_wconf 79' lang='lat' dir='ltr'>servitium,</span> 
     </span>
     <span class='ocr_line' id='line_1_36' title="bbox 1021 711 1768 758; baseline -0.009 -5"><span class='ocrx_word' id='word_1_162' title='bbox 1021 731 1056 753; x_wconf 84' lang='lat' dir='ltr'>ac</span> <span class='ocrx_word' id='word_1_163' title='bbox 1088 718 1272 752; x_wconf 65' lang='lat' dir='ltr'>dilectorum</span> <span class='ocrx_word' id='word_1_164' title='bbox 1313 715 1403 749; x_wconf 80' lang='lat' dir='ltr'>nobis</span> <span class='ocrx_word' id='word_1_165' title='bbox 1438 713 1545 748; x_wconf 87' lang='lat' dir='ltr'>decani</span> <span class='ocrx_word' id='word_1_166' title='bbox 1579 720 1609 747; x_wconf 90' lang='lat' dir='ltr'>et</span> <span class='ocrx_word' id='word_1_167' title='bbox 1642 711 1768 758; x_wconf 86' lang='lat' dir='ltr'>capituli</span> 
     </span>
     <span class='ocr_line' id='line_1_37' title="bbox 1021 762 1770 814; baseline -0.009 -12"><span class='ocrx_word' id='word_1_168' title='bbox 1021 776 1106 814; x_wconf 79' lang='lat' dir='ltr'>grata</span> <span class='ocrx_word' id='word_1_169' title='bbox 1141 766 1301 812; x_wconf 67' lang='lat' dir='ltr'>obsequia,</span> <span class='ocrx_word' id='word_1_170' title='bbox 1337 773 1366 798; x_wconf 74' lang='lat' dir='ltr'>et</span> <span class='ocrx_word' id='word_1_171' title='bbox 1394 764 1592 797; x_wconf 71' lang='lat' dir='ltr'>devotionem</span> <span class='ocrx_word' id='word_1_172' title='bbox 1621 762 1770 808; x_wconf 76' lang='lat' dir='ltr'>frequen-</span> 
     </span>
     <span class='ocr_line' id='line_1_38' title="bbox 1021 811 1769 864; baseline -0.012 -12"><span class='ocrx_word' id='word_1_173' title='bbox 1021 825 1100 855; x_wconf 79' lang='lat' dir='ltr'>tem,</span> <span class='ocrx_word' id='word_1_174' title='bbox 1128 829 1187 864; x_wconf 84' lang='lat' dir='ltr'>qua</span> <span class='ocrx_word' id='word_1_175' title='bbox 1218 824 1354 849; x_wconf 70' lang='lat' dir='ltr'>nostrum</span> <span class='ocrx_word' id='word_1_176' title='bbox 1384 813 1517 857; x_wconf 65' lang='lat' dir='ltr'>regalem</span> <span class='ocrx_word' id='word_1_177' title='bbox 1541 811 1769 850; x_wconf 78' lang='lat' dir='ltr'>excellentiam,</span> 
     </span>
     <span class='ocr_line' id='line_1_39' title="bbox 1021 860 1769 909; baseline -0.009 -8"><span class='ocrx_word' id='word_1_178' title='bbox 1021 875 1050 902; x_wconf 90' lang='lat' dir='ltr'>et</span> <span class='ocrx_word' id='word_1_179' title='bbox 1071 866 1216 901; x_wconf 74' lang='lat' dir='ltr'>dilectam</span> <span class='ocrx_word' id='word_1_180' title='bbox 1240 864 1405 909; x_wconf 75' lang='lat' dir='ltr'>coniugem</span> <span class='ocrx_word' id='word_1_181' title='bbox 1431 870 1566 896; x_wconf 83' lang='lat' dir='ltr'>nostram</span> <span class='ocrx_word' id='word_1_182' title='bbox 1586 860 1769 895; x_wconf 87' lang='lat' dir='ltr'>Gertrudim</span> 
     </span>
     <span class='ocr_line' id='line_1_40' title="bbox 1022 909 1770 962; baseline -0.011 -11"><span class='ocrx_word' id='word_1_183' title='bbox 1022 917 1180 962; x_wconf 74' lang='lat' dir='ltr'>reginam,</span> <span class='ocrx_word' id='word_1_184' title='bbox 1205 927 1259 962; x_wconf 86' lang='lat' dir='ltr'>per</span> <span class='ocrx_word' id='word_1_185' title='bbox 1277 911 1404 960; x_wconf 84' lang='lat' dir='ltr'>aliquod</span> <span class='ocrx_word' id='word_1_186' title='bbox 1434 920 1558 956; x_wconf 73' lang='lat' dir='ltr'>tempus</span> <span class='ocrx_word' id='word_1_187' title='bbox 1581 910 1610 944; x_wconf 93' lang='lat' dir='ltr'>in</span> <span class='ocrx_word' id='word_1_188' title='bbox 1635 911 1700 956; x_wconf 81' lang='lat' dir='ltr'>ipsa</span> <span class='ocrx_word' id='word_1_189' title='bbox 1723 909 1770 943; x_wconf 90' lang='lat' dir='ltr'>ci-</span> 
     </span>
     <span class='ocr_line' id='line_1_41' title="bbox 1022 960 1772 1009; baseline -0.013 -8"><span class='ocrx_word' id='word_1_190' title='bbox 1022 967 1114 1001; x_wconf 67' lang='lat' dir='ltr'>vitate</span> <span class='ocrx_word' id='word_1_191' title='bbox 1136 971 1404 1005; x_wconf 65' lang='lat' dir='ltr'>commorantem,</span> <span class='ocrx_word' id='word_1_192' title='bbox 1433 960 1603 1009; x_wconf 84' lang='lat' dir='ltr'>plurimum</span> <span class='ocrx_word' id='word_1_193' title='bbox 1636 960 1772 993; x_wconf 86' lang='lat' dir='ltr'>bonora-</span> 
     </span>
     <span class='ocr_line' id='line_1_42' title="bbox 1023 1008 1769 1061; baseline -0.011 -11"><span class='ocrx_word' id='word_1_194' title='bbox 1023 1024 1110 1055; x_wconf 85' lang='lat' dir='ltr'>runt,</span> <span class='ocrx_word' id='word_1_195' title='bbox 1143 1023 1173 1049; x_wconf 88' lang='lat' dir='ltr'>et</span> <span class='ocrx_word' id='word_1_196' title='bbox 1206 1021 1332 1061; x_wconf 85' lang='lat' dir='ltr'>propter</span> <span class='ocrx_word' id='word_1_197' title='bbox 1367 1012 1426 1045; x_wconf 86' lang='lat' dir='ltr'>boc</span> <span class='ocrx_word' id='word_1_198' title='bbox 1454 1009 1593 1044; x_wconf 80' lang='lat' dir='ltr'>volentes</span> <span class='ocrx_word' id='word_1_199' title='bbox 1627 1008 1769 1043; x_wconf 83' lang='lat' dir='ltr'>camdem</span> 
     </span>
     <span class='ocr_line' id='line_1_43' title="bbox 1022 1057 1771 1100; baseline -0.011 -1"><span class='ocrx_word' id='word_1_200' title='bbox 1022 1065 1195 1100; x_wconf 69' lang='lat' dir='ltr'>Ecclesiam</span> <span class='ocrx_word' id='word_1_201' title='bbox 1221 1064 1367 1097; x_wconf 85' lang='lat' dir='ltr'>maiorem</span> <span class='ocrx_word' id='word_1_202' title='bbox 1390 1060 1624 1095; x_wconf 72' lang='lat' dir='ltr'>&#39;l&#39;raiccteuscm</span> <span class='ocrx_word' id='word_1_203' title='bbox 1642 1057 1771 1092; x_wconf 77' lang='lat' dir='ltr'>lionoris</span> 
     </span>
     <span class='ocr_line' id='line_1_44' title="bbox 1023 1108 1772 1162; baseline -0.011 -13"><span class='ocrx_word' id='word_1_204' title='bbox 1023 1114 1236 1162; x_wconf 65' lang='lat' dir='ltr'>praerogativa</span> <span class='ocrx_word' id='word_1_205' title='bbox 1259 1110 1385 1159; x_wconf 83' lang='lat' dir='ltr'>speciali</span> <span class='ocrx_word' id='word_1_206' title='bbox 1401 1110 1582 1148; x_wconf 80' lang='lat' dir='ltr'>sublimare,</span> <span class='ocrx_word' id='word_1_207' title='bbox 1605 1108 1646 1142; x_wconf 91' lang='lat' dir='ltr'>ob</span> <span class='ocrx_word' id='word_1_208' title='bbox 1668 1119 1772 1142; x_wconf 86' lang='lat' dir='ltr'>reme-</span> 
     </span>
     <span class='ocr_line' id='line_1_45' title="bbox 1022 1156 1773 1199; baseline -0.012 0"><span class='ocrx_word' id='word_1_209' title='bbox 1022 1165 1109 1199; x_wconf 85' lang='lat' dir='ltr'>dium</span> <span class='ocrx_word' id='word_1_210' title='bbox 1133 1164 1257 1198; x_wconf 82' lang='lat' dir='ltr'>auimac</span> <span class='ocrx_word' id='word_1_211' title='bbox 1285 1168 1421 1199; x_wconf 84' lang='lat' dir='ltr'>nostrae,</span> <span class='ocrx_word' id='word_1_212' title='bbox 1449 1167 1479 1193; x_wconf 87' lang='lat' dir='ltr'>ct</span> <span class='ocrx_word' id='word_1_213' title='bbox 1504 1158 1678 1192; x_wconf 84' lang='lat' dir='ltr'>animarum</span> <span class='ocrx_word' id='word_1_214' title='bbox 1708 1156 1773 1191; x_wconf 86' lang='lat' dir='ltr'>do·-</span> 
     </span>
     <span class='ocr_line' id='line_1_46' title="bbox 1022 1207 1772 1254; baseline -0.009 -6"><span class='ocrx_word' id='word_1_215' title='bbox 1022 1214 1097 1248; x_wconf 87' lang='lat' dir='ltr'>mini</span> <span class='ocrx_word' id='word_1_216' title='bbox 1115 1213 1242 1247; x_wconf 80' lang='lat' dir='ltr'>lleurici</span> <span class='ocrx_word' id='word_1_217' title='bbox 1265 1211 1317 1254; x_wconf 87' lang='lat' dir='ltr'>lll,</span> <span class='ocrx_word' id='word_1_218' title='bbox 1340 1209 1386 1244; x_wconf 89' lang='lat' dir='ltr'>avi</span> <span class='ocrx_word' id='word_1_219' title='bbox 1415 1208 1512 1243; x_wconf 80' lang='lat' dir='ltr'>nostri</span> <span class='ocrx_word' id='word_1_220' title='bbox 1537 1207 1639 1251; x_wconf 82' lang='lat' dir='ltr'>(cuius</span> <span class='ocrx_word' id='word_1_221' title='bbox 1655 1207 1772 1241; x_wconf 71' lang='lat' dir='ltr'>viscera</span> 
     </span>
    </p>
   </div>
   <div class='ocr_carea' id='block_1_11' title="bbox 231 1256 1774 1461">
    <p class='ocr_par' dir='ltr' id='par_1_11' title="bbox 231 1256 1774 1461">
     <span class='ocr_line' id='line_1_47' title="bbox 283 1256 1774 1309; baseline -0.005 -13"><span class='ocrx_word' id='word_1_222' title='bbox 283 1278 299 1296; x_wconf 90' lang='lat'>«</span> <span class='ocrx_word' id='word_1_223' title='bbox 328 1263 363 1298; x_wconf 87' lang='lat' dir='ltr'>Si</span> <span class='ocrx_word' id='word_1_224' title='bbox 392 1262 550 1298; x_wconf 87' lang='lat' dir='ltr'>Ecclesias</span> <span class='ocrx_word' id='word_1_225' title='bbox 584 1262 640 1296; x_wconf 78' lang='lat' dir='ltr'>Dei</span> <span class='ocrx_word' id='word_1_226' title='bbox 670 1260 917 1307; x_wconf 76' lang='lat' dir='ltr'>amplificamus,</span> <span class='ocrx_word' id='word_1_227' title='bbox 951 1270 981 1295; x_wconf 86' lang='lat' dir='ltr'>et</span> <span class='ocrx_word' id='word_1_228' title='bbox 1023 1264 1052 1298; x_wconf 89' lang='lat' dir='ltr'>in</span> <span class='ocrx_word' id='word_1_229' title='bbox 1082 1264 1146 1309; x_wconf 83' lang='lat' dir='ltr'>ipsa</span> <span class='ocrx_word' id='word_1_230' title='bbox 1171 1261 1310 1296; x_wconf 63' lang='lat' dir='ltr'>Ecclesia</span> <span class='ocrx_word' id='word_1_231' title='bbox 1335 1270 1389 1306; x_wconf 84' lang='lat' dir='ltr'>pro</span> <span class='ocrx_word' id='word_1_232' title='bbox 1411 1259 1542 1306; x_wconf 78' lang='lat' dir='ltr'>pignore</span> <span class='ocrx_word' id='word_1_233' title='bbox 1556 1265 1629 1292; x_wconf 91' lang='lat' dir='ltr'>sunt</span> <span class='ocrx_word' id='word_1_234' title='bbox 1642 1256 1774 1303; x_wconf 81' lang='lat' dir='ltr'>sepulta)</span> 
     </span>
     <span class='ocr_line' id='line_1_48' title="bbox 231 1305 1772 1358; baseline -0.008 -6"><span class='ocrx_word' id='word_1_235' title='bbox 231 1325 338 1350; x_wconf 83' lang='lat' dir='ltr'>earum</span> <span class='ocrx_word' id='word_1_236' title='bbox 362 1313 428 1347; x_wconf 82' lang='lat' dir='ltr'>iura</span> <span class='ocrx_word' id='word_1_237' title='bbox 454 1311 548 1358; x_wconf 82' lang='lat' dir='ltr'>regati</span> <span class='ocrx_word' id='word_1_238' title='bbox 577 1311 757 1346; x_wconf 70' lang='lat' dir='ltr'>auctoritate</span> <span class='ocrx_word' id='word_1_239' title='bbox 780 1318 916 1351; x_wconf 78' lang='lat' dir='ltr'>tuemur,</span> <span class='ocrx_word' id='word_1_240' title='bbox 951 1318 981 1345; x_wconf 83' lang='lat' dir='ltr'>et</span> <span class='ocrx_word' id='word_1_241' title='bbox 1023 1321 1051 1347; x_wconf 82' lang='lat' dir='ltr'>et</span> <span class='ocrx_word' id='word_1_242' title='bbox 1076 1312 1203 1347; x_wconf 72' lang='lat' dir='ltr'>{leur-tei</span> <span class='ocrx_word' id='word_1_243' title='bbox 1226 1310 1266 1344; x_wconf 69' lang='lat' dir='ltr'>tv</span> <span class='ocrx_word' id='word_1_244' title='bbox 1289 1308 1434 1344; x_wconf 63' lang='lat' dir='ltr'>auunculi</span> <span class='ocrx_word' id='word_1_245' title='bbox 1449 1308 1545 1342; x_wconf 82' lang='lat' dir='ltr'>nostri</span> <span class='ocrx_word' id='word_1_246' title='bbox 1564 1305 1772 1353; x_wconf 80' lang='lat' dir='ltr'>imperatoris,</span> 
     </span>
     <span class='ocr_line' id='line_1_49' title="bbox 231 1355 1772 1406; baseline -0.008 -6"><span class='ocrx_word' id='word_1_247' title='bbox 231 1363 477 1406; x_wconf 85' lang='lat' dir='ltr'>confirmamus,</span> <span class='ocrx_word' id='word_1_248' title='bbox 518 1368 753 1396; x_wconf 83' lang='lat' dir='ltr'>antecessorum</span> <span class='ocrx_word' id='word_1_249' title='bbox 802 1369 980 1394; x_wconf 88' lang='lat' dir='ltr'>nostrorum</span> <span class='ocrx_word' id='word_1_250' title='bbox 1024 1375 1162 1397; x_wconf 87' lang='lat' dir='ltr'>necnon</span> <span class='ocrx_word' id='word_1_251' title='bbox 1187 1362 1361 1395; x_wconf 74' lang='lat' dir='ltr'>interventu</span> <span class='ocrx_word' id='word_1_252' title='bbox 1384 1358 1515 1393; x_wconf 81' lang='lat' dir='ltr'>dilectae</span> <span class='ocrx_word' id='word_1_253' title='bbox 1542 1355 1686 1401; x_wconf 81' lang='lat' dir='ltr'>coniugis</span> <span class='ocrx_word' id='word_1_254' title='bbox 1713 1367 1772 1389; x_wconf 89' lang='lat' dir='ltr'>no-</span> 
     </span>
     <span class='ocr_line' id='line_1_50' title="bbox 233 1404 1773 1461; baseline -0.005 -15"><span class='ocrx_word' id='word_1_255' title='bbox 233 1414 355 1461; x_wconf 83' lang='lat' dir='ltr'>piorum</span> <span class='ocrx_word' id='word_1_256' title='bbox 385 1423 493 1458; x_wconf 82' lang='lat' dir='ltr'>regum</span> <span class='ocrx_word' id='word_1_257' title='bbox 522 1411 568 1445; x_wconf 77' lang='lat' dir='ltr'>vel</span> <span class='ocrx_word' id='word_1_258' title='bbox 592 1411 815 1457; x_wconf 80' lang='lat' dir='ltr'>imperatorum</span> <span class='ocrx_word' id='word_1_259' title='bbox 839 1410 981 1456; x_wconf 75' lang='lat' dir='ltr'>exempla</span> <span class='ocrx_word' id='word_1_260' title='bbox 1001 1421 1005 1461; x_wconf 62' lang='grc' dir='ltr'>ἱ</span> <span class='ocrx_word' id='word_1_261' title='bbox 1023 1421 1104 1447; x_wconf 79' lang='lat' dir='ltr'>strae</span> <span class='ocrx_word' id='word_1_262' title='bbox 1122 1411 1247 1457; x_wconf 79' lang='lat' dir='ltr'>reginae</span> <span class='ocrx_word' id='word_1_263' title='bbox 1263 1408 1452 1456; x_wconf 72' lang='lat' dir='ltr'>prat-dictae,</span> <span class='ocrx_word' id='word_1_264' title='bbox 1467 1420 1503 1441; x_wconf 81' lang='lat' dir='ltr'>ac</span> <span class='ocrx_word' id='word_1_265' title='bbox 1518 1406 1656 1441; x_wconf 86' lang='lat' dir='ltr'>Couradi</span> <span class='ocrx_word' id='word_1_266' title='bbox 1671 1404 1773 1439; x_wconf 84' lang='lat' dir='ltr'>fratris</span> 
     </span>
    </p>
   </div>
   <div class='ocr_carea' id='block_1_12' title="bbox 231 1459 990 2302">
    <p class='ocr_par' dir='ltr' id='par_1_12' title="bbox 231 1459 990 2302">
     <span class='ocr_line' id='line_1_51' title="bbox 231 1459 980 1505; baseline -0.007 -7"><span class='ocrx_word' id='word_1_267' title='bbox 231 1463 410 1502; x_wconf 82' lang='lat' dir='ltr'>imitamur;</span> <span class='ocrx_word' id='word_1_268' title='bbox 437 1468 468 1496; x_wconf 88' lang='lat' dir='ltr'>et</span> <span class='ocrx_word' id='word_1_269' title='bbox 494 1460 554 1495; x_wconf 88' lang='lat' dir='ltr'>hoc</span> <span class='ocrx_word' id='word_1_270' title='bbox 576 1459 667 1494; x_wconf 85' lang='lat' dir='ltr'>nobis</span> <span class='ocrx_word' id='word_1_271' title='bbox 695 1459 732 1494; x_wconf 85' lang='lat' dir='ltr'>ad</span> <span class='ocrx_word' id='word_1_272' title='bbox 769 1459 854 1505; x_wconf 76' lang='lat' dir='ltr'>regui</span> <span class='ocrx_word' id='word_1_273' title='bbox 882 1460 980 1493; x_wconf 83' lang='lat' dir='ltr'>nostri</span> 
     </span>
     <span class='ocr_line' id='line_1_52' title="bbox 231 1508 984 1556; baseline -0.007 -8"><span class='ocrx_word' id='word_1_274' title='bbox 231 1511 466 1555; x_wconf 75' lang='lat' dir='ltr'>celsitudinem,</span> <span class='ocrx_word' id='word_1_275' title='bbox 487 1518 517 1544; x_wconf 91' lang='lat' dir='ltr'>et</span> <span class='ocrx_word' id='word_1_276' title='bbox 539 1509 707 1556; x_wconf 72' lang='lat' dir='ltr'>praecipue</span> <span class='ocrx_word' id='word_1_277' title='bbox 733 1508 769 1542; x_wconf 87' lang='lat' dir='ltr'>ad</span> <span class='ocrx_word' id='word_1_278' title='bbox 794 1509 915 1543; x_wconf 88' lang='lat' dir='ltr'>animae</span> <span class='ocrx_word' id='word_1_279' title='bbox 931 1520 984 1543; x_wconf 90' lang='lat' dir='ltr'>uo-</span> 
     </span>
     <span class='ocr_line' id='line_1_53' title="bbox 232 1557 981 1606; baseline -0.007 -9"><span class='ocrx_word' id='word_1_280' title='bbox 232 1570 313 1597; x_wconf 80' lang='lat' dir='ltr'>strae</span> <span class='ocrx_word' id='word_1_281' title='bbox 335 1560 468 1596; x_wconf 86' lang='lat' dir='ltr'>salutem</span> <span class='ocrx_word' id='word_1_282' title='bbox 484 1559 681 1606; x_wconf 76' lang='lat' dir='ltr'>profuturum</span> <span class='ocrx_word' id='word_1_283' title='bbox 699 1570 759 1592; x_wconf 87' lang='lat' dir='ltr'>nou</span> <span class='ocrx_word' id='word_1_284' title='bbox 777 1557 981 1604; x_wconf 79' lang='lat' dir='ltr'>ambigimus.</span> 
     </span>
     <span class='ocr_line' id='line_1_54' title="bbox 232 1608 982 1657; baseline -0.007 -11"><span class='ocrx_word' id='word_1_285' title='bbox 232 1611 276 1646; x_wconf 84' lang='lat' dir='ltr'>Ea</span> <span class='ocrx_word' id='word_1_286' title='bbox 300 1617 426 1657; x_wconf 84' lang='lat' dir='ltr'>propter</span> <span class='ocrx_word' id='word_1_287' title='bbox 444 1618 505 1644; x_wconf 84' lang='lat' dir='ltr'>tam</span> <span class='ocrx_word' id='word_1_288' title='bbox 522 1608 695 1643; x_wconf 75' lang='lat' dir='ltr'>futurorum</span> <span class='ocrx_word' id='word_1_289' title='bbox 716 1620 810 1654; x_wconf 77' lang='lat' dir='ltr'>quam</span> <span class='ocrx_word' id='word_1_290' title='bbox 832 1620 982 1654; x_wconf 81' lang='lat' dir='ltr'>praesen-</span> 
     </span>
     <span class='ocr_line' id='line_1_55' title="bbox 234 1657 983 1705; baseline -0.007 -10"><span class='ocrx_word' id='word_1_291' title='bbox 234 1661 312 1696; x_wconf 91' lang='lat' dir='ltr'>tium</span> <span class='ocrx_word' id='word_1_292' title='bbox 338 1659 472 1699; x_wconf 78' lang='lat' dir='ltr'>Christi,</span> <span class='ocrx_word' id='word_1_293' title='bbox 508 1658 669 1705; x_wconf 82' lang='lat' dir='ltr'>nostrique</span> <span class='ocrx_word' id='word_1_294' title='bbox 703 1658 841 1691; x_wconf 84' lang='lat' dir='ltr'>tideliutu</span> <span class='ocrx_word' id='word_1_295' title='bbox 877 1657 983 1701; x_wconf 67' lang='lat' dir='ltr'>regui,</span> 
     </span>
     <span class='ocr_line' id='line_1_56' title="bbox 233 1706 984 1755; baseline -0.005 -10"><span class='ocrx_word' id='word_1_296' title='bbox 233 1710 353 1746; x_wconf 88' lang='lat' dir='ltr'>noverit</span> <span class='ocrx_word' id='word_1_297' title='bbox 377 1709 541 1749; x_wconf 83' lang='lat' dir='ltr'>industria,</span> <span class='ocrx_word' id='word_1_298' title='bbox 568 1707 651 1755; x_wconf 87' lang='lat' dir='ltr'>quod</span> <span class='ocrx_word' id='word_1_299' title='bbox 676 1707 767 1741; x_wconf 87' lang='lat' dir='ltr'>uobis</span> <span class='ocrx_word' id='word_1_300' title='bbox 794 1706 877 1753; x_wconf 72' lang='lat' dir='ltr'>apud</span> <span class='ocrx_word' id='word_1_301' title='bbox 904 1706 984 1741; x_wconf 84' lang='lat' dir='ltr'>Tra-</span> 
     </span>
     <span class='ocr_line' id='line_1_57' title="bbox 233 1756 984 1802; baseline -0.005 -7"><span class='ocrx_word' id='word_1_302' title='bbox 233 1760 350 1795; x_wconf 86' lang='lat' dir='ltr'>iectum</span> <span class='ocrx_word' id='word_1_303' title='bbox 374 1759 531 1794; x_wconf 86' lang='lat' dir='ltr'>civitatem</span> <span class='ocrx_word' id='word_1_304' title='bbox 561 1756 782 1797; x_wconf 77' lang='lat' dir='ltr'>residentibus,</span> <span class='ocrx_word' id='word_1_305' title='bbox 804 1764 833 1791; x_wconf 88' lang='lat' dir='ltr'>et</span> <span class='ocrx_word' id='word_1_306' title='bbox 853 1756 892 1790; x_wconf 88' lang='lat' dir='ltr'>de</span> <span class='ocrx_word' id='word_1_307' title='bbox 909 1768 984 1802; x_wconf 82' lang='lat' dir='ltr'>pace</span> 
     </span>
     <span class='ocr_line' id='line_1_58' title="bbox 235 1805 985 1854; baseline -0.007 -10"><span class='ocrx_word' id='word_1_308' title='bbox 235 1822 271 1845; x_wconf 84' lang='lat' dir='ltr'>ac</span> <span class='ocrx_word' id='word_1_309' title='bbox 293 1809 332 1844; x_wconf 87' lang='lat' dir='ltr'>de</span> <span class='ocrx_word' id='word_1_310' title='bbox 355 1816 436 1843; x_wconf 84' lang='lat' dir='ltr'>statu</span> <span class='ocrx_word' id='word_1_311' title='bbox 463 1809 551 1854; x_wconf 82' lang='lat' dir='ltr'>regni</span> <span class='ocrx_word' id='word_1_312' title='bbox 580 1806 796 1849; x_wconf 79' lang='lat' dir='ltr'>tractantibus,</span> <span class='ocrx_word' id='word_1_313' title='bbox 817 1805 917 1841; x_wconf 86' lang='lat' dir='ltr'>tidelis</span> <span class='ocrx_word' id='word_1_314' title='bbox 932 1818 985 1840; x_wconf 79' lang='lat' dir='ltr'>no-</span> 
     </span>
     <span class='ocr_line' id='line_1_59' title="bbox 235 1855 986 1894; baseline -0.007 0"><span class='ocrx_word' id='word_1_315' title='bbox 235 1867 299 1894; x_wconf 88' lang='lat' dir='ltr'>ster</span> <span class='ocrx_word' id='word_1_316' title='bbox 324 1857 521 1892; x_wconf 80' lang='lat' dir='ltr'>Hurdbertus</span> <span class='ocrx_word' id='word_1_317' title='bbox 542 1856 682 1891; x_wconf 85' lang='lat' dir='ltr'>eiusdem</span> <span class='ocrx_word' id='word_1_318' title='bbox 711 1855 768 1890; x_wconf 89' lang='lat' dir='ltr'>loci</span> <span class='ocrx_word' id='word_1_319' title='bbox 798 1855 986 1890; x_wconf 84' lang='lat' dir='ltr'>venerabilis</span> 
     </span>
     <span class='ocr_line' id='line_1_60' title="bbox 236 1905 986 1956; baseline -0.007 -13"><span class='ocrx_word' id='word_1_320' title='bbox 236 1908 422 1956; x_wconf 82' lang='lat' dir='ltr'>episcopuS,</span> <span class='ocrx_word' id='word_1_321' title='bbox 458 1906 625 1942; x_wconf 86' lang='lat' dir='ltr'>Conradus</span> <span class='ocrx_word' id='word_1_322' title='bbox 648 1905 740 1940; x_wconf 85' lang='lat' dir='ltr'>l&#39;rater</span> <span class='ocrx_word' id='word_1_323' title='bbox 763 1913 868 1939; x_wconf 83' lang='lat' dir='ltr'>noster</span> <span class='ocrx_word' id='word_1_324' title='bbox 897 1917 986 1951; x_wconf 86' lang='lat' dir='ltr'>prae-</span> 
     </span>
     <span class='ocr_line' id='line_1_61' title="bbox 237 1954 988 2005; baseline -0.005 -13"><span class='ocrx_word' id='word_1_325' title='bbox 237 1958 370 2005; x_wconf 87' lang='lat' dir='ltr'>positus,</span> <span class='ocrx_word' id='word_1_326' title='bbox 385 1957 542 1999; x_wconf 87' lang='lat' dir='ltr'>decanus,</span> <span class='ocrx_word' id='word_1_327' title='bbox 557 1964 585 1990; x_wconf 90' lang='lat' dir='ltr'>ct</span> <span class='ocrx_word' id='word_1_328' title='bbox 603 1955 776 2002; x_wconf 80' lang='lat' dir='ltr'>capitulum</span> <span class='ocrx_word' id='word_1_329' title='bbox 793 1955 918 1989; x_wconf 89' lang='lat' dir='ltr'>maioris</span> <span class='ocrx_word' id='word_1_330' title='bbox 930 1954 988 1989; x_wconf 88' lang='lat' dir='ltr'>Ec-</span> 
     </span>
     <span class='ocr_line' id='line_1_62' title="bbox 237 2004 987 2051; baseline -0.007 -9"><span class='ocrx_word' id='word_1_331' title='bbox 237 2007 350 2042; x_wconf 86' lang='lat' dir='ltr'>clesiae</span> <span class='ocrx_word' id='word_1_332' title='bbox 377 2007 478 2041; x_wconf 86' lang='lat' dir='ltr'>dictae</span> <span class='ocrx_word' id='word_1_333' title='bbox 510 2006 643 2040; x_wconf 84' lang='lat' dir='ltr'>civitatis</span> <span class='ocrx_word' id='word_1_334' title='bbox 669 2004 705 2038; x_wconf 79' lang='lat' dir='ltr'>ad</span> <span class='ocrx_word' id='word_1_335' title='bbox 733 2012 869 2038; x_wconf 87' lang='lat' dir='ltr'>nostram</span> <span class='ocrx_word' id='word_1_336' title='bbox 895 2016 987 2051; x_wconf 83' lang='lat' dir='ltr'>prae-</span> 
     </span>
     <span class='ocr_line' id='line_1_63' title="bbox 237 2052 988 2099; baseline -0.008 -8"><span class='ocrx_word' id='word_1_337' title='bbox 237 2057 371 2092; x_wconf 81' lang='lat' dir='ltr'>sentiam</span> <span class='ocrx_word' id='word_1_338' title='bbox 387 2063 551 2098; x_wconf 87' lang='lat' dir='ltr'>venerunt,</span> <span class='ocrx_word' id='word_1_339' title='bbox 573 2062 698 2089; x_wconf 79' lang='lat' dir='ltr'>nostrae</span> <span class='ocrx_word' id='word_1_340' title='bbox 714 2052 891 2088; x_wconf 81' lang='lat' dir='ltr'>celsitudini</span> <span class='ocrx_word' id='word_1_341' title='bbox 910 2066 988 2099; x_wconf 87' lang='lat' dir='ltr'>sup-</span> 
     </span>
     <span class='ocr_line' id='line_1_64' title="bbox 238 2103 987 2154; baseline -0.007 -13"><span class='ocrx_word' id='word_1_342' title='bbox 238 2107 410 2154; x_wconf 79' lang='lat' dir='ltr'>plicantes,</span> <span class='ocrx_word' id='word_1_343' title='bbox 448 2113 480 2140; x_wconf 87' lang='lat' dir='ltr'>ut</span> <span class='ocrx_word' id='word_1_344' title='bbox 512 2105 594 2139; x_wconf 89' lang='lat' dir='ltr'>sicut</span> <span class='ocrx_word' id='word_1_345' title='bbox 627 2111 843 2138; x_wconf 70' lang='lat' dir='ltr'>antecessores</span> <span class='ocrx_word' id='word_1_346' title='bbox 876 2103 987 2143; x_wconf 79' lang='lat' dir='ltr'>nostri,</span> 
     </span>
     <span class='ocr_line' id='line_1_65' title="bbox 240 2152 988 2202; baseline -0.005 -12"><span class='ocrx_word' id='word_1_347' title='bbox 240 2156 282 2202; x_wconf 89' lang='lat' dir='ltr'>pii</span> <span class='ocrx_word' id='word_1_348' title='bbox 316 2155 451 2190; x_wconf 86' lang='lat' dir='ltr'>Romani</span> <span class='ocrx_word' id='word_1_349' title='bbox 485 2166 574 2200; x_wconf 83' lang='lat' dir='ltr'>reges</span> <span class='ocrx_word' id='word_1_350' title='bbox 601 2161 632 2187; x_wconf 85' lang='lat' dir='ltr'>et</span> <span class='ocrx_word' id='word_1_351' title='bbox 657 2153 860 2199; x_wconf 83' lang='lat' dir='ltr'>imperatores</span> <span class='ocrx_word' id='word_1_352' title='bbox 888 2152 988 2198; x_wconf 87' lang='lat' dir='ltr'>ipsam</span> 
     </span>
     <span class='ocr_line' id='line_1_66' title="bbox 238 2201 990 2240; baseline -0.007 0"><span class='ocrx_word' id='word_1_353' title='bbox 238 2204 413 2240; x_wconf 85' lang='lat' dir='ltr'>Ecclesiam</span> <span class='ocrx_word' id='word_1_354' title='bbox 436 2203 669 2238; x_wconf 72' lang='lat' dir='ltr'>Traiectensezu</span> <span class='ocrx_word' id='word_1_355' title='bbox 687 2202 794 2236; x_wconf 87' lang='lat' dir='ltr'>multis</span> <span class='ocrx_word' id='word_1_356' title='bbox 817 2201 990 2236; x_wconf 80' lang='lat' dir='ltr'>bonoribus</span> 
     </span>
     <span class='ocr_line' id='line_1_67' title="bbox 240 2251 990 2302; baseline -0.007 -13"><span class='ocrx_word' id='word_1_357' title='bbox 240 2262 272 2290; x_wconf 81' lang='lat' dir='ltr'>et</span> <span class='ocrx_word' id='word_1_358' title='bbox 285 2253 455 2302; x_wconf 82' lang='lat' dir='ltr'>privilegiis</span> <span class='ocrx_word' id='word_1_359' title='bbox 470 2253 672 2290; x_wconf 72' lang='lat' dir='ltr'>dotaverunt3</span> <span class='ocrx_word' id='word_1_360' title='bbox 695 2251 740 2285; x_wconf 77' lang='lat' dir='ltr'>sie</span> <span class='ocrx_word' id='word_1_361' title='bbox 755 2259 857 2285; x_wconf 82' lang='lat' dir='ltr'>nostra</span> <span class='ocrx_word' id='word_1_362' title='bbox 878 2251 990 2296; x_wconf 70' lang='lat' dir='ltr'>regalis</span> 
     </span>
    </p>
   </div>
   <div class='ocr_carea' id='block_1_13' title="bbox 241 2292 1013 2349">
    <p class='ocr_par' dir='ltr' id='par_1_13' title="bbox 241 2292 1013 2349">
     <span class='ocr_line' id='line_1_68' title="bbox 241 2292 1013 2349; baseline -0.006 -11"><span class='ocrx_word' id='word_1_363' title='bbox 241 2303 446 2347; x_wconf 72' lang='lat' dir='ltr'>excellentia,</span> <span class='ocrx_word' id='word_1_364' title='bbox 483 2302 622 2349; x_wconf 85' lang='lat' dir='ltr'>ipsorum</span> <span class='ocrx_word' id='word_1_365' title='bbox 653 2300 781 2346; x_wconf 72' lang='lat' dir='ltr'>vestigia</span> <span class='ocrx_word' id='word_1_366' title='bbox 818 2292 1013 2340; x_wconf 83' lang='lat' dir='ltr'>imitando,l</span> 
     </span>
    </p>
   </div>
   <div class='ocr_carea' id='block_1_14' title="bbox 242 2350 994 2651">
    <p class='ocr_par' dir='ltr' id='par_1_14' title="bbox 242 2350 992 2397">
     <span class='ocr_line' id='line_1_69' title="bbox 242 2350 992 2397; baseline -0.008 -9"><span class='ocrx_word' id='word_1_367' title='bbox 242 2353 343 2388; x_wconf 88' lang='lat' dir='ltr'>dictae</span> <span class='ocrx_word' id='word_1_368' title='bbox 369 2352 528 2387; x_wconf 79' lang='lat' dir='ltr'>Ecclesiae</span> <span class='ocrx_word' id='word_1_369' title='bbox 555 2351 690 2397; x_wconf 80' lang='lat' dir='ltr'>aliquam</span> <span class='ocrx_word' id='word_1_370' title='bbox 714 2350 841 2384; x_wconf 80' lang='lat' dir='ltr'>lionoris</span> <span class='ocrx_word' id='word_1_371' title='bbox 870 2361 992 2395; x_wconf 85' lang='lat' dir='ltr'>praero-</span> 
     </span>
    </p>

    <p class='ocr_par' dir='ltr' id='par_1_15' title="bbox 243 2398 992 2450">
     <span class='ocr_line' id='line_1_70' title="bbox 243 2398 992 2450; baseline -0.008 -13"><span class='ocrx_word' id='word_1_372' title='bbox 243 2403 375 2450; x_wconf 82' lang='lat' dir='ltr'>gativam</span> <span class='ocrx_word' id='word_1_373' title='bbox 398 2403 571 2436; x_wconf 79' lang='lat' dir='ltr'>concedere</span> <span class='ocrx_word' id='word_1_374' title='bbox 602 2401 814 2446; x_wconf 79' lang='lat' dir='ltr'>dignaremur.</span> <span class='ocrx_word' id='word_1_375' title='bbox 847 2398 911 2432; x_wconf 72' lang='lat' dir='ltr'>Nos</span> <span class='ocrx_word' id='word_1_376' title='bbox 936 2399 992 2432; x_wconf 84' lang='lat' dir='ltr'>ita-</span> 
     </span>
    </p>

    <p class='ocr_par' dir='ltr' id='par_1_16' title="bbox 243 2449 992 2499">
     <span class='ocr_line' id='line_1_71' title="bbox 243 2449 992 2499; baseline -0.008 -12"><span class='ocrx_word' id='word_1_377' title='bbox 243 2464 305 2499; x_wconf 89' lang='lat' dir='ltr'>que</span> <span class='ocrx_word' id='word_1_378' title='bbox 335 2451 587 2490; x_wconf 75' lang='lat' dir='ltr'>considerantes,</span> <span class='ocrx_word' id='word_1_379' title='bbox 624 2450 708 2497; x_wconf 88' lang='lat' dir='ltr'>quod</span> <span class='ocrx_word' id='word_1_380' title='bbox 743 2449 876 2494; x_wconf 71' lang='lat' dir='ltr'>regalem</span> <span class='ocrx_word' id='word_1_381' title='bbox 904 2449 992 2482; x_wconf 84' lang='lat' dir='ltr'>decet</span> 
     </span>
    </p>

    <p class='ocr_par' dir='ltr' id='par_1_17' title="bbox 244 2498 994 2544">
     <span class='ocr_line' id='line_1_72' title="bbox 244 2498 994 2544; baseline -0.007 -8"><span class='ocrx_word' id='word_1_382' title='bbox 244 2501 458 2536; x_wconf 84' lang='lat' dir='ltr'>excellentiam</span> <span class='ocrx_word' id='word_1_383' title='bbox 483 2501 551 2534; x_wconf 86' lang='lat' dir='ltr'>illos</span> <span class='ocrx_word' id='word_1_384' title='bbox 579 2500 731 2533; x_wconf 79' lang='lat' dir='ltr'>bonorare</span> <span class='ocrx_word' id='word_1_385' title='bbox 758 2498 874 2532; x_wconf 78' lang='lat' dir='ltr'>debere</span> <span class='ocrx_word' id='word_1_386' title='bbox 901 2510 994 2544; x_wconf 86' lang='lat' dir='ltr'>prae-</span> 
     </span>
    </p>

    <p class='ocr_par' dir='ltr' id='par_1_18' title="bbox 245 2547 992 2651">
     <span class='ocr_line' id='line_1_73' title="bbox 245 2547 992 2599; baseline -0.007 -14"><span class='ocrx_word' id='word_1_387' title='bbox 245 2551 381 2599; x_wconf 68' lang='lat' dir='ltr'>rogativa</span> <span class='ocrx_word' id='word_1_388' title='bbox 422 2549 584 2596; x_wconf 81' lang='lat' dir='ltr'>ampliori,</span> <span class='ocrx_word' id='word_1_389' title='bbox 619 2560 753 2596; x_wconf 81' lang='lat' dir='ltr'>quorum</span> <span class='ocrx_word' id='word_1_390' title='bbox 793 2547 992 2582; x_wconf 67' lang='lat' dir='ltr'>devotionem</span> 
     </span>
     <span class='ocr_line' id='line_1_74' title="bbox 281 2615 549 2651; baseline -0.011 -8"><span class='ocrx_word' id='word_1_391' title='bbox 281 2615 321 2651; x_wconf 83' lang='lat' dir='ltr'>(l)</span> <span class='ocrx_word' id='word_1_392' title='bbox 341 2615 415 2643; x_wconf 77' lang='lat' dir='ltr'>Adde</span> <span class='ocrx_word' id='word_1_393' title='bbox 434 2618 549 2641; x_wconf 77' lang='lat' dir='ltr'>missum.</span> 
     </span>
    </p>
   </div>
   <div class='ocr_carea' id='block_1_15' title="bbox 1002 1464 1011 2256">
    <p class='ocr_par' dir='ltr' id='par_1_19' title="bbox 1002 1464 1011 2256">
     <span class='ocr_line' id='line_1_75' title="bbox 1002 1464 1011 2256; baseline 0 0"><span class='ocrx_word' id='word_1_394' title='bbox 1002 1464 1011 2256; x_wconf 95' lang='lat' dir='ltr'> </span> 
     </span>
    </p>
   </div>
   <div class='ocr_carea' id='block_1_16' title="bbox 1010 2327 1015 2480">
    <p class='ocr_par' dir='ltr' id='par_1_20' title="bbox 1010 2327 1015 2480">
     <span class='ocr_line' id='line_1_76' title="bbox 1010 2327 1015 2480; baseline 0 725"><span class='ocrx_word' id='word_1_395' title='bbox 1010 2327 1015 2480; x_wconf 95' lang='lat' dir='ltr'> </span> 
     </span>
    </p>
   </div>
   <div class='ocr_carea' id='block_1_17' title="bbox 1024 1455 1786 2637">
    <p class='ocr_par' dir='ltr' id='par_1_21' title="bbox 1024 1455 1786 2637">
     <span class='ocr_line' id='line_1_77' title="bbox 1025 1455 1774 1500; baseline -0.012 -3"><span class='ocrx_word' id='word_1_396' title='bbox 1025 1461 1121 1496; x_wconf 82' lang='lat' dir='ltr'>nostri</span> <span class='ocrx_word' id='word_1_397' title='bbox 1137 1459 1326 1496; x_wconf 78' lang='lat' dir='ltr'>charissimi,</span> <span class='ocrx_word' id='word_1_398' title='bbox 1354 1457 1495 1491; x_wconf 81' lang='lat' dir='ltr'>ciusdem</span> <span class='ocrx_word' id='word_1_399' title='bbox 1514 1455 1675 1490; x_wconf 79' lang='lat' dir='ltr'>Ecclesiae</span> <span class='ocrx_word' id='word_1_400' title='bbox 1690 1466 1774 1500; x_wconf 84' lang='lat' dir='ltr'>prae-</span> 
     </span>
     <span class='ocr_line' id='line_1_78' title="bbox 1025 1504 1774 1558; baseline -0.011 -13"><span class='ocrx_word' id='word_1_401' title='bbox 1025 1512 1130 1558; x_wconf 77' lang='lat' dir='ltr'>positi,</span> <span class='ocrx_word' id='word_1_402' title='bbox 1159 1511 1206 1543; x_wconf 73' lang='lat' dir='ltr'>ius</span> <span class='ocrx_word' id='word_1_403' title='bbox 1229 1507 1362 1553; x_wconf 56' lang='lat' dir='ltr'>eligendi</span> <span class='ocrx_word' id='word_1_404' title='bbox 1385 1515 1414 1541; x_wconf 78' lang='lat' dir='ltr'>et</span> <span class='ocrx_word' id='word_1_405' title='bbox 1437 1505 1618 1540; x_wconf 86' lang='lat' dir='ltr'>instituendi</span> <span class='ocrx_word' id='word_1_406' title='bbox 1642 1504 1774 1551; x_wconf 84' lang='lat' dir='ltr'>episco—</span> 
     </span>
     <span class='ocr_line' id='line_1_79' title="bbox 1026 1554 1775 1606; baseline -0.009 -12"><span class='ocrx_word' id='word_1_407' title='bbox 1026 1573 1099 1606; x_wconf 87' lang='lat' dir='ltr'>pum</span> <span class='ocrx_word' id='word_1_408' title='bbox 1137 1560 1167 1593; x_wconf 91' lang='lat' dir='ltr'>in</span> <span class='ocrx_word' id='word_1_409' title='bbox 1198 1560 1260 1605; x_wconf 80' lang='lat' dir='ltr'>ipsa</span> <span class='ocrx_word' id='word_1_410' title='bbox 1299 1557 1461 1596; x_wconf 72' lang='lat' dir='ltr'>Ecclesia,</span> <span class='ocrx_word' id='word_1_411' title='bbox 1498 1555 1580 1603; x_wconf 91' lang='lat' dir='ltr'>quod</span> <span class='ocrx_word' id='word_1_412' title='bbox 1616 1554 1652 1588; x_wconf 84' lang='lat' dir='ltr'>ad</span> <span class='ocrx_word' id='word_1_413' title='bbox 1686 1565 1775 1599; x_wconf 81' lang='lat' dir='ltr'>reges</span> 
     </span>
     <span class='ocr_line' id='line_1_80' title="bbox 1026 1602 1775 1653; baseline -0.011 -8"><span class='ocrx_word' id='word_1_414' title='bbox 1026 1610 1240 1645; x_wconf 79' lang='lat' dir='ltr'>Romanorum</span> <span class='ocrx_word' id='word_1_415' title='bbox 1265 1615 1295 1641; x_wconf 81' lang='lat' dir='ltr'>et</span> <span class='ocrx_word' id='word_1_416' title='bbox 1318 1608 1521 1653; x_wconf 86' lang='lat' dir='ltr'>imperatores</span> <span class='ocrx_word' id='word_1_417' title='bbox 1547 1604 1703 1651; x_wconf 85' lang='lat' dir='ltr'>pertinere</span> <span class='ocrx_word' id='word_1_418' title='bbox 1725 1602 1775 1637; x_wconf 87' lang='lat' dir='ltr'>di-</span> 
     </span>
     <span class='ocr_line' id='line_1_81' title="bbox 1024 1653 1775 1705; baseline -0.009 -12"><span class='ocrx_word' id='word_1_419' title='bbox 1024 1660 1198 1705; x_wconf 76' lang='lat' dir='ltr'>gnoscitur,</span> <span class='ocrx_word' id='word_1_420' title='bbox 1221 1666 1249 1691; x_wconf 87' lang='lat' dir='ltr'>et</span> <span class='ocrx_word' id='word_1_421' title='bbox 1272 1657 1309 1691; x_wconf 83' lang='lat' dir='ltr'>ab</span> <span class='ocrx_word' id='word_1_422' title='bbox 1332 1654 1584 1690; x_wconf 78' lang='lat' dir='ltr'>antecessoribus</span> <span class='ocrx_word' id='word_1_423' title='bbox 1599 1653 1714 1688; x_wconf 86' lang='lat' dir='ltr'>uostris</span> <span class='ocrx_word' id='word_1_424' title='bbox 1734 1665 1775 1687; x_wconf 84' lang='lat' dir='ltr'>re·</span> 
     </span>
     <span class='ocr_line' id='line_1_82' title="bbox 1025 1703 1776 1755; baseline -0.009 -12"><span class='ocrx_word' id='word_1_425' title='bbox 1025 1709 1118 1755; x_wconf 70' lang='lat' dir='ltr'>gibus</span> <span class='ocrx_word' id='word_1_426' title='bbox 1145 1715 1175 1743; x_wconf 84' lang='lat' dir='ltr'>et</span> <span class='ocrx_word' id='word_1_427' title='bbox 1203 1705 1444 1753; x_wconf 69' lang='lat' dir='ltr'>imperatoribus</span> <span class='ocrx_word' id='word_1_428' title='bbox 1479 1715 1578 1751; x_wconf 81' lang='lat' dir='ltr'>usquc</span> <span class='ocrx_word' id='word_1_429' title='bbox 1606 1703 1642 1737; x_wconf 86' lang='lat' dir='ltr'>ad</span> <span class='ocrx_word' id='word_1_430' title='bbox 1671 1710 1776 1737; x_wconf 86' lang='lat' dir='ltr'>nostra</span> 
     </span>
     <span class='ocr_line' id='line_1_83' title="bbox 1027 1752 1776 1804; baseline -0.011 -11"><span class='ocrx_word' id='word_1_431' title='bbox 1027 1768 1165 1804; x_wconf 88' lang='lat' dir='ltr'>tempora</span> <span class='ocrx_word' id='word_1_432' title='bbox 1194 1766 1240 1792; x_wconf 91' lang='lat' dir='ltr'>est</span> <span class='ocrx_word' id='word_1_433' title='bbox 1262 1755 1443 1790; x_wconf 88' lang='lat' dir='ltr'>devolutum</span> <span class='ocrx_word' id='word_1_434' title='bbox 1463 1761 1493 1788; x_wconf 83' lang='lat' dir='ltr'>et</span> <span class='ocrx_word' id='word_1_435' title='bbox 1514 1752 1702 1792; x_wconf 88' lang='lat' dir='ltr'>deductum,</span> <span class='ocrx_word' id='word_1_436' title='bbox 1726 1764 1776 1786; x_wconf 87' lang='lat' dir='ltr'>an-</span> 
     </span>
     <span class='ocr_line' id='line_1_84' title="bbox 1028 1801 1777 1854; baseline -0.011 -11"><span class='ocrx_word' id='word_1_437' title='bbox 1028 1808 1149 1843; x_wconf 84' lang='lat' dir='ltr'>tedictis</span> <span class='ocrx_word' id='word_1_438' title='bbox 1180 1806 1377 1854; x_wconf 84' lang='lat' dir='ltr'>praeposito,</span> <span class='ocrx_word' id='word_1_439' title='bbox 1411 1804 1547 1843; x_wconf 81' lang='lat' dir='ltr'>decano,</span> <span class='ocrx_word' id='word_1_440' title='bbox 1574 1814 1610 1837; x_wconf 87' lang='lat' dir='ltr'>ae</span> <span class='ocrx_word' id='word_1_441' title='bbox 1639 1801 1777 1848; x_wconf 88' lang='lat' dir='ltr'>capitulo</span> 
     </span>
     <span class='ocr_line' id='line_1_85' title="bbox 1026 1851 1777 1895; baseline -0.012 -2"><span class='ocrx_word' id='word_1_442' title='bbox 1026 1858 1188 1893; x_wconf 87' lang='lat' dir='ltr'>Ecclesiae</span> <span class='ocrx_word' id='word_1_443' title='bbox 1214 1854 1436 1895; x_wconf 84' lang='lat' dir='ltr'>Traiectensis,</span> <span class='ocrx_word' id='word_1_444' title='bbox 1459 1865 1494 1888; x_wconf 84' lang='lat' dir='ltr'>ac</span> <span class='ocrx_word' id='word_1_445' title='bbox 1516 1852 1639 1886; x_wconf 88' lang='lat' dir='ltr'>dilectis</span> <span class='ocrx_word' id='word_1_446' title='bbox 1662 1851 1777 1885; x_wconf 85' lang='lat' dir='ltr'>nostris</span> 
     </span>
     <span class='ocr_line' id='line_1_86' title="bbox 1029 1901 1778 1954; baseline -0.009 -13"><span class='ocrx_word' id='word_1_447' title='bbox 1029 1907 1216 1954; x_wconf 82' lang='lat' dir='ltr'>praeposito,</span> <span class='ocrx_word' id='word_1_448' title='bbox 1240 1905 1369 1944; x_wconf 81' lang='lat' dir='ltr'>decano,</span> <span class='ocrx_word' id='word_1_449' title='bbox 1406 1911 1435 1938; x_wconf 88' lang='lat' dir='ltr'>et</span> <span class='ocrx_word' id='word_1_450' title='bbox 1465 1901 1603 1949; x_wconf 82' lang='lat' dir='ltr'>capitulo</span> <span class='ocrx_word' id='word_1_451' title='bbox 1624 1901 1778 1935; x_wconf 85' lang='lat' dir='ltr'>ecclesiae</span> 
     </span>
     <span class='ocr_line' id='line_1_87' title="bbox 1027 1950 1778 1992; baseline -0.012 0"><span class='ocrx_word' id='word_1_452' title='bbox 1027 1957 1133 1992; x_wconf 72' lang='lat' dir='ltr'>Sancti</span> <span class='ocrx_word' id='word_1_453' title='bbox 1160 1954 1317 1991; x_wconf 84' lang='lat' dir='ltr'>Bonifaeii</span> <span class='ocrx_word' id='word_1_454' title='bbox 1336 1952 1478 1988; x_wconf 86' lang='lat' dir='ltr'>eiusdem</span> <span class='ocrx_word' id='word_1_455' title='bbox 1502 1952 1573 1992; x_wconf 87' lang='lat' dir='ltr'>loci,</span> <span class='ocrx_word' id='word_1_456' title='bbox 1600 1950 1700 1985; x_wconf 87' lang='lat' dir='ltr'>eidem</span> <span class='ocrx_word' id='word_1_457' title='bbox 1718 1962 1778 1984; x_wconf 89' lang='lat' dir='ltr'>ma-</span> 
     </span>
     <span class='ocr_line' id='line_1_88' title="bbox 1029 1999 1777 2046; baseline -0.011 -6"><span class='ocrx_word' id='word_1_458' title='bbox 1029 2006 1084 2041; x_wconf 91' lang='lat' dir='ltr'>iori</span> <span class='ocrx_word' id='word_1_459' title='bbox 1102 2005 1263 2039; x_wconf 77' lang='lat' dir='ltr'>Ecclesiae</span> <span class='ocrx_word' id='word_1_460' title='bbox 1279 2003 1317 2038; x_wconf 73' lang='lat' dir='ltr'>ab</span> <span class='ocrx_word' id='word_1_461' title='bbox 1332 2014 1438 2037; x_wconf 83' lang='lat' dir='ltr'>earum</span> <span class='ocrx_word' id='word_1_462' title='bbox 1455 2001 1634 2035; x_wconf 81' lang='lat' dir='ltr'>fundatione</span> <span class='ocrx_word' id='word_1_463' title='bbox 1649 1999 1777 2046; x_wconf 85' lang='lat' dir='ltr'>speciali</span> 
     </span>
     <span class='ocr_line' id='line_1_89' title="bbox 1030 2049 1778 2097; baseline -0.011 -7"><span class='ocrx_word' id='word_1_464' title='bbox 1030 2056 1231 2097; x_wconf 84' lang='lat' dir='ltr'>fraternitate,</span> <span class='ocrx_word' id='word_1_465' title='bbox 1254 2062 1288 2087; x_wconf 89' lang='lat' dir='ltr'>ut</span> <span class='ocrx_word' id='word_1_466' title='bbox 1314 2052 1406 2087; x_wconf 90' lang='lat' dir='ltr'>nobis</span> <span class='ocrx_word' id='word_1_467' title='bbox 1428 2051 1576 2093; x_wconf 85' lang='lat' dir='ltr'>innotuit,</span> <span class='ocrx_word' id='word_1_468' title='bbox 1590 2049 1778 2093; x_wconf 85' lang='lat' dir='ltr'>coniunctis,</span> 
     </span>
     <span class='ocr_line' id='line_1_90' title="bbox 1031 2098 1779 2149; baseline -0.009 -10"><span class='ocrx_word' id='word_1_469' title='bbox 1031 2106 1059 2139; x_wconf 91' lang='lat' dir='ltr'>iu</span> <span class='ocrx_word' id='word_1_470' title='bbox 1081 2104 1280 2138; x_wconf 76' lang='lat' dir='ltr'>donationem</span> <span class='ocrx_word' id='word_1_471' title='bbox 1305 2110 1487 2149; x_wconf 85' lang='lat' dir='ltr'>perpetuam</span> <span class='ocrx_word' id='word_1_472' title='bbox 1510 2099 1605 2145; x_wconf 77' lang='lat' dir='ltr'>regali</span> <span class='ocrx_word' id='word_1_473' title='bbox 1634 2098 1779 2143; x_wconf 72' lang='lat' dir='ltr'>magnili-</span> 
     </span>
     <span class='ocr_line' id='line_1_91' title="bbox 1030 2148 1780 2189; baseline -0.011 0"><span class='ocrx_word' id='word_1_474' title='bbox 1030 2154 1131 2189; x_wconf 72' lang='lat' dir='ltr'>ceutia</span> <span class='ocrx_word' id='word_1_475' title='bbox 1163 2152 1368 2188; x_wconf 87' lang='lat' dir='ltr'>concedimus</span> <span class='ocrx_word' id='word_1_476' title='bbox 1396 2151 1426 2184; x_wconf 91' lang='lat' dir='ltr'>in</span> <span class='ocrx_word' id='word_1_477' title='bbox 1457 2150 1596 2188; x_wconf 87' lang='lat' dir='ltr'>donum,</span> <span class='ocrx_word' id='word_1_478' title='bbox 1619 2155 1648 2183; x_wconf 84' lang='lat' dir='ltr'>ct</span> <span class='ocrx_word' id='word_1_479' title='bbox 1667 2148 1780 2182; x_wconf 85' lang='lat' dir='ltr'>damus</span> 
     </span>
     <span class='ocr_line' id='line_1_92' title="bbox 1033 2197 1780 2251; baseline -0.007 -14"><span class='ocrx_word' id='word_1_480' title='bbox 1033 2210 1216 2251; x_wconf 79' lang='lat' dir='ltr'>potestatem</span> <span class='ocrx_word' id='word_1_481' title='bbox 1240 2209 1378 2235; x_wconf 69' lang='lat' dir='ltr'>nostram</span> <span class='ocrx_word' id='word_1_482' title='bbox 1401 2198 1629 2238; x_wconf 85' lang='lat' dir='ltr'>omnimodam,</span> <span class='ocrx_word' id='word_1_483' title='bbox 1651 2209 1668 2232; x_wconf 90' lang='lat' dir='ltr'>a</span> <span class='ocrx_word' id='word_1_484' title='bbox 1695 2197 1780 2232; x_wconf 87' lang='lat' dir='ltr'>nullo</span> 
     </span>
     <span class='ocr_line' id='line_1_93' title="bbox 1031 2247 1781 2294; baseline -0.009 -7"><span class='ocrx_word' id='word_1_485' title='bbox 1031 2263 1249 2287; x_wconf 52' lang='lat' dir='ltr'>succchorum</span> <span class='ocrx_word' id='word_1_486' title='bbox 1273 2258 1452 2285; x_wconf 79' lang='lat' dir='ltr'>nostrorum</span> <span class='ocrx_word' id='word_1_487' title='bbox 1477 2247 1721 2294; x_wconf 72' lang='lat' dir='ltr'>iniringeudam,</span> <span class='ocrx_word' id='word_1_488' title='bbox 1749 2254 1781 2281; x_wconf 83' lang='lat' dir='ltr'>ut</span> 
     </span>
     <span class='ocr_line' id='line_1_94' title="bbox 1032 2298 1782 2348; baseline -0.007 -13"><span class='ocrx_word' id='word_1_489' title='bbox 1032 2315 1102 2336; x_wconf 61' lang='lat' dir='ltr'>curu</span> <span class='ocrx_word' id='word_1_490' title='bbox 1128 2302 1341 2348; x_wconf 77' lang='lat' dir='ltr'>episcopatum</span> <span class='ocrx_word' id='word_1_491' title='bbox 1366 2298 1558 2345; x_wconf 84' lang='lat' dir='ltr'>praedictum</span> <span class='ocrx_word' id='word_1_492' title='bbox 1582 2308 1691 2331; x_wconf 81' lang='lat' dir='ltr'>vacare</span> <span class='ocrx_word' id='word_1_493' title='bbox 1710 2309 1782 2331; x_wconf 86' lang='lat' dir='ltr'>cou-</span> 
     </span>
     <span class='ocr_line' id='line_1_95' title="bbox 1034 2346 1782 2397; baseline -0.008 -11"><span class='ocrx_word' id='word_1_494' title='bbox 1034 2352 1148 2397; x_wconf 60' lang='lat' dir='ltr'>tigvrit,</span> <span class='ocrx_word' id='word_1_495' title='bbox 1161 2350 1254 2384; x_wconf 85' lang='lat' dir='ltr'>iidem</span> <span class='ocrx_word' id='word_1_496' title='bbox 1272 2348 1450 2395; x_wconf 48' lang='lat' dir='ltr'>praelianti,</span> <span class='ocrx_word' id='word_1_497' title='bbox 1467 2346 1587 2387; x_wconf 81' lang='lat' dir='ltr'>decani,</span> <span class='ocrx_word' id='word_1_498' title='bbox 1601 2355 1630 2381; x_wconf 87' lang='lat' dir='ltr'>et</span> <span class='ocrx_word' id='word_1_499' title='bbox 1646 2346 1782 2392; x_wconf 82' lang='lat' dir='ltr'>capitula</span> 
     </span>
     <span class='ocr_line' id='line_1_96' title="bbox 1034 2396 1783 2438; baseline -0.007 -3"><span class='ocrx_word' id='word_1_500' title='bbox 1034 2401 1172 2438; x_wconf 63' lang='lat' dir='ltr'>iustioris,</span> <span class='ocrx_word' id='word_1_501' title='bbox 1196 2407 1225 2434; x_wconf 82' lang='lat' dir='ltr'>et</span> <span class='ocrx_word' id='word_1_502' title='bbox 1252 2399 1357 2432; x_wconf 63' lang='lat' dir='ltr'>Stricti</span> <span class='ocrx_word' id='word_1_503' title='bbox 1385 2397 1555 2432; x_wconf 79' lang='lat' dir='ltr'>Salvatoris</span> <span class='ocrx_word' id='word_1_504' title='bbox 1573 2396 1783 2431; x_wconf 75' lang='lat' dir='ltr'>Traiecteusis</span> 
     </span>
     <span class='ocr_line' id='line_1_97' title="bbox 1034 2446 1782 2490; baseline -0.008 -6"><span class='ocrx_word' id='word_1_505' title='bbox 1034 2449 1198 2490; x_wconf 82' lang='lat' dir='ltr'>antedicti,</span> <span class='ocrx_word' id='word_1_506' title='bbox 1226 2457 1254 2482; x_wconf 72' lang='lat' dir='ltr'>et</span> <span class='ocrx_word' id='word_1_507' title='bbox 1277 2447 1351 2481; x_wconf 89' lang='lat' dir='ltr'>uulli</span> <span class='ocrx_word' id='word_1_508' title='bbox 1380 2447 1451 2487; x_wconf 87' lang='lat' dir='ltr'>alii,</span> <span class='ocrx_word' id='word_1_509' title='bbox 1480 2447 1537 2481; x_wconf 88' lang='lat' dir='ltr'>nisi</span> <span class='ocrx_word' id='word_1_510' title='bbox 1567 2446 1782 2480; x_wconf 67' lang='lat' dir='ltr'>Ecclesiarmn</span> 
     </span>
     <span class='ocr_line' id='line_1_98' title="bbox 1035 2495 1783 2543; baseline -0.009 -9"><span class='ocrx_word' id='word_1_511' title='bbox 1035 2512 1161 2534; x_wconf 69' lang='lat' dir='ltr'>suarum</span> <span class='ocrx_word' id='word_1_512' title='bbox 1203 2497 1429 2539; x_wconf 67' lang='lat' dir='ltr'>concanonici,</span> <span class='ocrx_word' id='word_1_513' title='bbox 1467 2496 1650 2543; x_wconf 84' lang='lat' dir='ltr'>episcopum</span> <span class='ocrx_word' id='word_1_514' title='bbox 1686 2495 1783 2528; x_wconf 76' lang='lat' dir='ltr'>alium</span> 
     </span>
     <span class='ocr_line' id='line_1_99' title="bbox 1036 2545 1782 2594; baseline -0.008 -11"><span class='ocrx_word' id='word_1_515' title='bbox 1036 2548 1168 2594; x_wconf 51' lang='lat' dir='ltr'>eligendi</span> <span class='ocrx_word' id='word_1_516' title='bbox 1210 2547 1378 2593; x_wconf 69' lang='lat' dir='ltr'>plenariam</span> <span class='ocrx_word' id='word_1_517' title='bbox 1419 2545 1551 2580; x_wconf 72' lang='lat' dir='ltr'>babeant</span> <span class='ocrx_word' id='word_1_518' title='bbox 1587 2552 1782 2592; x_wconf 76' lang='lat' dir='ltr'>potestatem.</span> 
     </span>
     <span class='ocr_line' id='line_1_100' title="bbox 1036 2595 1786 2637; baseline -0.008 -3"><span class='ocrx_word' id='word_1_519' title='bbox 1036 2599 1076 2634; x_wconf 91' lang='lat' dir='ltr'>Ut</span> <span class='ocrx_word' id='word_1_520' title='bbox 1100 2606 1201 2632; x_wconf 70' lang='lat' dir='ltr'>autem</span> <span class='ocrx_word' id='word_1_521' title='bbox 1227 2598 1302 2631; x_wconf 69' lang='lat' dir='ltr'>llaec</span> <span class='ocrx_word' id='word_1_522' title='bbox 1325 2607 1428 2630; x_wconf 80' lang='lat' dir='ltr'>nostra</span> <span class='ocrx_word' id='word_1_523' title='bbox 1444 2595 1582 2637; x_wconf 81' lang='lat' dir='ltr'>donatio,</span> <span class='ocrx_word' id='word_1_524' title='bbox 1604 2595 1734 2632; x_wconf 79' lang='lat' dir='ltr'>donum,</span> <span class='ocrx_word' id='word_1_525' title='bbox 1755 2601 1786 2628; x_wconf 85' lang='lat' dir='ltr'>ct.</span> 
     </span>
    </p>
   </div>
   <div class='ocr_carea' id='block_1_18' title="bbox 1786 203 1969 236">
    <p class='ocr_par' dir='ltr' id='par_1_22' title="bbox 1786 203 1969 236">
     <span class='ocr_line' id='line_1_101' title="bbox 1786 203 1969 236; baseline -0.011 0"><span class='ocrx_word' id='word_1_526' title='bbox 1786 208 1834 236; x_wconf 75' lang='lat' dir='ltr'>An.</span> <span class='ocrx_word' id='word_1_527' title='bbox 1853 208 1880 235; x_wconf 87' lang='lat' dir='ltr'>C.</span> <span class='ocrx_word' id='word_1_528' title='bbox 1903 203 1969 234; x_wconf 62' lang='lat' dir='ltr'>¹¹11ss</span> 
     </span>
    </p>
   </div>
  </div>
 </body>
</html>
