2180 3205
217 239 266 266 An.
285 240 314 265 c.
332 240 397 266 ¹¹58
460 229 530 262 654

687 281 692 287 ’
742 289 828 344 xxi.

412 365 612 408 Privileyium
664 363 906 408 confirmationis
957 363 1159 396 donationum

461 414 645 446 monasterio
671 414 703 445 in
737 413 957 456 Pruseninyen.
993 414 1159 456 factarum,

460 464 510 496 cui
530 464 677 496 nonnulla
698 462 862 506 privileyi'a
877 463 1082 495 conceduntur
1098 464 1158 503 (Ι).

411 535 494 569 Huic
516 535 698 568 itionaslerio
719 535 832 567 simih'a
858 534 1021 578 privilegia
1047 546 1162 567 conces·

459 595 521 617 sere
565 584 757 617 Innocentius
799 584 864 617 ΡΙ).
905 583 942 617 ΙΙ
977 590 1004 616 et
1056 584 1161 628 Enye-

461 634 529 667 ni'us
559 633 623 667 ΙΙΙ.

677 697 892 728 SUMMARIUM

410 767 578 798 Exordium.
595 783 634 789 —
651 765 862 796 >lonasterium
893 766 948 796 sub
982 766 1161 805 protectione

449 813 533 843 Sedis
551 812 652 852 Apost.
675 811 789 851 recipit.
806 828 846 834 —
863 811 965 841 Eidem
988 811 1161 841 donationes

449 867 552 888 omnes
583 857 746 888 confirmat.
767 873 806 878 —
823 855 854 885 ln
873 856 1008 886 ecclesiis
1031 856 1066 886 ad
1089 856 1161 885 illud

450 901 653 942 spectantibus
677 912 691 931 a
711 901 865 931 monachis
884 901 953 939 eligi
986 900 1065 930 iubet
1082 910 1162 939 pres-

450 948 575 987 byteros,
594 947 644 986 qui
663 955 764 976 curam
784 946 948 975 animarum
967 945 1002 975 ab
1022 946 1161 985 episcopo

450 992 622 1032 suscipiant.
633 991 715 1021 —In
728 991 877 1021 communi
890 996 984 1020 terrae
997 990 1161 1027 interdicto,

450 1037 563 1067 clausis
593 1036 707 1071 hostiis,
730 1036 891 1065 monachos
911 1044 993 1064 sacra
1013 1043 1161 1073 peragere,

449 1081 590 1120 indulget.
603 1097 642 1103 —
653 1079 840 1120 Sepulturam
855 1079 1024 1108 monasterii
1038 1078 1160 1107 liberam

450 1125 510 1155 sore
539 1125 678 1155 declarat.
710 1141 749 1146 —
780 1124 935 1154 Decretum
967 1123 1161 1152 immunitatis

449 1179 502 1208 pro
536 1170 723 1199 monasterio.
739 1186 778 1191 —-
797 1169 906 1199 Solitae
939 1167 1102 1198 clausulae.
1123 1184 1163 1189 -—

451 1213 587 1244 Hadriani
607 1213 661 1243 PP.
679 1213 870 1253 subscriptio.

409 1280 522 1310 Adrianus
540 1281 660 1319 episcopus
682 1289 759 1309 servus
779 1289 896 1309 servorum
919 1279 970 1317 ssei,
1000 1279 1093 1309 dilectis
1108 1279 1162 1308 liliis

449 1324 533 1354 Erboni
555 1323 631 1354 abbati
656 1324 790 1354 monasterii
811 1324 833 1353 S.
859 1324 953 1363 Georgii
981 1323 1160 1362 Pruleningen.,

449 1370 544 1408 eiusque
579 1367 684 1398 tratribus
715 1372 761 1398 tani
797 1368 956 1407 praesentibus
991 1378 1058 1407 quain
1081 1367 1162 1398 futuris

449 1414 582 1453 regularem
600 1414 669 1443 vitani
692 1412 807 1452 professis,
832 1414 854 1442 in
877 1417 1021 1452 perpetuum.

246 1489 363 1511 Exordium.

459 1480 509 1516 Ad
536 1480 597 1515 hoc
625 1480 809 1515 universalis
831 1480 992 1516 Ecclesiae
1009 1493 1083 1516 cura
1103 1494 1161 1516 no-

411 1531 461 1566 bis
486 1543 502 1566 a
531 1530 690 1578 provisore
723 1530 864 1565 omnium
898 1530 1053 1566 bonorum
1094 1531 1161 1566 Deo

411 1580 578 1616 commissa
612 1589 680 1621 est,
720 1588 753 1614 ut
792 1581 955 1627 religiosas
992 1580 1161 1627 diligamus

411 1642 572 1678 personas,
600 1638 630 1665 et
652 1629 910 1678 beneplacentem
937 1630 1005 1665 Deo
1027 1630 1161 1676 religio-

411 1693 485 1715 nem
517 1679 702 1715 studeamus
730 1680 833 1715 modis
862 1680 1012 1715 omnibus
1040 1692 1162 1728 propa-

411 1742 494 1777 gare.
521 1729 588 1764 Nec
619 1730 703 1765 enim
742 1730 810 1765 Deo
846 1738 954 1776 gratus
991 1730 1161 1776 aliquando

412 1779 579 1815 famulatus
612 1779 815 1827 impenditur,
850 1780 909 1814 nisi
938 1792 976 1814 ex
1003 1779 1162 1815 charitatis

412 1829 515 1865 radice
562 1829 737 1877 procedens
775 1842 791 1864 a
829 1830 962 1877 puritate
1001 1829 1162 1876 religionis

413 1879 505 1914 fuerit
531 1888 744 1914 conservatus.
768 1879 899 1926 Oportet
920 1879 1027 1925 igitur,
1049 1892 1161 1915 omnes

412 1929 599 1964 christianae
623 1929 692 1964 fidei
709 1937 863 1964 amatores
884 1929 1068 1976 religionem
1086 1929 1161 1964 dili-

412 1991 497 2026 gere,
525 1987 556 2014 et
583 1980 649 2014 loca
673 1979 860 2014 venerabilia
887 1991 958 2014 cum
987 1979 1064 2026 ipsis
1091 1991 1163 2026 per-

412 2029 498 2064 sonis
520 2029 625 2065 divino
651 2029 778 2064 servitio
800 2029 986 2076 mancipatis
1012 2029 1163 2064 attentius

413 2078 593 2120 confovere,
620 2087 655 2113 ut
677 2078 774 2114 nullis
802 2091 968 2126 pravorum
997 2078 1161 2114 bominum

413 2129 572 2175 agitentur
595 2129 758 2169 molestiis,
782 2128 828 2164 vel
850 2129 1039 2176 importunis
1065 2140 1164 2174 anga-

236 2186 383 2221 ⁸¹onasterifm1
415 2179 469 2213 riis
491 2178 670 2226 fatigentur.
693 2178 795 2214 Huius
817 2178 861 2213 rei
883 2178 1110 2225 gratia,dilecti
1131 2178 1161 2212 in

218 2219 402 2275 ἓῖἓῑῖᾞιξξζῖἓξῗ
415 2228 552 2263 Domino
569 2228 637 2269 filii,
651 2229 762 2263 vestris
783 2228 873 2263 iustis
900 2227 1164 2276 postulationibus

218 2285 255 2300 ⁰³⁰
271 2281 354 2306 ’ΜΡΝ
414 2279 587 2313 clementer
613 2278 793 2322 annuimus,
820 2287 851 2313 et
879 2277 1052 2325 praefatum
1075 2277 1162 2312 Beati

413 2327 558 2374 Gregorii
594 2327 820 2374 prufeningen.
849 2328 1095 2367 monasterium,
1132 2327 1162 2360 in

415 2390 478 2425 quo
499 2377 606 2413 divino
641 2377 809 2425 mancipati
837 2377 912 2412 estis
938 2376 1102 2425 obsequio,
1125 2376 1162 2411 ad

415 2427 576 2474 exemplar
595 2427 843 2475 praedecessoris
858 2427 954 2462 nostri
973 2434 1097 2461 sanctae
1114 2438 1164 2460 re-

417 2477 607 2512 cordationis
618 2479 661 2522 (⁶2)
674 2477 791 2524 Papae,
804 2477 864 2512 sub
878 2476 960 2511 beati
975 2476 1059 2511 Petri
1069 2484 1101 2511 et
1113 2488 1166 2510 no-

417 2534 478 2560 stra
502 2527 693 2573 protectione
712 2527 918 2574 suscipimus,
941 2534 972 2561 et
993 2526 1165 2573 praesentis

455 2597 494 2631 (1)
512 2598 548 2624 Ex
567 2598 663 2624 Hundii
681 2599 795 2632 Metrop.
809 2597 953 2632 Salisburg.
972 2600 1036 2624 tom.
1055 2604 1092 2623 ιιι.

454 2637 493 2674 (2)
511 2637 587 2663 Forte
602 2637 753 2664 addendum
771 2638 889 2669 Euqenu.

991 235 1127 258 BULLAttt
1134 236 1177 258 [M
1202 235 1363 258 ROMANL'M

1962 236 2010 263 An.
2029 236 2056 262 C.
2078 236 2143 263 ¹¹58

1199 288 1306 335 scripti
1334 287 1496 335 privilegio
1528 289 1778 332 communimus,
1812 298 1946 326 statuen-

1201 347 1261 377 tes,
1291 345 1324 372 ut
1348 349 1566 385 quaecumque
1599 338 1698 383 bona,
1729 352 1945 388 quaecumque
1971 348 2044 384 ,Eidem
2076 350 2144 371 don·-

1202 387 1418 434 possessiones
1446 387 1485 422 ab
1511 387 1628 422 Ottone
1651 387 1750 423 bonae
1777 391 1945 426 memoriae
1960 383 2143 436 ζ’ξζξξω.ζ”“““

1201 436 1455 483 Babenbergensi
1501 437 1672 485 episcopo,
1718 437 1878 485 Egilberto
1916 449 1945 475 et

1201 486 1384 522 Eberhardo
1419 487 1488 521 eius
1522 487 1774 529 successoribus,
1802 488 1883 524 iuste
1916 498 1947 525 et

1200 536 1352 571 canonice
1378 545 1482 571 vestro
1516 537 1705 572 monasterio
1731 546 1804 572 sunt
1832 537 1946 583 oblata,

1201 594 1231 620 et
1257 587 1461 632 imposterum
1488 585 1528 621 ab
1561 598 1670 621 eorum
1697 587 1946 634 successoribus,

1201 635 1266 670 sive
1289 635 1328 670 ab
1361 635 1432 671 aliis
1453 635 1512 670 Dei
1547 635 1692 671 fidelibus
1713 636 1810 671 simili
1839 637 1946 679 modo,

1201 697 1255 720 seu
1291 686 1494 720 concessione
1526 686 1728 730 Pontificum,
1763 686 1948 723 liberalitate

1202 747 1331 781 regum,
1366 734 1530 781 largitione
1564 735 1760 782 principum,
1790 736 1947 773 oblatione

1203 784 1364 825 fidelium,
1391 793 1445 820 aut
1471 785 1561 820 etiam
1593 785 1684 820 variis
1710 785 1948 822 rationabilibus

1203 834 1316 874 modis,
1350 843 1526 882 praestante
1561 834 1712 877 Domino,
1743 836 1845 871 eidem
1877 836 1947 872 loco

1201 883 1334 919 conferri
1353 884 1532 931 contigerit,
1554 885 1641 919 firma
1664 885 1751 920 vobis
1774 887 1947 934 vestrisque

1201 933 1438 969 successoribus
1451 933 1609 969 etillibata
1631 944 1844 981 permaneant.
1865 936 1948 972 Sane

1202 983 1360 1018 novalium
1384 992 1570 1025 vestrorum,
1589 996 1669 1031 quae
1692 985 1825 1031 propriis
1847 987 1948 1022 mani-

1203 1032 1261 1067 bus
1282 1041 1336 1067 aut
1360 1033 1539 1080 sumptibus
1559 1034 1673 1073 colitis,
1695 1035 1759 1068 sive
1782 1035 1821 1069 de
1848 1036 1949 1071 nutri-

1203 1083 1318 1118 mentis
1341 1092 1513 1118 vestrorum
1535 1083 1717 1118 animalium
1746 1084 1852 1119 nullus
1867 1098 1882 1120 a
1899 1098 1949 1121 vo-

1203 1132 1250 1167 bis
1265 1132 1402 1168 decimas
1422 1141 1599 1180 praesumat
1619 1133 1754 1180 exigere.
1771 1134 1948 1169 Adiicimus

1201 1183 1306 1223 etiam,
1325 1191 1357 1216 ut
1378 1182 1408 1216 in
1430 1182 1573 1218 ecclesiis
1590 1182 1635 1217 vel
1651 1183 1789 1230 capellis,
1816 1196 1895 1232 quae
1917 1184 1946 1219 iu
1962 1193 1998 1229 ⁴ln
2008 1194 2146 1230 eeclesiisnjl

1203 1231 1233 1265 in
1262 1231 1361 1266 fundo
1387 1233 1569 1267 monasterii
1605 1235 1695 1267 vestri
1733 1241 1824 1278 sunt,
1858 1233 1948 1269 liceat
1962 1224 2012 1246 '¹¹⁰⁶
2027 1227 2147 1252 mmm*

1961 1255 2020 1276 busa
2070 1261 2096 1276 ιιι
2111 1256 2132 1276 bi

1203 1282 1301 1322 robis,
1335 1281 1486 1317 honestos
1523 1282 1638 1328 eligere
1670 1283 1861 1323 sacerdotes,
1893 1284 1946 1331 qui
1961 1261 2146 1338 gagia-iiiiqssess

1203 1331 1350 1366 nimirum
1376 1343 1431 1378 per
1452 1344 1507 1367 vos
1529 1333 1677 1379 episcopo
1693 1341 1946 1380 praesententur3
1961 1320 2146 1369 ιῖιιιιωῖἐὲ-ῗὲιῗιι]

1201 1390 1306 1429 atque,
1320 1381 1345 1416 si
1362 1381 1464 1416 idonei
1481 1381 1606 1421 suerint,
1621 1382 1660 1416 ab
1674 1382 1784 1418 eodem
1798 1383 1948 1431 episcopo
1962 1378 2099 1437 ζξίξξζξξοῑό
2112 1385 2148 1400 ⁸¹¹·

1201 1443 1307 1466 curam
1347 1431 1523 1466 animarum
1560 1431 1730 1479 suscipiant
1745 1460 1754 1471 ,
1781 1432 1873 1480 eique
1909 1433 1949 1468 de

1201 1480 1428 1528 spiritualibus,
1451 1481 1538 1516 vobis
1561 1494 1633 1516 vero
1659 1481 1698 1517 de
1725 1482 1949 1530 temporalibus

1202 1529 1424 1578 respondeant.
1452 1530 1545 1573 Quod
1567 1531 1592 1565 si
1616 1543 1784 1566 commune
1811 1532 1840 1566 in
1868 1540 1949 1568 terra
1976 1540 2000 1562 ¹¹1
2041 1542 2146 1577 eqmmupt

1202 1580 1251 1614 illa
1274 1579 1365 1614 fuerit
1388 1580 1601 1619 interdictum.
1623 1581 1758 1616 exclusis
1775 1581 1814 1616 ab
1837 1573 2148 1628 Eecte-2};‘⁸;,„¹¹;{2‘.‘¹,[

1201 1630 1245 1664 sia
1274 1637 1373 1665 vestra
1402 1631 1680 1665 excommunicatis
1707 1640 1736 1666 et
1763 1631 1948 1677 interdictis,
1963 1634 2146 1660 ⁵¹³1⁵·¹¹²⁰¹¹⁸⁰¹¹⁰¹

1293 1680 1298 1685 .
1340 1679 1345 1685 .
1415 1680 1421 1685 .
1483 1679 1488 1685 .
1645 1681 1650 1686 .
1786 1681 1792 1687 .
1962 1671 2024 1686 sacra
2035 1671 2148 1693 peragere,

1201 1679 1318 1714 clausis
1339 1692 1451 1723 ianuis,
1471 1679 1560 1714 liceat
1582 1680 1669 1715 vobis
1690 1680 1846 1717 submissa
1874 1693 1949 1717 voce
1962 1696 2064 1723 indulget.

1201 1729 1305 1764 divina
1333 1729 1433 1764 officia
1455 1729 1623 1764 celebrare.
1646 1730 1851 1778 Sepulturam
1865 1743 1948 1779 quo-

1201 1791 1263 1826 que
1286 1778 1385 1826 ipsius
1408 1779 1465 1813 loci
1490 1779 1618 1814 liberam
1642 1793 1710 1815 esse
1728 1780 1947 1825 concedimus,
1987 1785 2119 1823 Serultqfagn

1203 1837 1236 1863 ut
1262 1841 1370 1864 eorum
1399 1828 1570 1872 devotioni,
1602 1838 1632 1863 et
1659 1838 1816 1865 extremae
1838 1830 1950 1866 volun·
1961 1817 2148 1870 ffissiffi'iiiiss

1201 1879 1268 1922 tati,
1294 1878 1347 1926 qni
1383 1890 1416 1913 se
1443 1878 1505 1913 illic
1542 1879 1665 1926 sepeliri
1697 1879 1949 1922 deliberaverint,
1962 1882 2004 1900 '⁸⁸²

1203 1929 1261 1963 nisi
1301 1929 1378 1963 torte
1418 1928 1678 1964 excommunicati
1714 1929 1760 1965 vel
1795 1930 1951 1966 interdicti

1202 1979 1285 2022 sint,
1325 1977 1431 2012 nullus
1466 1977 1613 2013 obsistat:
1649 1978 1732 2014 salva
1765 1987 1867 2014 tamen
1901 1980 1953 2014 iu-

1202 2028 1285 2062 stitia
1320 2027 1442 2062 illarum
1479 2027 1692 2063 Ecclesiarum
1709 2056 1718 2073 ,
1757 2028 1796 2064 ‹le
1834 2029 1952 2076 quibus

1202 2089 1333 2125 corpora
1354 2085 1548 2112 mortuorum
1570 2086 1784 2113 assumuntur.
1799 2078 1953 2114 Decerni-

1204 2140 1273 2162 mns
1311 2139 1401 2174 crgo,
1436 2135 1470 2161 ut
1506 2127 1583 2162 nulli
1617 2128 1748 2163 omnino
1786 2128 1951 2164 bominum
1978 2133 2150 2170 aequamin-

1204 2176 1294 2212 liceat
1323 2176 1536 2224 supradictum
1576 2177 1800 2213 monasterium
1833 2185 1952 2213 temere
1965 2168 2148 2219 ssiffissiiofm

1205 2226 1398 2274 perturbare,
1417 2234 1469 2260 aut
1482 2226 1550 2261 eius
1573 2227 1789 2274 possessiones
1810 2227 1950 2269 auferre,

1205 2276 1250 2310 vel
1288 2275 1406 2310 ablatas
1443 2276 1589 2320 retinere,
1612 2277 1767 2318 minuere,
1793 2289 1848 2313 seu
1876 2277 1951 2325 qui-

1205 2325 1341 2360 buslibet
1363 2325 1580 2360 vexationibus
1601 2325 1747 2373 fatigare;
1768 2326 1823 2362 sed
1845 2326 1951 2362 omnia

1206 2376 1325 2421 integra
1341 2383 1577 2415 conserventur,
1599 2387 1722 2420 eorum,
1738 2388 1794 2424 pro
1815 2388 1950 2424 quorum

1204 2425 1429 2471 gubernatione
1465 2433 1496 2460 et
1528 2424 1776 2461 substentatione
1802 2437 1951 2461 concessa

1205 2483 1289 2514 sunt,
1313 2474 1422 2509 usibus
1443 2474 1634 2510 omnimodis
1662 2475 1839 2523 profutura:
1867 2475 1952 2510 salva

1204 2524 1298 2559 Sedis
1312 2523 1510 2570 Apostolicae
1524 2524 1706 2560 auctoritate
1722 2533 1750 2560 et
1773 2525 1951 2560 dioecesani

1205 2573 1343 2621 episcopi
1367 2574 1517 2608 canonica
1534 2574 1661 2608 iustitia.
1676 2574 1711 2609 Si
1729 2586 1790 2621 qua
1807 2574 1902 2620 igitur
1920 2575 1950 2609 in

1206 2623 1346 2658 futurum
1359 2622 1570 2659 ecclesiastica
1585 2623 1792 2659 saecularisve
1805 2636 1951 2673 persona,

1978 2578 2057 2600 Sotitae
2074 2579 2122 2601 ctu

2022 2609 2089 2631 sul-c.
