2180 3205
896 266 1041 291 conixus
1065 267 1086 289 n
1111 268 1159 289 ιἰ».
1682 257 1747 290 163

41 465 146 490 firmatum

44 1138 73 1160 Αο
87 1137 173 1163 insuper
186 1138 229 1157 sta-

44 1165 110 1186 tuiiur
120 1180 125 1187 .
145 1165 167 1184 ut
181 1169 228 1189 gra-

44 1190 228 1212 viorescausasad

45 1217 133 1239 Roman.
146 1216 229 1236 Pontiu-

46 1249 91 1265 coem
106 1243 208 1264 nerei-ant.

70 1620 186 1642 normano
195 1620 233 1640 hn-

49 1648 107 1669 iuste
118 1647 231 1674 privilegii.

250 484 363 507 eorum
399 473 561 519 antiquam
585 472 865 512 consuetudinem,
893 482 1002 505 eorum

250 522 377 568 scriptis
412 521 639 568 suffragantes,
675 521 859 556 auctoritate
899 529 1002 554 nostra

249 571 524 607 corroboravimus
555 570 585 605 in
618 571 794 617 praesentia
823 577 1001 613 nostrorum

251 620 395 656 fratrum.
436 620 475 654 Et
507 620 581 667 quia
615 620 706 663 filius,
726 627 832 654 noster
853 619 1002 659 Amatus,

249 669 490 716 Burdigalensis
524 668 802 716 archiepiscopus,
830 681 912 704 unus
938 676 1003 703 erat

249 720 288 754 de
324 719 450 765 Legatis
485 718 648 753 Romanae
682 719 847 753 Ecclesiae
873 731 889 753 a
920 717 1004 752 Gre-

249 768 339 814 gorio
379 768 515 815 septimo
551 768 793 815 praedecessore
828 776 936 802 nostro
972 767 1001 801 in

250 817 353 853 Gallia
374 817 568 857 destinatus,
600 829 662 852 non
690 817 729 852 ab
757 817 815 852 hac
841 816 1002 852 Ecclesiae

251 866 464 914 processionis
492 867 688 902 solemnitate
714 874 897 914 susceptus,
920 866 1003 900 unde

249 916 345 951 etiam
385 916 522 962 graviter
555 925 663 951 contra
703 915 830 951 eosdem
872 916 1003 950 clericos

250 974 432 1000 commotus
469 965 500 999 in
536 964 755 1001 Exulduueusi
789 965 922 1001 concilio
949 977 1004 1000 eos

250 1014 579 1050 excommunicatione
624 1015 820 1063 perfoderat,
860 1027 932 1049 eum
972 1014 1002 1048 in

251 1063 455 1099 concordiam
483 1071 513 1098 et
540 1075 648 1111 pacem
677 1077 786 1100 eorum
816 1063 1004 1099 reformavi-

250 1126 333 1148 muS.
360 1113 470 1160 Neque
493 1125 547 1148 cos
569 1114 604 1148 ad
625 1114 719 1149 ullam
742 1114 1003 1157 satisfactionem,

251 1163 324 1210 quia
351 1163 536 1198 auctoritate
564 1163 701 1210 pollente
723 1176 791 1198 sese
815 1163 1003 1201 munierant,

251 1214 486 1259 compulimus:
534 1224 638 1259 neque
677 1213 817 1260 qualibet
857 1224 912 1260 pro
954 1212 1003 1245 tali

253 1273 385 1297 excessu
425 1261 624 1297 absolutione
656 1262 838 1309 purgandos
870 1261 1004 1295 censui-

254 1323 336 1346 mus.
381 1311 525 1357 Denique
560 1313 710 1358 quoniam
750 1313 779 1345 iu
813 1310 1003 1358 quibusdam

253 1372 330 1395 suae
365 1359 527 1394 Ecclesiae
554 1361 727 1407 privilegiis
763 1360 925 1408 proprium
960 1359 1006 1393 eis

254 1409 372 1444 habere
407 1409 592 1456 episcopum
628 1422 815 1445 concessum
849 1418 910 1449 est,
937 1409 1006 1442 eius

256 1459 399 1494 vicenos
419 1459 561 1493 Romano
578 1471 632 1494 eos
650 1460 810 1494 sancimus
830 1458 1007 1505 specialiter

256 1508 429 1543 adhaerere
458 1508 614 1553 Pontifici,
649 1518 679 1543 et
712 1509 870 1555 graviores
897 1520 1005 1542 eorum

256 1570 369 1593 causas
395 1570 433 1592 ex
460 1557 529 1592 eius
550 1558 689 1606 pendere
712 1558 839 1593 iudicio.

305 1607 338 1643 Si
366 1609 439 1656 quis
464 1619 539 1642 sane
561 1608 593 1642 in
620 1608 791 1643 crastinum
825 1605 1007 1649 cardinalis,

255 1665 309 1692 aut
336 1657 474 1703 legatuS,
501 1665 555 1692 aut
582 1658 772 1705 episcopus,
799 1664 852 1691 aut
873 1655 1008 1702 quilibet

255 1719 272 1741 a
295 1715 401 1741 nostro
425 1707 519 1742 latere
541 1707 667 1751 missus,
690 1708 771 1742 hanc
790 1714 914 1740 nostrae
929 1717 1003 1739 con-

257 1756 440 1791 firmationis
469 1757 614 1804 pagiuam
646 1757 768 1800 sciens,
802 1763 912 1790 contra
938 1766 1007 1788 eam

257 1813 374 1840 temere
398 1808 504 1841 venire
528 1806 703 1847 tentaverit,
729 1815 758 1840 et
781 1812 918 1839 nostram
943 1815 1010 1850 pcr-

257 1854 396 1901 fringens
429 1856 670 1896 auctoritatem,
705 1855 939 1902 processionem
971 1853 1009 1886 ab

258 1909 323 1956 ipsa
345 1910 444 1944 sancti
465 1909 655 1944 confessoris
670 1909 812 1943 Ecclesia
834 1905 1009 1954 expetierit,

258 1963 282 1998 si
304 1964 518 1998 commonitus
553 1976 614 1998 non
642 1963 814 2002 destiterit,
849 1961 1011 2008 potestatis

258 2017 451 2064 honorisque
473 2017 625 2063 «lignitate
653 2025 768 2061 careat,
803 2027 956 2062 reumque
978 2027 1011 2049 se

259 2070 364 2105 divino
384 2071 500 2110 iudicio
517 2072 652 2105 existere
673 2071 712 2104 de
729 2078 903 2116 perpetrata
922 2081 1012 2115 prac-

260 2124 442 2170 sutnptione
468 2132 649 2169 cognoscat.
679 2123 813 2158 Cunctis
835 2130 939 2156 autem
956 2122 1012 2155 ista

261 2177 458 2212 servantibus
484 2179 523 2211 sit
551 2190 609 2224 pax
644 2177 772 2211 Domini
811 2175 908 2210 nostri
942 2174 1013 2208 lesu

262 2231 390 2266 Christi.
414 2230 528 2268 Amen,
551 2243 656 2271 amen,
677 2243 781 2265 amen.
804 2229 919 2263 Datum
948 2228 1014 2261 Tu-

262 2285 349 2320 ronis
375 2284 405 2318 in
433 2284 562 2318 castello
593 2285 627 2319 S.
657 2284 782 2318 Martini
808 2295 863 2330 per
885 2294 1012 2317 manum

264 2338 413 2373 Iohannis
435 2347 560 2373 sanctae
581 2337 744 2373 Romanae
771 2336 933 2371 Ecclesiae
949 2335 1016 2370 dia-

264 2392 335 2427 coni
357 2391 540 2432 cardinalis,
567 2390 708 2425 secundo
730 2390 802 2425 idus
826 2389 942 2433 martii,
967 2389 1018 2423 iu-

264 2445 402 2481 dictione
423 2454 545 2493 quarta,
567 2457 650 2480 anno
677 2444 856 2479 dominicae
879 2444 1019 2478 incarna-

267 2499 361 2535 tionis
385 2512 502 2539 mxcvi,
538 2499 738 2546 pontificatus
770 2508 873 2533 autem
898 2497 1016 2533 domini

268 2553 384 2589 Urbani
406 2553 537 2588 secundi
561 2554 665 2600 Papae
688 2565 784 2588 nouo.

322 2609 385 2640 Dat.
406 2610 453 2640 die
473 2611 509 2641 14
529 2611 625 2640 martii
645 2620 720 2639 anuo
743 2609 859 2640 Domini
879 2609 964 2646 1000,

516 2651 617 2690 pontif.
639 2659 714 2680 anno
737 2658 773 2679 tx.

0 310 1 315 ,
40 286 89 312 An.
109 279 225 310 csstooo
1817 277 1865 301 An.
1885 274 1913 300 c.
1933 273 2000 301 uec

251 323 456 370 Ingclramno
491 323 732 358 Suessioncnsis
758 323 918 358 Ecclesiae
947 335 1004 357 ar-
1361 323 1481 358 XXXI.

249 374 452 409 ⁰¹¹¹d¹³⁰⁰¹¹⁰’
765 422 771 428 ,
973 421 979 426 ,
1050 389 1273 422 Trenorcienm's
1314 393 1492 424 monasterii
1531 392 1627 428 bona,
1668 392 1798 436 iuraque

56 438 224 463 ouoniimeon-
301 422 401 458 Porro
437 434 494 457 nos
528 429 612 457 tanta
652 429 837 457 auctoritate
874 421 1003 461 ren-co,

1094 441 1197 472 omniu
1242 441 1274 472 in
1315 442 1440 474 tutelam
1478 443 1672 486 Apostoli'cae
1709 443 1798 476 Sedis

1092 489 1281 532 recipiuntur
1305 491 1365 531 (l).

1313 558 1528 589 SUttttftntt'tt

1046 608 1214 640 Exordium.
1234 628 1274 634 —
1295 611 1371 641 Boua
1399 615 1495 642 omnia
1520 614 1545 643 ei
1573 614 1795 652 confirmantur,

1083 666 1122 672 —
1155 651 1274 680 Remota
1298 653 1514 691 cuiuscumque
1539 663 1680 692 personae
1711 665 1797 684 vexa-

1085 690 1172 720 tione.
1189 691 1389 721 —Ecclesiae
1407 693 1564 722 nonnullae
1585 694 1653 723 huic
1673 700 1797 724 monast.

1084 730 1289 760 adiudicantur
1310 732 1419 761 indicto
1436 732 1553 762 silentio
1586 734 1740 763 monachis
1768 735 1798 764 S.

1084 769 1235 800 Florentii.
1255 787 1295 793 —
1315 771 1424 800 Solitae
1448 772 1607 802 clausulae.
1631 790 1671 795 -—
1688 773 1798 804 Urbani

1083 809 1138 839 Pt‘.
1158 810 1346 850 subscriptio.
1364 827 1404 833 —
1423 811 1592 850 Symbolum
1615 811 1723 843 Urbani
1744 813 1798 843 ΡΙ).

1045 875 1166 904 Urbanus
1185 877 1326 913 episcopus
1346 885 1442 906 servus
1467 885 1606 907 servorum
1617 879 1677 912 Dei,
1698 880 1797 909 dilecto

1088 920 1144 949 filio
1159 922 1237 950 Petro
1256 922 1442 951 Trenoroiensi
1462 923 1683 960 abbati.eiusque
1694 932 1798 953 succes·

1088 966 1194 994 soribus
1223 967 1392 1002 regulariter
1416 968 1624 1001 substituendis.
1650 969 1679 997 iu
1703 977 1798 1006 perpe·

1090 1013 1176 1040 tuum.
1573 1017 1576 1020 ⁴

1094 1074 1150 1109 Pia
1179 1075 1346 1122 postulatio
1376 1076 1543 1111 voluntatis
1569 1077 1683 1112 effectu
1705 1077 1800 1113 debet

1047 1125 1249 1171 prosequenti
1272 1125 1443 1171 coiupleri3
1471 1134 1628 1172 quatenus
1649 1135 1680 1161 ct
1701 1127 1800 1161 devo-

1046 1174 1141 1208 tionis
1167 1174 1330 1208 sinceritas
1347 1174 1549 1211 laudabiliter
1575 1177 1738 1216 enitescat,
1766 1186 1797 1211 et

1047 1222 1162 1257 utilitas
1186 1223 1340 1269 postulata
1364 1224 1447 1258 vires
1472 1224 1686 1259 indubitanter
1707 1238 1800 1260 assu-

1047 1280 1119 1306 mat.
1157 1271 1238 1313 Quia
1278 1273 1371 1318 igitur
1402 1273 1530 1307 dilectio
1559 1283 1610 1308 tua
1637 1276 1674 1308 ad
1704 1275 1797 1309 Sedis

1046 1321 1249 1367 Apostolicae
1274 1331 1397 1367 portum
1420 1322 1617 1368 confugiens,
1639 1324 1709 1358 eins
1735 1325 1800 1358 tui-

1048 1371 1165 1405 tionem
1191 1370 1359 1405 devotione
1386 1371 1490 1406 debita
1525 1373 1707 1419 requisivit,
1742 1386 1800 1407 uos

1047 1419 1266 1466 supplicationi
1290 1428 1360 1454 tuae
1378 1420 1550 1455 clementer
1571 1423 1755 1461 annuimus,
1770 1431 1799 1457 et

1046 1469 1276 1503 Trenorcieuse
1297 1470 1500 1514 coenobium,
1519 1471 1568 1505 cui
1586 1470 1653 1505 Deo
1672 1481 1800 1506 auctore

1049 1518 1220 1565 praesides,
1248 1530 1319 1552 cum
1343 1519 1490 1554 omnibus
1516 1520 1554 1554 ad
1579 1520 1678 1566 ipsum
1704 1521 1800 1566 perti-

1048 1567 1210 1611 nentibus,
1238 1568 1297 1602 sub
1319 1569 1446 1602 tutelam
1480 1569 1682 1615 Apostolicae
1703 1570 1797 1604 Sedis

1048 1617 1235 1663 excipimus.
1260 1617 1319 1651 Per
1341 1619 1515 1664 praesentis
1534 1619 1628 1664 igitur
1648 1619 1800 1666 privilegii

1051 1667 1195 1713 paginam
1219 1668 1388 1713 apostolica
1410 1668 1595 1702 anctoritate
1617 1669 1797 1711 statuimus,

1051 1724 1083 1750 ut
1105 1728 1324 1762 quaecumque
1357 1716 1455 1756 bona,
1483 1730 1702 1764 quascumque
1726 1730 1801 1764 pos-

1050 1767 1207 1799 sessiones
1236 1765 1461 1800 catliolicorum
1490 1767 1714 1811 imperatorum
1743 1779 1798 1801 seu

1050 1823 1245 1848 caeterorum
1269 1815 1446 1862 principum
1472 1815 1649 1861 largitione,
1676 1816 1802 1862 episco-

1053 1876 1164 1910 porum
1187 1864 1404 1904 concessione,
1427 1877 1481 1899 seu
1505 1873 1698 1899 caeterorum
1723 1866 1803 1899 fide-

1053 1914 1126 1947 lium
1158 1913 1317 1948 oblatione
1351 1914 1388 1948 ad
1423 1914 1506 1948 idem
1545 1914 1733 1948 coenobium
1771 1915 1801 1948 in

1053 1963 1301 2008 praesentiarum
1326 1964 1495 2008 pertinent,
1517 1963 1582 1997 sive
1606 1964 1637 1996 in
1661 1963 1801 1998 futurum

1054 2012 1132 2045 iuste
1161 2012 1272 2058 poterit
1294 2012 1445 2058 adipisci,
1473 2012 1560 2046 firma
1591 2012 1647 2046 tibi
1677 2013 1803 2058 tuisque

1053 2060 1301 2100 successoribus,
1323 2069 1353 2096 et
1367 2061 1481 2095 illibata
1500 2068 1713 2107 permaneant.
1739 2060 1805 2095 De-

1054 2110 1214 2143 cernimus
1235 2122 1322 2156 ergo,
1347 2118 1378 2144 ut
1394 2110 1471 2144 nulli
1488 2112 1618 2144 omnino
1635 2110 1802 2144 hominurn

1055 2158 1144 2192 liceat
1166 2158 1248 2192 idem
1270 2159 1458 2193 coenobium
1473 2166 1589 2193 temere
1609 2159 1803 2205 perturbare,

1055 2215 1107 2241 aut
1128 2207 1195 2241 eius
1224 2208 1440 2253 possessiones
1466 2208 1607 2251 auferre,
1645 2207 1691 2242 vel
1717 2208 1806 2242 obla-

1057 2257 1157 2290 tiones
1192 2256 1341 2300 retinere,
1368 2258 1523 2296 minuere,
1555 2257 1602 2291 vel
1632 2258 1808 2291 temerariis

1058 2305 1274 2340 vexationibus
1290 2306 1477 2353 inquietare;
1496 2306 1550 2339 scd
1566 2306 1672 2340 omnia
1688 2306 1808 2352 Integre

1057 2363 1293 2394 conserventur,
1321 2367 1446 2394 eorum,
1471 2367 1527 2400 pro
1553 2367 1689 2401 quorum
1721 2355 1807 2390 sub-

1058 2404 1246 2438 stentatione
1267 2416 1416 2438 concessa
1443 2411 1528 2447 sunt,
1560 2404 1672 2438 usibus
1698 2404 1810 2439 omni-

1060 2452 1162 2487 modis
1198 2453 1369 2500 profutura.
1405 2452 1536 2488 Caetera
1572 2454 1686 2497 etiam,
1725 2466 1807 2500 quae

1061 2514 1115 2548 per
1138 2502 1325 2536 reverendae
1348 2502 1518 2537 memoriae
1540 2502 1691 2538 Iohannis
1705 2503 1824 2550 Papae'

1062 2551 1258 2597 privilegium
1284 2551 1506 2586 Trenoreiensi
1526 2553 1716 2587 monasterio
1734 2565 1814 2587 con-

1098 2616 1136 2650 (ί)
1157 2617 1195 2642 Ex
1221 2616 1339 2644 Chiffleto
1360 2617 1428 2644 inter
1454 2616 1562 2645 Probat.
1589 2618 1656 2644 Hist.
1686 2617 1815 2644 Abbatiae

1063 2651 1151 2679 huius,

1851 1099 1970 1120 Exordium.

1858 1749 1914 1769 Bona
1945 1752 2012 1767 omnia

1830 1782 1841 1797 c
1860 1776 2015 1796 contirmantur.

1853 2071 1939 2091 Remota
1950 2075 2017 2090 cunv-

1833 2103 1921 2123 C'lllttlllt!
1946 2102 2017 2126 [ltW‘Sss‘

1841 2132 1871 2144 μιῇ
1897 2126 2016 2144 vexatione.
