2180 3205
175 276 227 303 An.
240 277 269 303 C.
291 277 357 304 1170

188 331 303 360 Proposita
340 340 352 354 a

185 362 229 384 Deo
247 365 355 386 mercede.

211 2345 330 2366 Exordium.

430 268 498 299 7252

378 330 486 365 xilium
514 338 544 365 et
570 330 734 369 iuramen3
768 336 799 363 et
826 340 879 362 vos
912 336 1042 375 propter
1069 327 1128 361 hoc

377 380 416 414 ab
450 379 658 425 omnipotenti
696 378 761 412 Deo
788 377 966 412 mercedem
1003 376 1129 423 possitis

376 428 526 474 consequi
545 427 781 474 sempiternam.

423 477 538 511 Datum
557 476 730 512 Tusculani
758 489 792 510 vr
814 479 857 520 (l)
877 475 1018 510 ianuarii.

520 533 581 564 Dat.
606 534 653 564 die
675 534 711 564 ΞΠ
735 533 900 564 decembris
921 532 978 572 (⁹2).

668 684 823 719 XXXIX.

371 757 561 791 Monasierfo
599 757 800 791 Admontensi
824 758 904 790 bona
926 759 1032 791 omnia
1052 768 1127 789 eon—

418 808 559 852 firmans,
584 808 735 840 nonnulla
760 808 924 851 privileqia
955 808 996 839 αιῐ
1024 818 1128 839 nanna-

421 856 546 889 chorum
573 858 712 901 quietem,
735 857 963 890 indemnitatem
991 864 1016 889 et
1038 858 1127 890 deco-

419 917 483 938 rem
509 907 658 950 elarqitw·
683 907 738 948 (5).

642 984 858 1014 SUMMARtUM

370 1048 540 1079 Exordium.
561 1066 600 1071 —
621 1049 831 1079 Monasterium
862 1049 1124 1088 praedecessorum

411 1103 492 1124 more
508 1094 563 1124 sub
580 1095 759 1133 protectione
775 1094 860 1123 Sedis
879 1094 1064 1133 Apostolicae
1083 1104 1127 1123 re-

410 1139 481 1176 cipit
511 1138 659 1176 Pontifex3
697 1155 736 1161 --
766 1138 843 1167 Bona
872 1139 971 1167 omnia
994 1138 1030 1167 ad
1054 1138 1124 1167 illud

410 1183 585 1221 pertinentia
611 1183 691 1212 firma
712 1187 740 1212 et
759 1182 869 1212 illibata
890 1183 985 1212 eidem
1015 1184 1125 1213 serrari

411 1227 544 1264 mandat3
562 1243 602 1248 —-
615 1226 809 1257 Gebehardus
827 1226 1062 1264 Salisburgensis
1082 1237 1128 1257 ar-

412 1271 509 1309 chiep.
533 1272 598 1300 eius
623 1271 777 1308 fundator,
807 1272 974 1310 caeterique
1001 1281 1125 1301 sncces-

411 1324 493 1345 sores
512 1315 643 1354 archiep.
667 1314 753 1344 bonis
776 1315 849 1344 illud
872 1315 1028 1352 dotarunt,
1051 1326 1127 1355 quae

410 1360 436 1388 ei
461 1359 681 1388 confirmantur.
705 1375 745 1381 —
766 1358 839 1388 Cum
858 1360 921 1389 iure
945 1360 1126 1390 decimarum

413 1404 539 1442 aliisque
555 1403 688 1440 iuribus;
709 1420 750 1425 —-
775 1403 976 1433 Saecularinm
1010 1414 1127 1444 quoque

410 1455 603 1488 personarum
627 1447 820 1485 donationes;
847 1465 886 1470 —
916 1448 1127 1487 Archiepisco-

411 1502 515 1532 porum
553 1496 581 1521 et
604 1492 827 1530 episcopornm3
854 1510 894 1515 —
918 1492 1025 1522 Eadem
1057 1494 1129 1523 alie-

410 1539 488 1574 nari,
506 1537 549 1566 vel
574 1537 604 1566 in
625 1537 744 1566 seudum
764 1537 827 1566 dari
853 1537 998 1576 prohibet.
1015 1555 1054 1559 —
1071 1537 1128 1568 Se-

412 1583 558 1621 pulturam
588 1580 676 1618 inibi,
699 1582 742 1610 vel
767 1581 935 1619 ingressum
961 1582 996 1611 ad
1027 1592 1130 1612 mona-

411 1627 519 1656 sticum
537 1625 704 1655 institutum
717 1626 846 1655 liberum
861 1627 968 1666 cuique
985 1628 1120 1656 concedit

410 1688 451 1693 —-
467 1670 617 1699 Indebitas
646 1669 777 1699 decimas·
805 1670 840 1699 al)
860 1671 962 1700 eodem
983 1671 1057 1708 exigi
1085 1672 1131 1700 in-

413 1715 505 1745 hibet.
526 1731 566 1736 —-
592 1714 735 1743 Abbatem
759 1724 772 1743 a
799 1714 870 1743 solis
899 1716 1053 1744 monachis
1078 1716 1131 1744 eli-

414 1760 541 1797 gendum
558 1758 698 1788 decernit.
710 1757 915 1787 —Decretnm
935 1759 1130 1789 immunitatis

413 1814 428 1834 a
459 1812 646 1843 quacumque
680 1803 825 1838 molestia,
855 1803 880 1832 vi
911 1807 964 1832 etc.
991 1820 1031 1825 —
1059 1804 1130 1833 Cnni

414 1849 510 1878 solitis
533 1847 780 1877 conclusionibus
800 1847 986 1886 poenalibus.
1009 1865 1048 1870 --
1065 1848 1133 1877 Ale-

413 1893 514 1923 xandri
534 1892 588 1922 PP.
604 1896 632 1922 et
649 1891 677 1922 S.
697 1891 825 1921 RJEcct.
845 1891 1040 1921 cardinalium
1060 1892 1134 1921 sub-

413 1938 604 1977 scriptiones,

373 2012 523 2040 Alexander
543 2011 683 2047 episcopus
707 2018 802 2040 servus
823 2018 962 2039 servorum
980 2011 1046 2044 Dei,
1067 2011 1132 2039 dile·

419 2062 472 2090 ctis
491 2061 568 2094 filiis.
587 2061 728 2090 Lintholdo
751 2061 846 2089 abbati
867 2061 1027 2089 monasterii
1043 2058 1134 2090 sancti

418 2111 512 2144 Blasii,
532 2111 601 2147 quod
620 2111 759 2140 Admontis
779 2111 889 2144 dicitur,
907 2111 1017 2147 eiusque
1035 2110 1134 2140 fratri·

419 2161 468 2189 bus
487 2162 546 2189 tam
560 2161 751 2196 praesentibus
770 2167 850 2197 quam
862 2160 964 2189 futuris
980 2161 1135 2196 regularem

419 2211 505 2239 vitam
522 2209 666 2246 professis,
687 2210 716 2238 in
738 2211 909 2246 perpetuum.

425 2286 528 2321 Ossicii
565 2287 661 2321 nostri
689 2299 747 2321 nos
775 2287 932 2322 admonet
966 2296 995 2322 et
1026 2287 1135 2323 invitat

376 2340 566 2382 auctoritas,
605 2352 662 2387 pro
695 2340 910 2375 Ecclesiarum
946 2350 1028 2376 statu
1065 2350 1135 2376 sat-

415 2420 454 2454 (t)
472 2419 548 2446 Adde
568 2421 695 2444 kalendas
730 2419 768 2454 (2)
789 2419 818 2446 In
832 2420 894 2446 edit.
913 2420 992 2455 Cocq.
1006 2420 1134 2447 habetur:

379 2462 440 2486 Dat.
456 2463 497 2485 nte
518 2467 638 2491 annoque
655 2461 758 2492 eodemg
781 2459 806 2485 in
826 2468 880 2494 quo
906 2461 1066 2495 typographi
1092 2469 1137 2488 cr-

378 2509 422 2526 rer
440 2500 554 2534 irrepsit.
573 2499 598 2525 Si
610 2499 679 2525 enim
691 2499 979 2526 antecedentesliterae
989 2499 1136 2526 dataesunt

378 2548 434 2565 xvii
448 2539 499 2566 kal.
512 2539 575 2571 seb.,
593 2539 642 2565 hae
657 2543 746 2566 autem
764 2547 791 2565 vr
808 2539 858 2565 kal.
873 2539 988 2571 ianuar.‚
1010 2548 1057 2566 nec
1068 2540 1134 2572 dies,

378 2587 425 2605 nec
441 2588 526 2606 annus
541 2583 711 2613 congruunt,
730 2579 916 2605 utattendenti
928 2582 1010 2614 patet.
1041 2579 1078 2613 (n.
1096 2580 1135 2614 T.)

378 2618 417 2652 (5)
427 2619 462 2644 Ex
472 2619 536 2644 Coti.
550 2619 692 2654 Diplomat.
705 2619 842 2651 Admont„
854 2619 935 2646 edidit
948 2620 1050 2651 Pezins,
1062 2619 1132 2646 The-

378 2665 449 2684 saur.
469 2658 609 2691 ,λιιι-(ἀοι,
631 2662 694 2685 tom.
712 2666 753 2690 tn,
771 2667 828 2694 par.
847 2667 887 2692 ιιι,
912 2667 983 2685 ηυιιι.
1006 2667 1045 2686 ιν.

959 273 1059 296 mmm
1066 273 1146 295 ttttm
1170 272 1260 294 amn
1268 271 1333 294 NUM

1936 265 1987 292 An.
2005 264 2035 291 C.
2051 263 2119 291 ¹¹70

1171 333 1317 371 agere,et
1334 336 1441 359 earum
1464 323 1560 370 quieti
1584 335 1620 358 ac
1642 320 1856 370 tranquillitati
1875 333 1922 356 sa·

1171 374 1324 415 lubi-iter,
1359 373 1529 408 auxiliante
1556 372 1705 413 Domino,
1744 372 1920 418 providere.

1172 423 1312 469 Dignum
1341 434 1478 469 namque
1500 429 1531 456 et
1551 421 1707 456 honestati
1729 420 1922 456 conveniens

1170 485 1240 507 esse
1262 472 1472 518 dignoscitur,
1501 479 1534 505 ut
1560 471 1613 518 qni
1637 470 1676 505 ad
1698 482 1807 505 earum
1836 470 1922 516 regi-

1172 535 1261 566 men⁷
1298 521 1434 556 Domino
1462 521 1668 568 disponente,
1691 518 1844 566 assumpti
1867 531 1922 552 su-

1172 584 1254 611 mus,
1276 583 1329 605 eas
1347 579 1377 604 et
1395 583 1411 605 a
1433 582 1598 617 pravorum
1622 569 1786 603 hominnm
1807 568 1924 615 neqni-

1170 621 1222 654 tiis
1245 628 1408 658 tueamur,
1431 628 1460 654 et
1483 619 1519 653 B.
1543 619 1628 654 Petri
1655 626 1749 664 atque
1782 618 1922 663 Aposto-

1170 670 1247 704 licae
1275 669 1366 704 Sedis
1393 668 1570 716 patrocinio
1594 668 1785 702 muniamus.
1803 666 1923 712 Eapro-

1171 728 1250 765 pter,
1273 718 1378 753 dilecti
1403 719 1433 752 in
1461 717 1599 752 Domino
1623 717 1688 755 filii,
1708 716 1817 750 vestris
1833 716 1923 750 instis
1954 722 2105 744 fiionaswrinm

1171 767 1437 815 postulationibus
1472 767 1644 802 clementer
1670 766 1859 807 annuimus,
1892 772 1924 799 et
1951 755 2110 781 p‘³⁰‘¹⁰⁰⁰⁵⁵⁰'

1937 791 1981 806 rum
2004 790 2063 805 more
2084 784 2122 804 sub

1172 817 1344 864 praefatum
1374 817 1616 860 monasterium,
1650 816 1681 849 in
1717 827 1780 862 quo
1814 814 1922 848 divino
1937 817 2072 843 ttf⁰¹⁰⁰¹⁵⁰¹¹⁰
2086 815 2124 836 ⁵⁰·

1171 867 1337 914 mancipati
1361 867 1437 901 estis
1459 866 1623 913 obsequio.
1640 866 1920 899 vraedecessorum
1937 846 2124 904 flssiiii‘tmiss'ii‘iiff

1171 924 1347 950 nostrorum
1368 915 1469 950 bonae
1492 905 1661 950 memoriae
1679 913 1852 956 paschatis,
1870 912 1924 947 In—
1938 907 1980 929 sm·

1170 966 1318 1006 nocentii,
1342 965 1446 1004 lucii,
1473 965 1691 999 Romanorum
1719 962 1923 1003 Pontificum,

1170 1015 1308 1061 vestigiis
1335 1014 1548 1054 inhaerentes,
1579 1014 1640 1048 sub
1668 1012 1749 1047 beati
1777 1011 1863 1046 Pctri
1893 1019 1924 1045 et

1170 1072 1275 1098 nostra
1307 1064 1501 1110 protectione
1536 1063 1746 1110 suscipimus.
1778 1069 1809 1095 et
1838 1072 1925 1108 prae-

1169 1113 1267 1148 sentis
1310 1113 1419 1159 scripti
1464 1112 1628 1159 privilegio
1669 1110 1923 1151 comnmnimus;

1169 1170 1355 1201 statuentes,
1389 1170 1421 1196 nt
1453 1173 1672 1209 quascumque
1694 1171 1922 1208 possessiones,

1169 1223 1388 1259 quaecumque
1411 1211 1492 1246 bona
1519 1211 1603 1245 idem
1620 1209 1845 1245 monasterium
1863 1209 1924 1243 im-

1169 1261 1418 1308 praesentiarum
1442 1261 1523 1296 iuste
1544 1268 1574 1295 et
1596 1260 1749 1295 canonice
1772 1258 1923 1306 possidet,

1169 1320 1222 1345 ant
1244 1312 1274 1345 in
1310 1310 1451 1345 futurum
1484 1310 1691 1345 concessione
1718 1308 1924 1352 Pontificum,

1171 1360 1334 1406 largitione
1359 1372 1465 1406 regum
1484 1359 1531 1396 vel
1550 1359 1743 1407 principum,
1765 1356 1925 1392 oblatione

1171 1410 1324 1451 fidetium,
1347 1422 1402 1444 seu
1419 1410 1488 1444 aliis
1510 1409 1600 1443 iustis
1613 1409 1728 1448 modis,
1748 1414 1926 1454 praestante

1172 1458 1321 1504 Domino,
1348 1459 1463 1506 poterit
1485 1458 1630 1506 adipisci,
1654 1458 1741 1492 firma
1763 1456 1854 1491 vobis
1873 1468 1927 1490 ve-

1170 1513 1306 1560 strisque
1328 1512 1569 1548 successoribus
1596 1520 1626 1547 et
1659 1511 1779 1546 illibata
1801 1522 1928 1557 perma-

1173 1575 1283 1607 neant,
1314 1567 1345 1601 in
1377 1567 1495 1613 quihus
1516 1566 1595 1601 haec
1618 1566 1758 1613 propriis
1778 1565 1928 1599 duximus

1172 1621 1376 1667 exprimenda
1412 1621 1590 1655 vocabulis:
1625 1633 1663 1655 cx
1703 1620 1787 1654 dono
1827 1619 1928 1653 bonae

1174 1675 1342 1709 memoriae
1355 1674 1535 1709 Gebeltardi
1552 1673 1805 1720 Salisburgensis
1821 1672 1927 1707 archi·
1948 1711 1962 1732 S
1977 1711 2017 1731 Μ
2045 1718 2056 1725 ⁰
2087 1712 2104 1729 <-

1173 1729 1315 1775 episcopi
1347 1728 1523 1763 fundatoris
1542 1728 1683 1763 eiusdem
1707 1726 1871 1768 coenobii,
1893 1727 1924 1761 in
1941 1716 2125 1768 afssliessf‘Tiffs

1175 1782 1252 1816 valle
1271 1782 1480 1817 Admontensi
1504 1782 1636 1816 fundum
1652 1782 1803 1817 ecclesiae
1817 1780 1924 1815 Sancti
1941 1773 2126 1831 [ἓῗὲᾞζζπζζξζ

1175 1836 1285 1875 Blasii,
1308 1844 1337 1870 ct
1362 1848 1583 1884 quaecumque
1609 1836 1744 1871 chima
1766 1835 1924 1870 comitissa
1940 1841 2002 1887 22:22
2017 1835 2125 1885 iffiflhtj'g’ss

1176 1889 1216 1923 ibi
1242 1889 1368 1931 habuit,
1384 1890 1528 1936 patellam
1554 1890 1628 1924 salis
1657 1890 1687 1924 in
1710 1889 1834 1924 Vicinia
1862 1896 2125 1938 nio-tnruntwiuue'ei

1177 1945 1304 1979 nasterii
1326 1944 1410 1991 apud
1433 1944 1536 1988 Halle,
1558 1952 1589 1979 et
1611 1944 1778 1978 maximam
1807 1950 1926 1990 partem
1940 1928 2098 1952 mmmm&

1177 1998 1352 2033 adiacentis
1386 1998 1540 2033 nemoris:
1574 2010 1612 2032 ex
1647 1996 1731 2031 dono
1764 1997 1928 2031 Tiemonis

1177 2052 1409 2099 archiepiscopi
1432 2052 1625 2087 successoris
1643 2051 1723 2096 eius,
1745 2059 1866 2086 curtem
1889 2063 1928 2085 ex

1177 2105 1273 2140 altera
1299 2113 1387 2152 parte
1414 2106 1505 2148 alvei,
1540 2105 1592 2153 qui
1627 2105 1745 2140 dicitur
1774 2105 1927 2149 Admoni,

1178 2167 1208 2194 et
1229 2159 1393 2194 ecclesiam
1417 2159 1525 2194 Sancti
1555 2159 1690 2194 Amandi
1723 2159 1876 2206 episcopi,
1897 2167 1928 2194 et

1178 2212 1333 2259 reliquum
1365 2213 1515 2254 nemoris,
1539 2213 1718 2259 parochiam
1741 2222 1771 2248 et
1793 2226 1928 2260 praeco-

1179 2266 1266 2300 nium
1293 2266 1374 2301 ultra
1400 2266 1517 2302 flumen
1545 2268 1660 2303 Anesis
1692 2280 1763 2302 cum
1794 2268 1927 2303 ecclesia

1177 2319 1283 2355 Sancti
1305 2320 1454 2362 Ainandi,
1471 2321 1614 2368 patellam
1640 2321 1722 2368 apud
1745 2321 1834 2357 Halle
1854 2334 1925 2357 cuin

1178 2375 1281 2421 augia,
1303 2387 1383 2421 quae
1405 2375 1527 2410 adiacet
1546 2375 1704 2422 praedicto
1727 2375 1866 2410 flumini:
1889 2388 1926 2409 ex

1178 2428 1262 2463 douo
1277 2428 1416 2463 Cunradi
1439 2429 1573 2464 senioris
1590 2429 1816 2476 archiepiscopi
1838 2429 1928 2464 Salz-

1179 2482 1356 2528 burgensis,
1379 2483 1508 2530 patellas
1530 2490 1561 2518 et
1586 2483 1702 2518 salinas
1717 2483 1800 2531 apud
1824 2483 1927 2528 Halle,

1178 2545 1208 2571 ct
1241 2537 1391 2572 forestum
1419 2549 1513 2571 omne
1539 2536 1577 2571 ad
1613 2536 1739 2583 chge
1766 2537 1927 2584 pertinens

1178 2603 1249 2625 cnm
1285 2591 1452 2626 novalibus
1478 2599 1509 2626 et
1535 2591 1682 2625 decimis:
1717 2598 1821 2625 curtes
1853 2589 1928 2624 Ru-

1952 1170 2008 1191 naua
2019 1172 2090 1191 omnin
2099 1171 2124 1192 ad

1938 1202 1989 1222 iitud
2012 1203 2126 1228 pertinen-

1939 1233 1968 1252 tia
2002 1234 2060 1252 firma
2103 1236 2124 1253 et

1939 1263 2020 1284 illibata
2056 1264 2124 1283 eidem

1939 1295 2020 1315 sei-vari
2032 1295 2117 1315 maudut

1962 1680 2073 1702 Getietmrd
2076 1686 2100 1701 us

1153 2644 1315 2689 tdindort',
1349 2644 1496 2689 Arna-cti,
1519 2645 1616 2686 Butc,
1640 2644 1861 2691 Cltrurnpowe,
1895 2651 1926 2678 et
