2180 3205
24 310 73 339 Λη.
93 307 208 336 (3.1110

49 427 146 451 Menaeni
177 428 207 447 ta-

25 461 70 478 men
89 459 206 476 excummu-

24 483 105 504 nicatos
119 486 160 501 nou
175 485 207 500 re-

24 508 102 536 cipiant
109 514 114 532 i

50 586 92 610 Sed
109 585 207 607 ‹teruncio

26 613 111 644 abbate,
125 617 207 641 succerss

25 647 60 663 ⁸01·
74 646 93 661 et
103 644 207 660 contutum

25 672 124 689 cannensi·
135 664 162 686 de
172 670 207 686 eo-

24 699 68 716 rum
82 691 161 720 gremio
171 692 207 713 uti-

25 723 91 748 jatur.

44 1019 149 1042 cgnzurae
158 1024 207 1040 ron·

25 1049 57 1069 tra
94 1047 208 1067 violatores

25 1073 128 1102 privilegii
138 1073 208 1095 huius.

55 2240 161 2263 Paschatts
171 2242 211 2263 PF.

30 2268 161 2295 subscriptio.

847 291 884 314 m
891 290 969 314 SCllA
975 290 1022 313 us
1051 290 1071 312 11
1103 290 1151 312 ΙΨ.

227 348 373 383 monachi
408 348 578 383 emendare
615 347 889 394 contempserint:
928 358 984 380 nec

227 403 284 450 ipsi
314 413 416 437 tunicii
441 404 737 437 excommunicatos
771 409 823 435 aut
853 400 984 434 interdi-

227 465 295 492 ctos
312 457 349 491 ad
373 456 511 491 ο1111τ111111
536 456 674 489 divinum
699 455 889 501 suscipiant:
927 465 984 487 nec

227 510 258 545 in
288 511 451 545 communi
492 510 656 557 parochiae
692 508 861 543 interdicto
895 508 981 551 signa

227 563 404 612 pulsentur.
440 564 589 599 Obeunte
628 571 732 597 tamen
768 570 798 596 te
830 562 897 596 eius
924 561 983 594 loci

227 618 350 657 abbate,
375 619 419 653 vel
443 627 567 652 tuorum
587 616 729 664 quolibet
749 626 984 657 successorum,

229 673 335 707 nullus
370 672 411 706 ibi
448 672 588 719 qualibet
622 664 838 716 subreptionis
869 668 982 703 astutia

228 739 282 761 seu
306 726 452 761 violentia
476 732 699 772 praeponatur,
726 722 785 757 nisi
808 734 902 769 quem
926 721 984 755 sra-

228 789 292 816 tres
324 792 433 815 eorum
467 790 646 819 consensu,
682 776 729 811 vel
756 776 886 811 fratrum
911 789 982 822 pars

228 834 350 870 consilii
375 834 520 874 sanioris,
540 832 587 866 vel
606 832 644 866 dc
660 843 718 866 sno
737 830 784 865 vel
807 830 845 864 de
868 830 982 870 alieno,

231 889 254 923 si
285 889 481 935 oportuerit,
519 886 673 933 collegio,
707 884 884 920 secundum
925 884 981 918 Dei

231 943 376 978 timorem
410 951 439 977 ct
461 942 542 976 beati
566 939 730 975 Benedicti
756 938 894 984 regulam
918 938 983 972 ele-

228 997 340 1043 gerint.
363 996 397 1031 Si
420 996 491 1043 quis
514 995 608 1041 igitur
629 994 659 1028 in
683 993 852 1028 crastinum
883 991 984 1026 arcbi-

228 1049 397 1097 episcopus
418 1058 472 1084 aut
507 1049 697 1096 episcopus,
727 1047 896 1094 imperator
930 1054 982 1080 aut

231 1116 294 1143 rex,
333 1104 483 1151 princeps
516 1111 569 1137 aut
596 1101 672 1144 dux,
698 1113 824 1145 comes,
853 1100 983 1134 viceco-

230 1170 314 1198 mes,
341 1157 450 1198 iudex,
485 1164 540 1191 aut
571 1154 783 1190 ecclesiastica
824 1153 983 1200 quaelibet

228 1210 436 1245 saecularisve
464 1221 614 1256 persona,
650 1208 730 1242 banc
760 1216 884 1242 nostrae
906 1219 984 1241 con-

229 1264 404 1299 stitutionis
432 1264 579 1310 paginam
616 1262 732 1302 sciens,
769 1269 877 1296 contra
913 1272 982 1294 eam

232 1318 337 1351 venire
367 1317 541 1360 tentaverit,
576 1314 716 1350 secundo
743 1315 874 1349 tertiove
891 1327 984 1357 ,com-

232 1371 361 1411 monita,
381 1371 405 1405 si
424 1383 484 1404 non
500 1369 713 1404 satisfactione
726 1381 863 1414 congrua
879 1380 984 1403 emen-

229 1425 359 1466 daverit,
383 1424 544 1472 potestatis
561 1423 752 1469 honorisque
768 1423 815 1456 sui
831 1422 983 1468 dignitate

230 1487 345 1522 careat,
367 1490 516 1525 reamque
535 1490 567 1512 se
583 1477 689 1512 divino
712 1477 826 1511 iudicio
849 1477 983 1510 existere

232 1530 272 1566 de
302 1539 478 1580 perpetrata
514 1532 679 1579 iniquitate
700 1539 881 1578 cognoscat,
916 1538 982 1565 eta

231 1587 444 1621 sacratissimo
466 1585 607 1633 Corpore
630 1594 661 1621 et
690 1585 853 1632 Sanguine
876 1584 933 1619 Dei
955 1592 985 1619 et

231 1637 358 1674 Domini
391 1639 617 1686 Redemptoris
649 1640 745 1674 nostri
772 1640 843 1674 lesu
866 1638 983 1674 Christi

229 1692 328 1728 aliena
363 1693 432 1737 fiat,
470 1702 563 1740 atque
600 1694 630 1727 in
667 1701 807 1728 extremo
840 1693 985 1728 examine

229 1746 389 1782 districtae
411 1747 524 1781 ultioni
553 1747 724 1782 subiaceat.

279 1799 413 1835 Cunctis
446 1808 549 1835 autem
578 1800 681 1834 eidem
717 1800 786 1834 loco
815 1801 895 1835 iusta
923 1813 986 1835 ser·

231 1853 377 1888 vantibus
414 1854 454 1889 sit
499 1867 557 1901 pax
601 1855 729 1888 Domini
772 1855 870 1888 nostri
914 1854 983 1889 lesu

231 1906 361 1948 Christi,
384 1908 533 1954 quatinus
556 1907 605 1941 bic
621 1908 756 1942 fructum
771 1908 870 1942 bonae
893 1909 987 1943 actio-

230 1961 279 1994 nis
301 1961 496 2008 percipiant,
524 1970 553 1995 et
580 1961 664 2008 apud
688 1962 867 1996 districtum
892 1962 985 1996 Iudi-

232 2025 301 2049 cem
345 2015 482 2062 praemia
513 2023 658 2050 aeternae
698 2016 784 2062 pacis
812 2016 983 2050 inveniant.

235 2067 349 2102 Amen.

279 2121 439 2168 Scriptum
458 2133 649 2169 permanum
666 2121 813 2169 Raynerii
829 2122 985 2157 scriniarii

236 2175 401 2221 regionarii
424 2176 502 2210 sacri
528 2174 642 2221 palatii.

280 2228 354 2263 Eoo
392 2228 576 2263 piscatus
615 2228 786 2263 catholicae
828 2229 988 2264 Ecclesiae

235 2282 416 2329 episcopus.

281 2334 397 2369 Datum
433 2334 554 2369 Romae
577 2334 607 2368 in
642 2334 765 2381 porticu
794 2335 874 2369 beati
904 2336 987 2370 Petri

235 2401 291 2436 per
309 2401 435 2423 manum
455 2388 581 2423 loannis
603 2388 636 2423 S.
663 2389 698 2422 R.
722 2388 759 2422 E.
787 2389 910 2422 diaconi
925 2402 990 2424 car-

234 2442 300 2477 din.
328 2454 365 2477 ac
379 2442 618 2481 bibliothecarii,
640 2454 660 2475 v
677 2441 737 2475 kat.
758 2443 844 2484 maii,
868 2443 987 2477 incarn.

233 2496 353 2530 domin.
395 2507 484 2539 mcx,
525 2496 724 2542 pontificatus
759 2503 862 2530 autem
902 2497 987 2531 dom.

234 2548 397 2583 Pascbalis
424 2549 451 2583 ll
478 2549 594 2596 Papae,
621 2562 704 2584 anno
727 2562 770 2583 xi.

282 2613 344 2644 Dat.
367 2614 414 2644 die
432 2614 468 2644 27
489 2616 594 2653 aprilis
617 2624 692 2643 anno
717 2614 831 2645 Domini
850 2615 936 2653 1110,

488 2654 591 2694 pontif.
610 2664 686 2684 anno
704 2663 740 2684 xl.

1661 280 1725 313 261

1348 346 1459 381 xtJtt.

1029 421 1251 454 Mannum-ium
1294 422 1327 454 S.
1374 423 1532 455 Bmmlicti
1571 423 1777 466 Capri-mnan.

1074 472 1129 503 sub
1162 474 1254 503 tulela
1284 472 1373 503 *Sulis
1397 473 1590 515 Apostolicnc
1620 481 1777 516 recipitur,

1075 521 1159 563 eique
1183 521 1262 552 bona
1284 522 1387 553 onmia
1416 523 1644 566 confirmantur
1669 523 1732 565 (l).

1295 592 1509 623 SUititAtttUit

1027 657 1192 687 Exordium.
1209 675 1249 680 -
1271 657 1478 688 Menasterium
1503 660 1558 689 sub
1583 661 1669 690 tutela
1696 660 1780 691 Sedis

1065 703 1250 741 Apostolicae
1267 703 1418 741 recipitur.
1437 721 1474 725 —
1492 704 1583 743 Eique
1596 705 1668 735 bona
1683 706 1781 735 onmia

1064 748 1290 777 confirmantur.
1303 748 1473 778 —Abbatis
1494 749 1597 778 electio
1616 760 1703 787 penes
1717 761 1779 780 mo-

1065 792 1188 821 nachos:
1208 809 1246 814 —-
1272 792 1529 822 Sacran'ientorum
1563 803 1630 823 vero
1666 795 1782 825 collatio

1065 845 1155 874 penes
1177 836 1232 865 loci
1252 837 1435 876 episcopum,
1456 854 1495 859 —
1516 836 1570 872 Qui
1596 842 1691 867 tamen
1712 840 1780 868 nut-

1065 880 1125 909 111111
1150 880 1196 909 ius
1217 882 1378 910 exactionis
1401 887 1450 911 aut
1469 882 1648 919 gravaminis
1673 892 1777 912 inona-

1065 925 1153 954 sterio
1195 929 1245 954 aut
1275 926 1428 955 monacbis
1458 925 1627 963 imponendi
1661 926 1777 957 babeat.

1063 985 1103 990 —
1120 968 1233 998 Census
1256 978 1374 998 annuus
1404 969 1471 998 Sedi
1495 969 1679 1008 Apostolicae
1711 979 1781 1009 per-

1065 1013 1235 1042 solvendus.
1253 1028 1292 1034 —
1312 1012 1420 1042 Solitae
1444 1012 1598 1042 clausulae
1631 1015 1780 1052 poenales.

1064 1074 1102 1079 —
1121 1056 1174 1086 PP.
1197 1057 1389 1095 subscriptio.

1025 1126 1142 1156 Paselialis
1165 1128 1284 1166 episcopus
1313 1136 1391 1156 servus
1412 1136 1528 1157 servorum
1546 1126 1597 1165 Dei,
1624 1127 1711 1158 dilecto
1733 1128 1782 1158 lilio

1064 1171 1186 1201 Vincentio
1208 1171 1286 1201 abbati
1304 1171 1444 1202 venerabilis
1462 1173 1594 1201 monasterii
1610 1172 1632 1201 S.
1649 1172 1781 1210 Benedicti,

1064 1215 1125 1254 quod
1149 1216 1171 1245 in
1196 1216 1288 1245 civitate
1310 1215 1435 1255 Cupersani
1452 1217 1521 1246 sitnm
1550 1220 1593 1253 est,
1613 1217 1707 1255 eiusque
1730 1226 1782 1247 sue·

1064 1259 1193 1289 ccssoribus
1215 1261 1355 1299 regulariter
1376 1261 1524 1299 successuris,
1548 1261 1570 1290 in
1595 1266 1740 1300 perpetuum.

1074 1329 1147 1364 Piae
1171 1331 1341 1377 postulatio
1364 1330 1535 1365 voluntatis
1557 1332 1667 1366 affectu
1686 1331 1781 1367 debet

1026 1380 1226 1426 prosequenti
1256 1380 1435 1426 adimpleri,
1471 1388 1627 1426 quatenns
1662 1389 1691 1415 et
1724 1382 1782 1416 de-

1026 1429 1160 1463 votionis
1186 1429 1351 1463 sinceritas
1380 1429 1575 1464 laudabiliter
1606 1429 1780 1471 enitescat,

1025 1486 1055 1511 et
1097 1478 1216 1512 utilitas
1254 1478 1409 1525 postulata
1448 1478 1662 1513 indubitanter
1702 1481 1782 1514 vires

1025 1535 1173 1561 assumat.
1197 1527 1276 1569 Quia
1297 1528 1423 1562 dilectio
1446 1536 1496 1562 tua
1519 1527 1556 1562 ad
1579 1528 1673 1563 Sedis
1700 1529 1782 1575 Apo·

1025 1577 1155 1611 stolicae
1178 1585 1302 1624 portum
1319 1577 1505 1624 confugiens
1527 1577 1596 1612 eius
1611 1579 1779 1613 tuitionem

1026 1625 1192 1660 devotione
1227 1626 1330 1660 debita
1364 1627 1543 1674 requisivit,
1572 1639 1630 1662 nos
1657 1628 1782 1675 suppli-

1026 1676 1140 1709 cationi
1165 1683 1236 1710 tuae
1259 1675 1431 1710 clementer
1456 1676 1640 1719 annuimus,
1678 1685 1708 1711 et
1741 1677 1767 1711 Β

1028 1724 1187 1759 Benedicti
1210 1724 1454 1771 Cnpersanense
1471 1726 1711 1770 monasterium,
1729 1726 1780 1761 cui

1026 1773 1093 1807 Deo
1115 1783 1242 1808 auctore
1270 1775 1441 1821 praesides,
1476 1775 1535 1809 sub
1569 1776 1663 1809 tutela
1697 1776 1783 1822 Apo·

1026 1823 1154 1857 stolicae
1169 1823 1263 1857 Sedis
1278 1824 1466 1870 excipimus.
1490 1824 1670 1859 Praesentis
1687 1825 1782 1870 igitur

1028 1872 1180 1918 privilegii
1228 1874 1341 1919 pagina
1383 1873 1555 1920 apostolica
1597 1875 1783 1908 auctoritate

1026 1922 1207 1961 statuimus,
1232 1930 1263 1955 ut
1287 1922 1441 1962 universa,
1468 1935 1549 1969 quae
1571 1922 1653 1956 idem
1678 1935 1781 1957 mona·

1027 1971 1156 2005 sterium
1181 1971 1211 2004 in
1236 1972 1391 2017 praesenti
1425 1973 1513 2007 tertia
1547 1971 1719 2006 indictione
1742 1972 1784 2006 le-

1027 2020 1136 2065 gitime
1170 2021 1327 2066 possidet,
1367 2021 1432 2055 sive
1469 2021 1498 2055 in
1535 2021 1674 2055 futurum
1703 2022 1782 2055 iuste

1028 2078 1120 2115 atque
1159 2069 1310 2104 canonice
1350 2070 1464 2116 poterit
1502 2070 1652 2116 adipisci,
1694 2070 1782 2104 firma

1029 2118 1083 2152 tibi
1107 2119 1232 2164 tuisque
1254 2119 1508 2159 successoribus,
1528 2127 1558 2153 et
1578 2119 1694 2153 illibata
1715 2131 1783 2166 per-

1030 2175 1186 2201 maneant.
1211 2167 1421 2202 Decernimus
1443 2180 1529 2213 ergo,
1560 2176 1594 2202 ut
1618 2168 1693 2201 nulli
1716 2180 1783 2202 om-

1030 2216 1104 2250 nino
1128 2216 1291 2250 bominum
1321 2217 1408 2251 liceat
1433 2217 1576 2251 eamdem
1605 2217 1781 2251 Ecclesiam

1031 2273 1146 2298 temere
1169 2265 1363 2311 perturbare,
1391 2274 1441 2299 aut
1460 2266 1693 2312 possessionem
1724 2278 1781 2300 au-

1031 2314 1120 2351 ferre.
1136 2315 1181 2347 vel
1196 2314 1329 2348 ablatam
1347 2315 1497 2355 retinere,
1520 2315 1662 2349 minuere
1677 2315 1723 2349 vel
1740 2323 1783 2349 te-

1032 2362 1171 2396 merariis
1192 2363 1409 2397 vexationibus
1431 2363 1575 2409 fatigare3
1600 2364 1653 2397 sed
1677 2364 1783 2398 omnia

1031 2411 1149 2456 integra
1172 2421 1398 2446 conserventnr
1416 2424 1539 2456 eorum,
1567 2425 1622 2458 pro
1647 2425 1782 2459 quorum

1030 2460 1280 2495 substentatione
1303 2461 1348 2495 vel
1371 2461 1599 2506 gubernatione
1632 2473 1782 2507 concessa

1030 2517 1114 2549 sunt,
1152 2509 1263 2543 usibus
1286 2510 1479 2544 omnimodis
1507 2510 1678 2556 profutura.
1712 2510 1784 2545 Ob-

1030 2566 1124 2593 eunte
1141 2566 1169 2591 te
1185 2571 1270 2592 nunc
1284 2559 1352 2593 eius
1365 2559 1422 2593 loci
1439 2559 1562 2603 abbate,
1586 2560 1631 2593 vel
1655 2568 1782 2593 tuorum

1059 2605 1104 2657 ⁴(t)
1125 2624 1162 2649 Ex
1179 2623 1363 2658 authographo
1381 2624 1407 2651 in
1433 2623 1544 2651 Archiv.
1568 2624 1651 2652 edidit
1678 2624 1781 2659 Ughell.

1033 2663 1088 2689 ttal.
1106 2663 1165 2689 See.
1184 2666 1249 2689 tom.
1270 2670 1319 2689 vu.

1800 303 1848 330 An.
1869 302 1897 330 C.
1917 303 1984 330 1110

1830 1348 1950 1370 Exordium.

1839 1693 1989 1714 Monasterinm

1805 1721 1843 1740 sub
1854 1721 1918 1740 tutela
1928 1720 1990 1741 Senis

1805 1747 1938 1773 Apostolicae
1957 1751 1991 1766 re-

1806 1774 1888 1799 cipitur.

1840 1888 1907 1914 Eique
1936 1887 1991 1908 bona

1804 1915 1883 1938 Yomnia
1907 1914 1991 1940 confir·⁴

1805 1944 1896 1962 utantur.

1830 2531 1920 2560 >abbatis
1949 2531 1989 2551 ete-

1806 2560 1848 2577 ctto
1869 2563 1933 2583 penes
1949 2563 1990 2577 mo·

1806 2583 1884 2604 nachos
1894 2590 1898 2603 z
1925 2598 1927 2601 .
