2180 3205
175 290 222 316 An.
241 289 267 315 tl.
292 289 357 316 1077

183 589 288 610 Primam<
299 590 359 609 Vien-

174 617 244 636 nensis
286 616 359 636 Eccle-

174 642 219 663 siae
243 648 306 668 super
327 648 358 662 sc-

183 672 238 691 ptem
267 675 348 694 provin·

174 696 224 716 rias.

187 987 245 1010 Quae
256 988 295 1007 sint
303 992 359 1017 ‘pi-o-

172 1020 218 1040 pria
242 1020 316 1035 viu-arn
335 1020 359 1034 a·

173 1042 278 1068 postoticii

186 1371 282 1391 Ecclesia
293 1370 358 1390 Vien-

172 1398 243 1418 nensis
264 1398 291 1417 ab
307 1402 358 1422 apo-

173 1425 231 1445 stolis
262 1423 356 1444 fundata.

187 1812 246 1832 Aliae
263 1811 359 1831 civitates

183 1838 252 1858 eidem
281 1838 351 1858 subie-

175 1867 238 1887 ctae.
254 1867 273 1885 et
295 1865 359 1889 potis-

175 1891 249 1911 simum
283 1891 360 1912 Taren-

176 1917 238 1938 tasia.

190 2301 241 2322 Item
255 2300 362 2321 Archidia-

177 2327 239 2357 conia
249 2328 362 2348 Salmoria-

177 2359 254 2375 censis.

203 2549 254 2569 ltem
263 2547 364 2568 abbatiae

179 2575 202 2595 Si
227 2575 291 2597 Petri,
313 2574 365 2594 San-

179 2602 207 2621 cti
224 2601 320 2621 Andreae
337 2600 366 2619 vi-

179 2634 265 2652 rorum,
281 2628 303 2648 S.
327 2628 366 2647 An-

443 256 487 290 ὃὸ

392 321 423 355 in
465 320 619 367 reliquum
658 317 877 353 inviolabiliter
919 315 1137 355 custodiatur,

392 382 517 405 omnem
552 376 688 403 nostram
716 366 947 402 solicitudinem
976 365 1134 403 exhibere,

391 431 470 466 quae
502 417 691 465 principales
720 428 756 451 ac
782 415 934 463 speciales
958 414 1038 449 filiae
1064 426 1138 448 san-

392 476 459 502 ctae
477 467 572 502 Sedis
593 465 794 513 Apostolicac
816 473 847 500 et
872 464 1081 512 appellantur,
1108 471 1138 498 et

389 518 546 557 existunt,
566 524 597 550 et
623 515 753 550 aliarum
779 515 946 562 primatum
976 513 1137 548 continent

389 565 613 600 Ecclesiarum.
640 564 768 599 Certum
807 564 925 611 quippe
951 570 1009 604 est,
1037 562 1136 596 Vien-

390 627 519 649 nensem
549 614 723 649 Ecclesiam
756 613 852 648 buius
882 612 975 647 Sedis
1005 623 1136 646 conces-

386 664 475 698 sione
501 675 597 710 super
622 671 742 710 septem
766 662 944 710 provincias
966 661 1135 708 primatum

388 721 509 753 tenere;
541 714 640 760 ipsam
678 712 914 756 Viennensem,
941 711 1134 750 Bituricam,

385 762 607 808 But-degalam,
634 761 891 801 Auxionensem,
920 772 1000 807 quae
1026 759 1135 807 appel-

386 812 467 846 latur
480 812 598 846 Novem
612 811 788 858 Populana,
803 809 994 847 Narbonam,
1010 809 1136 856 Aquen-

385 873 464 904 scm,
487 869 516 896 et
535 860 764 901 Ebrudunum,
780 861 810 894 in
829 859 944 907 quibus
961 858 1133 893 Viennensi

385 910 645 957 archiepiscopo,
671 910 753 944 iuxta
791 908 911 943 Nicolai
948 907 1108 942 decretum
1125 935 1133 947 ,

384 958 519 994 Romani
542 959 704 994 Pontificis
720 959 802 993 vices
823 969 933 1004 agere,
960 965 1134 992 conventus

384 1009 504 1043 scilicet
525 1008 692 1056 synodales
719 1007 868 1047 indicere,
891 1015 919 1041 et
946 1006 1012 1040 iura
1031 1007 1134 1041 eccle-

383 1058 508 1092 siastica
544 1059 623 1092 iuste
656 1069 692 1092 ac
725 1056 931 1102 regulariter,
965 1055 1134 1102 apostolica

383 1107 568 1142 auctoritate
593 1118 780 1141 concessum
811 1113 857 1140 est
889 1104 1031 1139 definire.
1063 1105 1134 1139 Hoc

385 1157 491 1203 utique
527 1156 558 1190 in
595 1155 767 1203 privilegiis
793 1154 895 1189 eidem
927 1153 1091 1189 Ecclesiae
1117 1166 1134 1188 a

383 1204 591 1240 sanctissimis
614 1203 908 1251 praedecessoribus
932 1203 1046 1237 nostris
1067 1203 1135 1238 col-

384 1254 453 1289 latis
487 1253 628 1289 babetur.
663 1253 731 1288 Hoc
757 1264 883 1300 quoque
912 1252 940 1286 in
970 1252 1133 1299 privilegio

383 1303 492 1338 beatae
515 1303 684 1338 memoriae
713 1302 828 1337 Leonis
856 1302 959 1348 Papae
989 1303 1134 1337 contine—

382 1361 442 1387 tur.
471 1352 518 1387 Ex
554 1365 617 1399 quo
653 1352 751 1399 liquet
790 1351 972 1398 privilegio,
1010 1359 1039 1385 et
1066 1352 1134 1386 aliis

382 1402 645 1449 quampluribus,
673 1410 703 1436 et
725 1401 773 1435 liis
799 1399 998 1440 autlientICis,
1021 1414 1134 1447 supra-

383 1452 481 1486 dictas
508 1463 555 1486 vn
579 1450 755 1498 provincias
783 1450 821 1484 ad
850 1449 1039 1484 Viennensis
1070 1451 1134 1484 Ec-

382 1500 495 1535 clesiae
519 1500 735 1547 privilegium,
769 1507 874 1545 utpote
900 1511 915 1532 a
945 1498 1133 1534 beatissimis

381 1549 534 1596 apostolis
564 1549 659 1583 Petro
685 1556 715 1583 et
746 1548 844 1582 Paulo
866 1547 1028 1585 fundatae,
1053 1549 1133 1583 iuste

381 1606 411 1632 et
434 1598 657 1632 rationabiliter
680 1598 848 1644 pertinere.
872 1597 912 1631 Et
935 1606 967 1631 ut
989 1597 1027 1632 ad
1052 1607 1133 1644 pote-

381 1655 492 1682 statem
516 1647 658 1681 eiusdem
683 1646 856 1685 Ecclesiae,
881 1647 1055 1681 secundum
1075 1659 1133 1682 an-

381 1697 502 1743 tiquam
537 1697 756 1730 auctoritatem
790 1695 938 1741 catalogi,
973 1709 993 1730 x
1021 1705 1050 1730 et
1071 1709 1133 1731 vni

383 1746 573 1792 pertineant:
602 1745 765 1779 delinitum
801 1753 865 1783 est,
890 1753 921 1778 nt
948 1757 996 1779 vti
1019 1747 1133 1792 oppida

383 1795 430 1829 vel
458 1795 609 1834 civitates,
637 1793 872 1840 Gratianopolis
894 1793 1049 1839 videlicet,
1072 1795 1134 1830 Va-

382 1844 491 1888 lentia,
507 1851 536 1877 et
554 1843 624 1884 Dia,
647 1843 725 1878 Alba
744 1843 919 1883 Vivarium,
941 1844 1133 1889 Tarentasia,

381 1892 520 1937 Geueva,
547 1892 744 1933 Maurienna,
771 1891 944 1931 Viennensi
972 1893 1134 1929 Ecclesiae

383 1942 509 1976 interim
531 1941 690 1976 subiectae
705 1949 925 1988 permaneant3
940 1942 1040 1977 donec
1054 1955 1134 1989 quac

384 1990 529 2025 residuae
547 1998 632 2034 sunt,
647 1991 763 2025 certius
776 1990 948 2030 discussae,
964 1999 994 2025 et
1010 1991 1135 2036 plenius

383 2039 559 2079 ventilatae,
587 2040 646 2074 sub
674 2047 826 2086 potestate
849 2039 1039 2074 Viennensis
1065 2041 1135 2075 Ec-

384 2089 498 2123 clesiae
519 2088 710 2134 redigantur.
732 2088 831 2123 Porro
857 2088 1071 2123 Tarentasiam
1094 2090 1133 2125 ita

383 2149 510 2184 semper
525 2137 584 2172 sub
606 2138 740 2184 primatu
763 2137 955 2172 Viennensis
976 2138 1135 2174 Ecclesiae

384 2198 570 2233 permanere
605 2187 827 2227 decernimus,
861 2187 943 2221 sicut
976 2199 993 2221 a
1020 2189 1135 2223 sanctis

384 2235 534 2270 Patribus
559 2235 665 2270 Leone
691 2244 721 2270 et
742 2235 872 2270 Nicolao
896 2236 1036 2271 noscitur
1058 2249 1131 2272 con-

384 2285 553 2319 firmatum.
576 2284 741 2320 Praeterea
764 2284 802 2319 de
820 2284 1059 2320 Salmoriacensi
1074 2286 1135 2321 Ar-

384 2333 581 2368 chidiaconia
610 2346 708 2368 unum
740 2333 831 2368 nobis
858 2334 1021 2368 intimasti:
1051 2347 1137 2370 con—

384 2382 586 2423 secrationes,
615 2383 660 2417 vel
688 2383 903 2417 ordinationes
930 2391 959 2417 et
985 2385 1135 2431 quicquid

384 2430 422 2465 ad
440 2431 614 2477 pontificale
637 2432 771 2477 pertinet
792 2432 944 2475 osticium,
966 2432 1047 2467 sicut
1066 2442 1137 2468 tuus

384 2479 609 2526 praedecessor
630 2480 854 2526 Leodegarius,
876 2489 907 2515 et
925 2480 975 2514 alii
999 2482 1137 2527 praede-

386 2539 529 2562 cessores
540 2528 660 2563 firmius
669 2529 886 2570 obtinuerunt,
899 2529 1002 2563 itatibi
1013 2531 1137 2577 tuisque

387 2576 635 2616 successoribus,
662 2578 781 2625 absque
810 2579 870 2612 ulla
900 2579 1137 2624 inquietatione,

385 2636 443 2661 seu
478 2625 708 2668 diminutione,
743 2626 885 2662 obtinere
918 2627 1137 2670 concedimus;

967 261 1101 284 Bt'LLant
1108 260 1151 282 [M
1181 260 1269 282 nom
1276 261 1343 283 NUM

1180 314 1234 349 sed
1258 322 1287 349 et
1309 313 1464 349 abbatiam
1484 314 1589 349 Sancti
1614 314 1696 350 Petri
1718 315 1925 362 forisportam

1180 364 1321 398 Viennae
1347 364 1437 398 sitam
1455 391 1462 403 ,
1490 372 1520 398 et
1553 363 1631 398 infra
1652 365 1795 399 eamdem
1818 365 1926 399 urbem

1179 412 1211 447 S.
1235 412 1380 447 Andreae
1403 412 1552 453 abbatias,
1571 425 1663 448 unam
1687 413 1926 457 monachorum,

1178 470 1207 496 et
1235 462 1363 496 alteram
1390 462 1694 496 sanctimonialium:
1723 464 1846 498 necnon
1868 463 1926 497 ab·

1179 511 1291 546 batiam
1314 511 1421 546 Sancti
1448 510 1632 555 Theuderii,
1659 523 1752 558 quam
1772 512 1854 546 idem
1872 524 1926 546 ve-

1178 560 1325 595 nerabilis
1347 560 1507 595 confessor
1532 559 1720 604 aedificavit,
1743 561 1802 595 iuri
1825 561 1925 596 Vien-

1178 610 1285 644 nensis
1322 609 1482 644 Ecclesiae
1529 621 1585 656 per
1624 610 1728 644 omnia
1767 610 1924 645 subiectas

1177 670 1256 699 esse,
1272 670 1335 693 non
1351 658 1484 693 dubium
1499 666 1556 693 est.
1579 658 1613 693 In
1635 658 1828 694 Romanensi
1843 672 1927 706 quo-

1176 720 1236 754 que
1262 708 1416 748 Ecclesia,
1438 708 1580 755 quamvis
1606 720 1639 742 se
1670 708 1775 743 fulciat
1802 716 1927 744 nostrae

1176 757 1339 800 libertatis,
1362 757 1435 792 visis
1462 766 1564 792 tamen
1587 757 1811 804 imperatorum
1834 770 1925 805 prae-

1176 807 1287 852 ceptis,
1309 814 1370 841 tam
1394 807 1423 840 in
1451 805 1677 851 saecularibus,
1700 819 1794 853 quam
1817 806 1847 841 in
1875 819 1926 841 re-

1176 855 1337 901 gularibus
1363 856 1534 896 canonicis,
1562 868 1618 902 per
1640 856 1805 891 consilium
1820 856 1925 891 vicarii

1176 905 1272 939 nostri
1300 904 1463 950 Hugonis,
1497 904 1623 940 Diensis
1658 905 1816 952 episcopi,
1848 905 1925 940 inibi

1175 953 1344 994 ordinatis,
1381 954 1437 988 tibi
1466 954 1590 1001 tuisque
1616 954 1868 995 successoribus,
1892 955 1924 989 in

1175 1002 1321 1037 omnibus
1342 1014 1469 1037 omnem
1489 1011 1672 1050 potestatem
1692 1003 1818 1044 habere,
1841 1016 1925 1050 apo-

1175 1051 1282 1086 stolica
1312 1052 1494 1086 auctoritate
1523 1051 1735 1087 decernimus.
1767 1052 1925 1094 Quoniam

1176 1100 1278 1146 igitur,
1301 1100 1504 1135 dilectissime
1522 1101 1626 1142 frater,
1653 1101 1706 1148 qui
1730 1101 1834 1137 divina
1856 1102 1924 1137 dis-

1176 1149 1329 1195 positione
1378 1150 1518 1184 eiusdem
1566 1150 1728 1185 Ecclesiae
1777 1151 1925 1197 regimini

1175 1210 1284 1244 praees,
1308 1206 1358 1232 tua
1380 1198 1557 1233 veneranda
1581 1199 1766 1245 religiositas
1787 1200 1825 1234 ab
1844 1200 1926 1246 Apo-

1175 1247 1282 1282 stolica
1305 1247 1388 1282 Sede
1411 1247 1572 1282 humiliter
1594 1248 1773 1295 postulavit,
1796 1257 1830 1283 ut
1844 1249 1926 1283 anti-

1174 1309 1235 1344 qua
1259 1296 1432 1343 privilegia,
1460 1309 1476 1331 a
1499 1297 1615 1331 sanctis
1631 1297 1926 1345 praedecessoribus

1176 1346 1290 1380 nostris
1317 1357 1422 1380 sacrae
1443 1345 1520 1380 Sedi
1540 1346 1681 1381 Viennae
1709 1346 1819 1382 tradita
1847 1359 1928 1382 con-

1175 1394 1382 1435 firmaremus,
1400 1396 1548 1442 quoniam
1572 1407 1621 1430 res
1643 1395 1737 1442 digna
1749 1396 1925 1443 petebatur,

1175 1444 1217 1478 tui
1245 1444 1436 1485 dilectione,
1471 1456 1544 1478 cuin
1579 1444 1723 1480 eiusdem
1761 1444 1922 1480 Ecclesiae

1174 1492 1275 1527 debita
1302 1493 1463 1538 charitate,
1486 1493 1620 1528 libenter
1649 1494 1829 1528 annuimus.
1855 1494 1928 1529 Pri-

1175 1541 1286 1587 vilegia
1305 1542 1399 1587 igitur
1420 1551 1449 1576 et
1473 1542 1611 1589 praedia,
1628 1543 1674 1578 vel
1697 1543 1789 1583 bona,
1813 1555 1894 1591 quae
1909 1555 1926 1578 a

1175 1591 1266 1625 beato
1284 1590 1452 1635 Silvestro,
1476 1591 1594 1633 Leone,
1617 1600 1646 1626 et
1668 1592 1809 1632 Nicolao,
1837 1601 1867 1627 et
1886 1592 1925 1627 al)

1174 1652 1283 1674 eorum
1310 1640 1558 1685 successoribus,
1586 1641 1634 1675 vel
1661 1654 1676 1675 a
1706 1641 1926 1676 Romanorum

1175 1689 1429 1735 imperatoribus,
1442 1702 1497 1724 seu
1513 1690 1706 1725 Francorum
1723 1690 1768 1725 vel
1783 1690 1929 1737 Burgun-

1175 1737 1243 1772 diae
1266 1738 1403 1784 regibus,
1426 1738 1587 1773 Ecclesiae
1610 1748 1681 1774 tuae
1702 1748 1776 1774 sunt
1791 1739 1862 1774 data
1879 1740 1926 1775 vel

1176 1787 1306 1827 reddita,
1329 1788 1565 1831 confirmamus,
1580 1796 1610 1822 et
1623 1789 1794 1835 apostolica
1815 1797 1929 1824 aucto-

1176 1836 1264 1870 ritate
1292 1837 1446 1883 praesenti
1477 1837 1638 1883 privilegio
1665 1837 1924 1879 corroboramus;

1175 1897 1212 1919 ex
1248 1894 1396 1931 parteque
1431 1885 1487 1919 Dei
1515 1887 1758 1933 omnipotentis,
1785 1895 1816 1921 et
1844 1887 1927 1922 beati

1176 1934 1258 1968 Petri
1271 1934 1486 1980 apostolorum
1498 1935 1648 1981 principis
1661 1936 1882 1982 praecipimus,
1892 1944 1925 1970 ut

1176 1982 1289 2017 futuris
1310 1983 1505 2029 temporibus
1532 1983 1683 2031 deinceps
1705 1984 1792 2019 firma
1815 1993 1845 2019 et
1872 1985 1926 2019 in-

1175 2032 1324 2066 convulsa
1348 2041 1562 2078 permaneant,
1576 2040 1606 2067 et
1624 2033 1925 2069 incommutabiliter

1176 2081 1359 2115 consistant.
1388 2080 1421 2115 Si
1445 2082 1515 2128 quis
1529 2090 1632 2116 autem
1656 2082 1751 2117 buius
1771 2083 1926 2129 privilegii

1178 2130 1272 2164 nostri
1291 2130 1485 2164 sanctionem
1509 2130 1680 2175 violaverit,
1702 2131 1761 2166 nisi
1785 2132 1928 2179 resipue-

1178 2179 1232 2219 rit,
1272 2186 1302 2212 et
1335 2178 1431 2224 digna
1463 2179 1675 2214 satisfactione
1702 2180 1927 2225 emendaverit,

1177 2229 1215 2262 sit
1242 2228 1375 2262 extorris
1396 2240 1411 2262 a
1435 2240 1531 2274 regno
1553 2229 1624 2269 Dei,
1646 2237 1677 2263 et
1690 2229 1783 2275 digna
1805 2242 1930 2264 excom-

1178 2277 1391 2311 municatione
1426 2276 1593 2312 damnatus
1625 2279 1664 2313 ab
1699 2278 1840 2313 Ecclesia
1868 2278 1927 2313 Dei

1177 2325 1331 2360 efficiatur
1352 2334 1533 2370 extranens,
1556 2335 1790 2374 perpetuaeque
1812 2327 1928 2362 subia-

1178 2383 1244 2408 ceat
1267 2374 1492 2409 maledictioni.
1514 2376 1593 2410 Data
1615 2388 1672 2423 per
1693 2388 1822 2411 manum
1844 2376 1929 2410 Petri

1178 2423 1353 2458 cancellarii
1377 2436 1402 2458 11
1435 2436 1534 2459 nonas
1560 2425 1662 2459 martii
1689 2437 1771 2459 anno
1799 2425 1928 2460 Domini

1179 2472 1296 2506 incarn.
1331 2483 1523 2517 cioLxxvn,
1552 2473 1721 2508 indictione
1747 2485 1811 2513 xv,
1842 2486 1927 2508 anno

1181 2521 1379 2568 pontificatus
1405 2521 1523 2556 domini
1546 2521 1688 2568 Gregorii
1714 2521 1771 2556 VII
1793 2522 1856 2557 PP.
1882 2534 1928 2557 tv.

1246 2593 1307 2624 Dat.
1327 2594 1374 2624 die
1396 2596 1414 2624 6
1432 2596 1528 2625 martii
1546 2605 1623 2625 anno
1638 2595 1752 2625 DoniIni
1773 2596 1860 2635 1077,

1352 2639 1453 2678 pontis.
1475 2639 1608 2677 Gregorii
1626 2649 1702 2670 auno
1721 2648 1759 2669 iv.

1946 280 1995 307 An.
2015 279 2043 307 C.
2062 279 2128 307 1077

1945 334 2010 353 ἀτενεῖ·
2030 333 2129 353 foemina-

1945 366 1997 388 rum.
2005 362 2025 380 οι
2034 359 2055 380 S.
2064 359 2131 379 Theo·

1947 387 2000 406 dori.

1973 677 2025 697 Item
2057 676 2133 697 Roma-

1947 703 2018 725 musis
2026 702 2056 724 Ec
2065 703 2123 724 ¹lesia

1971 1506 2084 1532 Prii-ilegia
2094 1511 2136 1526 om-

1950 1533 2100 1559 niapontit‘icia
2107 1533 2136 1553 ei-

1951 1560 1999 1607 pem
2013 1559 2137 1580 confirman-

1960 1592 1991 1607 ur.

1978 1665 2028 1686 Item
2038 1665 2137 1689 imperia-

1950 1691 1980 1713 lia
1995 1693 2015 1712 et
2029 1691 2095 1717 regia.

1965 2052 2082 2073 Aaathema
2088 2056 2137 2072 con-

1959 2082 1991 2099 tra
2016 2078 2130 2099 violatores

1952 2104 2058 2132 privilegii
2066 2104 2128 2126 huius
2134 2122 2137 2125 .
