2180 3205
22 296 70 324 Ᾰιι.
90 291 204 322 c.tt13

78 2461 127 2484 8¹⁰1
132 2463 195 2484 αἰιπι,

841 277 1018 301 ΡΛΒΕΠΛΠΒ

1045 277 1068 299 ιι
1098 277 1147 299 rr.
1651 265 1721 299 260

1792 274 1841 301 Λιι.
1861 271 1890 300 C.
1909 270 1976 299 1113

235 332 303 380 Ego
325 331 519 368 Romoaldus
537 332 689 367 diaconus
703 331 869 367 cardinalis
890 332 982 366 iudex
1025 331 1192 365 auxiliante
1213 331 1361 369 Domino,
1391 330 1564 377 providere.
1587 329 1628 364 Ei
1646 339 1773 377 propter
1819 344 1887 365 cam
1905 344 1977 364 huin..

284 383 374 417 datus
397 382 520 417 interfui
543 390 572 416 et
601 381 785 427 subscripsi.

234 431 305 478 Ego
326 431 410 466 Boso
428 431 595 466 cardinalis
609 432 763 466 diaconus
779 429 872 464 iudex
893 429 984 464 datus

286 480 413 515 interfui
441 490 471 515 et
492 480 679 527 subscripsi.

235 529 303 576 Ego
330 529 500 565 Gervasius
524 529 662 564 Telesini
685 528 865 564 monasterii
888 527 983 563 abbas

285 578 410 613 interfui
433 588 464 614 et
489 579 672 626 subscripsi.

238 628 304 675 Ego
327 628 457 663 Pontius
484 628 701 663 Antiochenae
735 626 898 662 Ecclesiae
930 638 984 661 ca-

286 679 420 712 nonicus
447 677 570 713 interfui
601 684 632 711 et
657 676 839 723 subscripsi.

235 726 304 773 Ego
330 725 493 761 Rolantlus
519 725 735 761 Antiochenae
757 725 917 760 Ecclesiae
939 724 985 760 le-

284 785 376 822 gatus
404 775 529 810 interfui
551 784 582 810 et
603 775 788 822 subscripsi.

284 826 398 860 Actum
420 824 592 859 Beneventi
612 825 644 858 in
667 823 780 871 palatio
803 823 983 871 principali,

235 885 275 909 ιιι
296 881 327 910 et
347 886 373 909 ιι
395 874 466 910 idus
499 874 664 914 februarii,
700 882 820 920 praeter
844 873 901 907 hos
923 885 985 907 su-

238 923 429 971 prascriptos
450 923 499 958 alii
522 923 614 958 etiam
639 922 744 969 plures
767 922 985 963 interfuerunt,

236 980 299 1008 tam
333 973 472 1020 episcopi
499 984 594 1020 quam
620 972 760 1016 abbates,
793 971 871 1007 Rtso
899 971 1009 1012 vide-2

237 1021 312 1057 licet
338 1022 509 1064 Barensis‚
553 1021 616 1056 Leo
653 1020 849 1066 Hostiensis,
887 1016 1009 1056 Fulco'

235 1070 428 1107 Venusinus.

287 1120 400 1155 Datum
435 1119 609 1155 Beneventi
638 1132 693 1167 per
720 1131 847 1154 manum
869 1119 988 1154 Iohan-

237 1171 287 1205 nis
312 1178 438 1205 sanctae
471 1169 634 1204 Romanae
667 1169 828 1204 Ecclesiae
863 1169 986 1204 diaconi

237 1219 404 1254 cardinalis
441 1231 477 1254 ac
506 1218 760 1258 bibliothecarii,
807 1218 912 1253 idibus
942 1219 1011 1267 se-}

238 1268 370 1313 bruarii,
396 1268 568 1303 indictione
594 1280 646 1308 vt,
673 1268 896 1302 incarnationis
930 1268 1011 1308 do-l

239 1318 372 1353 minicae
398 1330 480 1353 anno
502 1329 625 1357 mcxiii,
651 1317 850 1364 pontificatus
882 1326 987 1352 autem
1009 1312 1012 1370 l

238 1367 277 1402 D.
306 1366 468 1402 Pascbalis
493 1365 521 1400 11
547 1366 610 1400 PP.
642 1378 724 1401 anno
745 1378 815 1401 xiv,
1009 1373 1012 1417 ξ

271 1424 333 1455 Dat.
352 1425 399 1455 die
418 1424 455 1454 13
477 1423 618 1453 februarii
642 1433 717 1452 anno
740 1423 855 1453 Domini
876 1423 960 1459 1113,
1009 1419 1012 1430 '

478 1468 582 1508 pontis.
603 1477 679 1498 anno
697 1475 752 1498 xiv.

542 1605 681 1641 XLVIII.

241 1679 442 1724 Confirmatio
467 1678 630 1711 sententiae
657 1678 738 1711 latae
763 1690 782 1712 a
809 1679 962 1712 iudicibus
978 1706 988 1717 ,

289 1740 309 1762 a
330 1729 407 1761 Sede
440 1728 618 1772 Apostolica
641 1728 786 1771 delegatis
800 1756 809 1765 ,
844 1731 875 1760 in
897 1741 992 1762 causa
1012 1720 1014 1773 l

289 1779 368 1811 inter
407 1778 595 1810 monasteria
629 1779 802 1810 Anianense
835 1784 862 1810 ec
898 1778 1015 1811 Casae'.

292 1827 362 1865 Dei,
383 1838 473 1871 super
493 1827 569 1860 cella
599 1826 793 1860 Gordianica
815 1829 871 1869 (l).

510 1903 725 1934 SmntARtmt

243 1969 409 2001 Exordium.
430 1987 470 1993 -
486 1969 579 2000 Causa
607 1970 778 2001 huiusmodi
813 1980 826 2000 a
858 1971 993 2002 paschali
1014 1979 1016 1986 ·

283 2014 490 2051 Avenionensi,
511 2014 661 2044 Valentino
680 2019 707 2044 et
724 2014 824 2045 Diensi
847 2017 994 2055 episcopis
1015 2049 1017 2055 ⁴

285 2057 427 2096 delegata.
444 2075 484 2080 —
500 2058 651 2088 Sententia
671 2060 706 2089 ab
725 2061 768 2089 eis
788 2060 852 2089 data
873 2062 902 2089 in
919 2060 996 2090 faro·
1016 2058 1017 2090 j

287 2111 348 2132 rem
366 2103 544 2133 Anianensis
557 2104 996 2141 monasterii;—Conlirmatur
1016 2112 1017 2123 ¹

287 2147 404 2176 decreto
426 2147 586 2186 pontificio;
601 2164 641 2169 —
656 2147 891 2188 Perpetuumque
907 2150 996 2179 sileri·
1016 2164 1018 2189 i

286 2191 359 2221 tium
385 2193 541 2221 monachis
574 2191 665 2222 Casae
687 2192 736 2222 Dei
760 2194 929 2232 imponitur.
959 2198 1018 2216 —¹

289 2235 397 2265 Solitae
418 2236 579 2265 clausulae.
601 2253 640 2259 —
661 2236 714 2266 Pr.
733 2237 923 2276 subscriptio.
1016 2267 1019 2280 ι

247 2295 366 2326 Paschalis
387 2297 515 2336 episeopus,
537 2306 615 2327 servus
635 2307 751 2328 servornm
769 2298 820 2336 Dei,
843 2299 928 2329 dilecto
950 2299 997 2329 filio
1017 2324 1019 2337 Ι

288 2340 366 2379 Petro,
383 2341 521 2371 Anianensis
536 2343 668 2372 monasterii
689 2342 776 2380 abbati,
793 2344 892 2373 saltitem
908 2348 930 2373 et
944 2353 997 2383 apo·
1018 2343 1019 2368 ἶ

287 2385 392 2416 stolicam
406 2385 602 2416 benedictionem.

297 2451 498 2499 Apostolicae
532 2451 625 2487 Sedis
660 2453 845 2488 auctoritate
872 2453 998 2489 debito-

249 2511 312 2547 que
343 2502 576 2548 compellimur,
603 2514 660 2549 pro
694 2504 913 2537 universarum
936 2503 1021 2552 Ec-¹

249 2549 415 2584 clesiarum
439 2559 518 2585 statu
538 2558 726 2598 satagentes,
753 2564 860 2586 earum
884 2554 998 2599 quieti,
1018 2555 1021 2594 ἱ

289 2614 328 2649 (1)
344 2615 383 2642 Ex
405 2615 506 2642 archiv.
528 2617 669 2643 Anianensi
692 2616 775 2643 edidit
794 2617 958 2645 Mabillonius
974 2619 1000 2645 in

254 2654 374 2689 Append.
392 2655 486 2683 Annal.
504 2656 600 2684 Bened.
619 2660 683 2683 torn.
701 2665 725 2689 v,
739 2665 812 2684 num.
825 2665 962 2685 cxxxviii.

1025 388 1235 426 opportunum
1259 381 1418 422 duximus
1445 380 1520 414 (lum
1545 380 1574 414 in
1600 380 1770 414 Galliarum

1026 429 1164 475 partibus
1183 442 1388 471 moraremur,
1411 431 1654 464 controversiam
1676 429 1772 468 illam,

1025 490 1103 523 quae
1133 479 1211 512 iuter
1246 479 1344 513 Casae
1380 478 1435 512 Dei
1465 479 1702 523 monasterium,
1742 487 1773 512 et

1025 528 1206 562 Antamonse
1245 527 1456 570 coenobium,
1498 540 1593 573 snper
1619 528 1693 562 cella
1735 528 1774 563 ile

1025 575 1216 611 Gordianico
1243 576 1409 621 agebatur,
1438 577 1670 611 venerabilibus
1705 577 1774 611 sra-

1025 626 1124 660 tribus
1165 626 1300 660 Arborio
1339 626 1563 664 Avenioncnsi,
1602 626 1774 661 Eustaicliio

1027 674 1203 719 Valentino,
1230 675 1385 709 Hismioni
1415 674 1521 709 Diensi
1545 676 1703 721 episcopis
1725 677 1776 709 ili-

1025 724 1220 759 scutiendam
1256 725 1590 771 determinandamque
1629 726 1775 759 commit-

1026 781 1106 814 tere;
1134 774 1187 820 qui
1218 773 1366 807 nimirum
1396 774 1561 820 utriusque
1589 776 1683 819 partis
1718 787 1774 809 ra-

1026 823 1281 857 tiocinationibus
1331 822 1499 862 diligenter
1540 822 1702 860 discussis,
1744 832 1775 858 ct

1026 873 1175 907 canonice
1197 871 1393 915 examinatis,
1420 872 1502 906 sicut
1523 884 1560 906 ex
1587 884 1695 906 eorum
1727 872 1776 906 al-

1028 921 1181 968 legatione
1203 921 1476 968 chirographoque
1494 921 1724 968 comperimus,
1746 930 1777 956 et

1029 972 1201 1017 perspectis
1223 970 1454 1018 pontificalibus
1483 982 1519 1005 ac
1542 971 1697 1017 regalibus
1733 971 1778 1005 in-

1028 1022 1222 1064 strumentis,
1245 1019 1418 1054 etaliarum
1441 1020 1619 1055 chartarum
1639 1020 1776 1064 indii-iis,

1029 1069 1145 1104 iustum
1173 1082 1242 1104 esse
1269 1077 1446 1110 senserunt,
1472 1078 1503 1104 et
1537 1069 1673 1116 scriptis,
1707 1070 1780 1103 sul)-

1029 1119 1316 1166 scriptionibusque
1343 1127 1527 1162 sanxerunt,
1555 1127 1589 1153 nt
1626 1128 1780 1153 monaste-

1030 1169 1110 1202 rium
1151 1169 1331 1202 Aniancnse
1373 1168 1541 1215 praelatam
1583 1168 1693 1203 cellam
1739 1172 1778 1203 de

1030 1216 1221 1252 Gordiauico
1243 1218 1279 1252 ad
1313 1217 1371 1252 Dei
1409 1217 1569 1252 servitium
1597 1229 1717 1264 regere,
1744 1230 1780 1252 ac

1032 1275 1182 1313 perpetuo
1205 1267 1318 1301 habere
1341 1266 1485 1301 deberet:
1514 1275 1547 1301 ut
1570 1267 1654 1301 enim
1678 1266 1780 1301 verbis

1031 1316 1169 1362 ipsorum
1193 1317 1377 1363 loquamur,
1404 1317 1484 1350 inter
1506 1316 1639 1363 primam
1663 1316 1777 1350 iustam

1030 1366 1282 1411 acquisitionem,
1317 1373 1347 1398 et
1375 1365 1516 1399 ultimam
1551 1365 1663 1400 iustam
1693 1376 1781 1400 reve-

1031 1415 1209 1459 stitionem,
1250 1426 1344 1461 quam
1376 1426 1431 1461 per
1472 1426 1530 1448 nos
1566 1423 1780 1460 acceperant,

1033 1463 1149 1498 nullam
1174 1464 1316 1498 invenire
1350 1471 1520 1510 potuerunt
1542 1463 1653 1498 iustam
1683 1464 1782 1510 ipsius

1033 1514 1241 1558 possessionis
1277 1513 1551 1560 interruptionem.
1603 1512 1666 1547 'Nos
1707 1525 1782 1559 ergo

1032 1562 1285 1609 supradictorum
1308 1562 1451 1606 fratrum,
1482 1574 1563 1609 quos
1584 1562 1614 1596 in
1637 1561 1697 1597 hoc
1723 1575 1783 1597 ne-

1032 1613 1116 1658 gotio
1143 1613 1241 1646 nostri
1269 1612 1477 1646 vice-iudices
1511 1611 1675 1652 dedimus,
1716 1612 1784 1647 lite-

1033 1674 1136 1696 rarum
1155 1661 1367 1709 praesentium
1384 1661 1521 1701 decreto,
1544 1661 1695 1696 iudicium
1712 1673 1784 1696 con-

1035 1711 1206 1749 firmamus,
1234 1718 1265 1745 et
1286 1711 1497 1757 supradictam
1519 1710 1630 1745 cellam
1653 1711 1690 1745 de
1705 1710 1785 1745 Gor-

1033 1760 1157 1794 dianico
1180 1760 1254 1803 tibi,
1281 1761 1442 1795 carissime
1465 1759 1557 1794 Petre
1579 1759 1676 1795 abbas
1699 1772 1785 1807 prae-

1034 1809 1106 1843 dicti
1134 1810 1325 1844 Auianensis
1352 1811 1544 1849 monasterii,
1569 1810 1693 1856 tuisque
1715 1822 1785 1844 suc·

1034 1859 1228 1901 cessoribus,
1262 1860 1383 1893 firmam
1411 1867 1442 1893 et
1468 1860 1606 1905 quietam
1642 1859 1673 1892 in
1710 1871 1785 1905 per-

1037 1917 1165 1954 petuum
1201 1921 1325 1942 manere
1352 1908 1530 1947 sancimus3
1559 1908 1786 1954 praecipientes

1035 1966 1065 1991 et
1099 1957 1342 1997 interdicentes,
1378 1970 1416 1991 ne
1443 1970 1538 2002 super
1573 1958 1629 1991 hac
1653 1959 1784 1991 ulterius

1036 2007 1231 2053 querimonia
1260 2007 1359 2042 Casae
1387 2006 1442 2041 Dei
1473 2006 1582 2040 fratres
1604 2007 1786 2040 Anianense

1036 2056 1225 2090 coenobium
1258 2056 1432 2102 inquietare
1467 2064 1683 2102 praesumant·,
1718 2055 1786 2095 seit,

1038 2115 1069 2139 ut
1092 2106 1197 2152 quiete
1219 2118 1254 2140 ac
1290 2105 1386 2139 libere
1409 2105 1468 2139 sub
1495 2105 1686 2139 Anianensis
1713 2116 1788 2138 coe-

1038 2155 1120 2188 nobii
1150 2155 1216 2188 iure
1243 2167 1279 2189 ac
1308 2155 1505 2200 possi-ssione
1533 2154 1563 2187 in
1597 2161 1785 2200 perpetuum

1037 2212 1240 2238 conservetur
1266 2216 1337 2237 cum
1361 2203 1510 2237 omnibus
1534 2203 1731 2250 pertinentiis
1752 2214 1789 2236 ac

1039 2252 1292 2299 possessionibus
1315 2254 1391 2289 suis,
1415 2253 1492 2286 sicut
1515 2264 1530 2286 a
1555 2251 1716 2286 Ludovieo
1735 2253 1791 2285 im-

1039 2310 1193 2348 peratore,
1220 2300 1325 2336 Caroli
1349 2301 1452 2346 Magni
1484 2301 1682 2347 imperatoris
1705 2300 1788 2341 filio.

1039 2362 1227 2385 concessum
1255 2362 1290 2384 ac
1330 2351 1476 2384 traditum
1505 2350 1678 2384 Aniauensi
1714 2362 1792 2384 coe-

1040 2399 1135 2434 nobio
1159 2411 1213 2445 per
1240 2399 1439 2433 instrumenti
1467 2399 1580 2444 regalis
1606 2400 1790 2433 memoriam

1039 2449 1224 2483 declaratur.
1262 2448 1295 2483 Si
1319 2461 1379 2495 qua
1404 2449 1497 2494 igitur
1520 2450 1550 2482 in
1573 2448 1712 2482 futurum
1736 2460 1791 2482 ec-

1039 2498 1210 2533 clesiastica
1239 2497 1396 2544 quaelibet
1423 2497 1793 2544 saecularisvepersona,

1039 2547 1120 2581 hanc
1175 2555 1300 2581 nostrae
1348 2546 1599 2581 confirmationis
1645 2547 1792 2594 paginam

1040 2609 1154 2637 sciens,
1189 2605 1295 2631 contra
1319 2608 1386 2630 eam
1411 2605 1527 2630 temere
1555 2608 1662 2630 venire
1692 2604 1795 2630 tenta-

1042 2647 1136 2689 verit,
1161 2647 1323 2692 potestatis
1346 2646 1537 2692 honorisque
1569 2645 1615 2679 sui
1644 2645 1795 2692 dignitate

1793 371 1849 392 modi
1858 377 1870 391 a
1880 370 1978 391 paschati

1808 402 1946 423 avenionensi
1958 418 1962 424 ,

1794 429 1904 449 valentin-i
1920 444 1924 451 ,
1958 430 1979 448 εἰ

1794 455 1980 482 Dinnsiepiscopit

1795 483 1899 508 delegata.

1831 1151 1940 1173 Sententia
1961 1149 1988 1170 ab

1805 1179 1835 1199 eis
1850 1179 1898 1198 data
1923 1177 1943 1197 in
1959 1176 1989 1196 Ia·

1804 1211 1875 1225 vui-em
1886 1204 1991 1224 Anianen-

1804 1232 1833 1252 ιιι
1853 1230 1988 1253 monasterii;

1856 1546 1993 1567 confirmatur

1809 1573 1895 1594 decreto
1909 1572 1994 1599 pontifi-

1810 1606 1842 1621 eto
1851 1607 1855 1624 ;

1828 2035 1998 2059 Perpetuumque

1820 2062 1924 2081 silentium
1956 2065 1997 2079 ιιιῡ-

1821 2087 1894 2107 nachis
1924 2085 1991 2106 Casae

1815 2115 1853 2135 Dei
1877 2114 1996 2139 imponitur.

1845 2472 1926 2493 Sattiae
1942 2471 2002 2492 clau-

1818 2500 1884 2519 sulae.
