2180 3205
154 255 203 281 An.
224 253 252 282 C.
269 254 337 282 1096

168 755 246 775 l'rbani
256 754 295 775 PP,
310 754 333 775 ll.

154 783 189 803 d..

154 1443 190 1464 sot

153 1470 193 1490 lae.

195 784 268 803 retum.

194 1444 235 1463 itae
256 1443 337 1463 clausu-

196 1674 339 1700 Subscriptio-

155 1706 199 1721 nes.

413 239 482 274 168

361 305 458 352 igitur
481 303 620 347 fratrum,
647 300 699 347 qui
725 298 889 333 nobiscum
912 297 1050 332 Turonis
1072 297 1108 331 ad

360 353 569 389 ecelesiastica
615 349 736 395 negotia
777 346 912 381 finienda
953 355 1110 381 convene-

360 411 447 446 rant⁷
475 399 698 435 deliberatione
720 405 812 443 atque
828 396 957 439 iudicio,
979 395 1110 430 Corma-

359 451 490 487 ricensis
515 448 610 483 abbas
632 446 737 481 Guiilo
760 445 907 480 baculum
932 456 993 479 non
1017 444 1110 479 ordi-

358 508 429 534 nate
451 508 616 544 acceptum
643 496 679 530 B.
702 494 828 529 Martini
851 494 1014 529 canonicis
1036 493 1109 527 red-

357 549 455 588 ditlit;
474 547 528 594 qni
551 558 623 580 mox
640 556 735 592 super
754 544 790 578 B.
806 543 931 578 Martini
951 543 1106 577 tumulum

358 598 481 645 positus
520 603 583 630 est:
625 602 732 642 postea
772 601 877 627 tamen
917 604 953 626 ex
994 591 1106 626 eodem

357 646 478 681 tumulo
500 644 602 680 eidem
626 643 741 683 abbati,
764 642 837 689 quia
858 641 1022 686 religiosae
1037 652 1107 674 ron-

356 695 540 730 versationis
559 692 749 735 habebatur,
774 691 936 725 restitutus
958 698 1015 724 est.
1036 689 1107 723 Per·

356 754 450 792 petuo
479 745 583 791 itaque
617 743 744 777 decreto
771 750 872 775 ratum
905 751 974 773 esse
1010 751 1107 785 prae-

356 794 516 840 cipimus,
556 805 594 827 ne
629 791 779 837 deinceps
807 790 837 824 in
873 787 1106 823 Cormaricensi

356 842 508 878 coenobio
530 842 620 876 aliter
642 840 784 887 eligatur,
817 851 910 886 quam
934 838 966 872 in
989 850 1107 884 supra-

356 893 457 927 dictae
500 891 661 926 Ecclesiae
705 888 869 936 privilegio
914 887 1105 922 continetur.

355 941 486 976 Electus
508 949 611 976 autem
635 938 816 986 supradicto
851 945 973 981 tenore,
1001 937 1040 971 de
1068 936 1105 971 B.

355 990 482 1026 Martini
508 989 676 1036 sepulchro
700 988 846 1022 baculum
875 995 998 1021 sumat:
1032 987 1106 1020 item

356 1040 506 1075 defuncto
528 1039 640 1074 abbate
666 1049 792 1084 semper
818 1036 856 1070 ad
880 1035 1028 1070 eumdem
1059 1035 1107 1070 lo-

355 1102 427 1124 cum
451 1089 582 1123 baculus
604 1087 766 1131 referatur,
792 1094 825 1120 ut
846 1098 944 1132 super
966 1085 1016 1119 illa
1039 1097 1109 1119 san-

356 1139 494 1173 ctissima
527 1137 727 1173 Confessoris
766 1135 930 1182 apostolici
952 1135 1106 1176 membra,

355 1188 516 1222 communi
539 1187 648 1221 decani
663 1194 693 1221 et
708 1185 833 1231 capituli
858 1185 958 1228 iussu,
980 1185 1106 1231 signnm

356 1237 435 1271 illud
473 1236 635 1284 pastoralis
669 1235 831 1283 regiminis
863 1246 989 1280 semper
1015 1235 1108 1269 acci-

356 1287 471 1334 piatur,
486 1287 572 1321 salvo
585 1285 704 1320 Turon.
725 1284 912 1331 archiepisc.
931 1284 1009 1324 iure,
1024 1283 1107 1331 qnod

357 1337 389 1370 in
426 1335 547 1370 abbatis
573 1334 771 1369 ordinatione
806 1333 983 1368 secundum
1014 1345 1108 1368 com-

359 1397 489 1420 munem
523 1385 683 1419 Ecclesiae
719 1383 982 1418 consuetudinem
1015 1395 1108 1418 exer-

360 1435 497 1469 cendum
519 1442 577 1469 est.
601 1434 635 1468 Si
663 1433 734 1480 quis
756 1442 880 1468 sauctae
894 1433 1107 1467 constitutioni

358 1484 435 1519 hnic
462 1484 584 1519 obviam
618 1484 674 1528 ire,
701 1492 730 1517 et
757 1482 999 1517 Cormarieense
1029 1495 1109 1517 coe-

361 1534 490 1569 nobium
519 1533 671 1568 ecclesiae
706 1532 743 1566 B.
772 1531 896 1566 Martini
923 1532 1109 1567 subtrahere

358 1583 534 1622 tentaverit,
548 1582 738 1630 apostolicae
752 1580 979 1627 indignationis
991 1582 1108 1629 gladio,

358 1641 388 1667 et
413 1632 447 1667 S.
464 1632 602 1679 Spiritus
624 1631 742 1666 iudicio
771 1630 909 1665 feriatur.

358 1681 490 1728 Signum
517 1681 646 1716 Urimur
676 1680 797 1715 Dar-ie.

358 1731 426 1777 Sig.
450 1731 595 1777 Hugonis
622 1730 844 1776 Lugdunensis
885 1733 895 1750 Ἰ

421 1808 426 1814 .
453 1780 614 1827 Rotlnlphi
649 1779 847 1815 Turonensis

399 1857 427 1875 ι.
457 1829 612 1864 Gnidonis
638 1828 828 1863 Viennensis
889 1843 894 1865 3
923 1828 1110 1876 archiepisc.

362 1878 430 1925 Sig.
445 1879 618 1914 Hildeberti
637 1878 847 1913 Bituricensis
878 1867 899 1968 s

423 1957 428 1962 .
457 1928 561 1963 Amati
583 1928 829 1975 Burdegalensis

362 1977 430 2024 Sig.
458 1977 618 2013 Heuzonis

362 2026 430 2072 sig.
465 2027 585 2062 Alberti

424 2104 430 2110 .
454 2076 596 2122 Gregorii

364 2125 431 2172 Sig.
455 2126 563 2160 Iuonis
589 2126 796 2161 Carnutensis
903 2126 914 2278 a

679 1982 693 2117 ξ
719 2026 907 2062 cardinales.

364 2173 431 2220 Sig.
460 2174 601 2210 Goffredi
629 2175 867 2222 Andegavensis

364 2222 432 2263 Sig.
459 2224 562 2258 Hoelli
584 2224 834 2259 Cenomanensis

424 2300 431 2306 .
460 2273 602 2308 Moruani
631 2274 818 2309 Venetensis
904 2282 914 2310 ‘2
942 2272 1095 2321 episcopi.

366 2320 435 2367 sig.
458 2322 621 2358 Benedicti
644 2323 798 2358 Nannetis
813 2325 857 2365 (t)

368 2370 436 2416 sig.
463 2371 622 2406 Guillelmi
640 2372 846 2407 Arx-ernensis

368 2419 436 2465 Stg.
460 2419 618 2455 Brunonis
639 2421 817 2468 Signiensis

369 2468 437 2514 sig.
465 2469 626 2504 Marobodi
647 2471 847 2506 Redonensis
867 2471 968 2505 electi.

470 2570 574 2602 monis
596 2569 707 2614 prioris
730 2569 882 2604 Bernerii.

406 2626 446 2664 (l)
463 2627 541 2654 Forte
561 2628 744 2655 Nattaetensis.

431 2545 437 2551 .
466 2519 691 2554 monachorum
726 2520 1014 2555 Cormaricensium
1032 2547 1040 2562 ‚
1066 2519 1143 2566 Si-1

957 243 1054 266 imunt
1061 244 1091 266 R}
1099 242 1143 266 [M
1172 243 1237 264 nou
1245 241 1332 263 ,Πῖὶὶῐ

1153 296 1218 341 sig.
1247 294 1398 329 Bai-cardi
1422 292 1634 339 praecantoris
1654 292 1688 328 S.
1712 292 1852 328 Martini.

1151 345 1219 389 sig.
1243 342 1400 377 Fulcherii
1426 342 1605 388 praepositi.

1150 394 1216 439 Sig.
1245 392 1391 426 Matthaei
1415 391 1615 437 praepositi.¹

1150 442 1215 487 Stg.
1240 440 1385 475 Sichardi
1413 440 1595 487 praepositi.

1149 491 1215 536 sig.
1244 490 1415 525 Alexandri
1445 489 1642 524 subdiaconi.

1199 540 1313 573 Datum
1349 538 1483 574 Pictavis
1511 551 1567 586 per
1594 550 1723 573 manum
1753 537 1903 573 lobannis

1149 588 1182 622 S.
1210 588 1249 622 R.
1274 588 1309 622 E.
1333 588 1457 623 diaconi
1480 587 1665 628 cardinalis,
1692 599 1730 622 111
1752 587 1903 622 kalendas

1149 638 1267 684 aprilis,
1291 638 1462 673 indictione
1483 648 1528 676 tv,
1547 649 1630 672 anno
1644 636 1901 677 Domininxcvl,

1150 687 1352 734 pontificatus
1378 686 1497 722 Urbani
1521 686 1625 734 Papae
1646 698 1694 721 lx.

1205 743 1267 774 Dat.
1288 744 1335 774 die
1354 744 1392 775 30
1415 744 1510 774 martii
1529 753 1606 773 anno
1624 743 1739 773 Domini
1758 742 1846 780 1096,

1398 783 1500 824 pontif.
1523 793 1600 813 anno
1618 792 1654 813 ix.

1446 898 1600 946 xxxw.

1148 966 1200 998 Ad
1225 966 1422 1006 Tolosanum,
1436 968 1656 1010 Ayemwnsem,
1677 967 1900 1003 Catum-ensem.

1927 248 1975 275 An.
1997 247 2025 276 C.
2043 245 2110 279 ¹096

1196 1023 1221 1048 el
1251 1016 1494 1049 Lactoralensem
1520 1017 1689 1061 episcopos„
1712 1025 1755 1061 ¹ul
1782 1016 1903 1048 restitui
1939 1008 1947 1014 ⁶

1196 1072 1299 1097 curent
1335 1065 1498 1103 Ecclesias,
1534 1073 1560 1098 ec
1591 1067 1671 1099 bona
1695 1065 1902 1109 Moysiacenst

1196 1115 1300 1147 ablata
1318 1115 1514 1153 monasterio,
1531 1127 1590 1159 pro
1604 1115 1689 1148 cuius
1709 1115 1902 1147 immanitate

1197 1171 1223 1196 e!
1244 1165 1390 1208 regimine
1412 1165 1562 1198 nonnulla
1583 1165 1785 1197 decernuntur
1807 1164 1868 1206 (d).

1413 1233 1628 1264 summatum

1149 1294 1346 1334 Blo3‘siacense
1363 1296 1572 1325 monasterium
1590 1304 1712 1333 magnae
1727 1294 1820 1324 famae
1833 1303 1902 1334 pro-

1189 1340 1252 1374 pter
1269 1335 1434 1373 regularem
1456 1335 1654 1374 disciplinam:
1671 1352 1711 1357 --
1727 1335 1828 1364 Postea
1846 1343 1900 1364 suo

1189 1384 1221 1404 ex
1244 1375 1400 1412 splendore
1416 1375 1543 1413 lapsum:
1564 1392 1604 1397 -
1621 1374 1749 1404 Tandem
1769 1374 1901 1404 Cluniae.

1189 1414 1327 1444 abbatum
1351 1415 1495 1444 industria
1516 1415 1695 1444 restitutum:
1721 1431 1761 1436 —
1783 1414 1851 1444 Suis
1870 1415 1900 1443 in

1189 1454 1274 1484 bonis
1290 1455 1481 1484 confirmatur
1499 1455 1553 1484 sub
1569 1454 1699 1484 dominio
1718 1454 1901 1484 eorumdem.

1188 1511 1228 1516 —
1257 1493 1445 1524 Enumeratio
1475 1494 1646 1523 huiusmodi
1679 1494 1833 1523 bonorum.
1861 1510 1902 1516 —

1189 1533 1251 1563 Non
1274 1534 1376 1569 abbas,
1399 1534 1448 1565 sed
1468 1534 1547 1572 prior
1565 1534 1730 1572 eligendus.
1746 1550 1787 1555 —
1804 1532 1833 1562 ln
1849 1533 1902 1562 ab·

1190 1573 1278 1603 batiis
1298 1583 1364 1603 vero
1385 1574 1574 1612 Moysiacensi
1594 1574 1736 1603 subiectis
1760 1583 1816 1602 non
1839 1573 1896 1602 eli-

1191 1614 1278 1651 gendi
1310 1613 1431 1643 abbates
1462 1614 1517 1642 nisi
1549 1613 1666 1652 praevio
1693 1613 1902 1652 Moysiaceusis

1190 1662 1350 1682 consensu.
1370 1670 1410 1675 ——
1426 1653 1576 1683 Ecclesiae
1598 1658 1627 1683 et
1648 1653 1723 1682 bona
1748 1653 1816 1682 huic
1836 1662 1902 1682 mo—

1191 1694 1319 1723 nasterio
1346 1693 1452 1723 ablata.
1482 1710 1521 1715 -
1552 1692 1632 1728 Quae
1661 1693 1687 1722 ei
1720 1693 1901 1722 restituenda

1192 1733 1252 1762 sore
1275 1734 1457 1773 praecipitur
1471 1733 1527 1762 sub
1551 1733 1746 1762 anathematis
1767 1742 1868 1772 poena.

1152 1802 1273 1831 Urbanus
1292 1803 1432 1839 episcopus
1456 1810 1550 1832 servus
1567 1810 1706 1832 servorum
1721 1803 1776 1836 Dei,
1797 1802 1904 1831 dilectis

1194 1847 1331 1876 fratribus
1349 1850 1377 1876 et
1395 1849 1571 1884 coepiscopis,
1591 1848 1685 1876 lsarno
1703 1848 1844 1880 Tolosano,
1862 1847 1901 1874 Si·

1197 1893 1269 1921 moni
1298 1893 1458 1928 Agennensi‚
1487 1893 1602 1921 Gerardo
1630 1893 1803 1925 caturcensi,
1835 1892 1903 1926 Ray·

1198 1938 1295 1965 mundo
1322 1938 1494 1971 lactorensi,
1526 1937 1643 1966 satutem
1671 1938 1698 1966 et
1728 1937 1906 1973 apostolicam

1199 1982 1420 2011 benedictionem.

1204 2045 1443 2080 Fraternitatern
1458 2054 1590 2079 vestram
1606 2058 1666 2079 non
1683 2045 1826 2091 ignorare
1842 2056 1907 2079 cre-

1156 2094 1286 2139 dimus⁷
1321 2095 1404 2142 qnod
1433 2094 1647 2142 llloysiaeense
1680 2094 1904 2128 monasterium

1158 2157 1288 2190 magnae
1315 2144 1427 2187 famae,
1456 2156 1650 2190 magnaeque
1683 2143 1775 2178 fuerit
1801 2143 1907 2178 excel-

1160 2195 1284 2228 lentiae.
1312 2194 1518 2228 Postmodum
1554 2205 1643 2231 vero,
1670 2205 1742 2228 cum
1766 2192 1829 2227 illic
1850 2192 1907 2227 ha-

1159 2243 1324 2278 bitantium
1371 2242 1576 2289 negligentia·
1610 2243 1769 2288 religionis
1809 2241 1907 2288 gloria

1159 2292 1361 2337 decrevisset,
1388 2293 1635 2327 substantiarum
1665 2304 1791 2338 quoqne
1817 2291 1906 2337 copia

1159 2342 1324 2380 diminuta,
1343 2350 1373 2376 et
1395 2354 1474 2388 pene
1497 2341 1534 2375 ad
1555 2341 1687 2375 nihilum
1711 2341 1833 2375 redacta
1849 2348 1907 2374 est.

1159 2390 1282 2425 Gratias
1295 2399 1398 2426 autem
1412 2391 1492 2435 Deo,
1511 2391 1562 2438 qui
1582 2391 1698 2425 nostris
1711 2388 1909 2436 temporibus

1162 2453 1216 2487 per
1242 2437 1498 2475 Cluniacensium
1530 2439 1678 2474 abbatum
1711 2438 1909 2478 industriam,

1161 2491 1345 2536 religionem
1368 2491 1398 2524 in
1426 2489 1537 2524 eodem
1561 2490 1628 2524 loco
1650 2488 1796 2524 abolitam
1826 2500 1912 2534 repa-

1196 2560 1234 2594 (t)
1256 2560 1294 2586 Ex
1310 2560 1450 2586 Cartnlarii
1468 2559 1657 2594 Moysiacensis
1673 2559 1819 2592 fragmento
1830 2557 1912 2584 edidit

1161 2595 1322 2621 Saxam-21:131.
1344 2598 1412 2622 inter
1443 2597 1619 2622 lustramenta
1643 2594 1773 2622 Ecclesiae
1796 2592 1910 2621 Cadurc-

1163 2638 1236 2657 num.
1259 2639 1326 2657 xxv.

1975 2050 2121 2076 Moysiacense

1949 2080 2099 2097 monasterium

1936 2109 2025 2130 magnae
2053 2104 2121 2124 famae

1937 2133 2021 2156 propter
2039 2130 2121 2154 reguta-

1945 2163 1988 2178 rem
2016 2156 2113 2182 discipti-

1936 2190 1998 2208 naun

1962 2241 2040 2262 Postea
2047 2245 2086 2261 suo
2097 2245 2122 2260 ex

1943 2267 2055 2294 splendore
2083 2266 2114 2287 la-

1937 2300 2004 2321 psnm;

1963 2387 2056 2408 Tandem
2074 2386 2122 2407 ctu-

1937 2415 1991 2435 niac.
2020 2414 2121 2443 abbatum

1938 2441 2040 2462 §inlustria
2060 2442 2122 2461 resu-

1937 2473 2015 2491 tutum:
