2180 3205
31 247 80 276 Au.
101 246 130 274 C.
148 246 214 274 ¹098

33 1284 136 1308 Primatus
151 1291 215 1312 snper

34 1311 202 1387 ἒέἓὲἷῗωέ

49 2411 219 2433 Illorumamhie-

49 2438 102 2465 pise.
124 2444 207 2464 semper

45 2468 93 2485 eum
122 2465 210 2485 consilio

38 2489 162 2512 sarnitan.
185 2497 219 2512 ar-

38 2515 136 2564 ffliepisc.
144 2518 220 2544 eugeu-

881 247 944 270 URB
954 246 1027 270 ts'tts
1049 247 1074 269 tt
1097 246 1148 270 PP-

1665 234 1729 270 491

241 310 269 338 et
292 301 346 336 lilii
373 300 442 336 eius
463 300 604 348 Rogerii,
627 300 794 336 devotione
817 313 851 335 ac
876 302 990 340 studio,
1033 300 1262 347 archiepiscopi
1279 300 1446 344 eligantur.
1461 300 1542 336 Cum
1559 301 1670 336 vestris
1687 303 1782 338 etiam

241 352 376 386 liliorum
404 351 496 386 Sedis
523 351 734 398 Apostolicae,
763 363 989 397 nonnunquam

240 400 334 435 etiam
357 401 454 434 nostri
478 401 578 447 ipsius
597 402 721 447 requies
742 408 772 434 et
796 408 904 444 portus
922 399 988 433 suit.

240 447 323 484 Cum
347 449 442 495 igitur
457 462 511 496 per
529 450 756 496 omnipotentis
778 448 834 483 Dei
858 449 988 493 gratiam

239 496 334 533 Sedis
361 498 573 544 Apostolicae,
596 498 668 533 licet
695 498 828 543 indigui,
846 497 990 531 modera-

241 548 327 581 mina
367 555 554 588 teneamus,
591 548 685 582 tantis
719 547 846 581 divinae
873 547 989 591 gratiae

238 594 425 640 beneficiis,
458 606 489 631 et
517 605 636 630 vestrae
669 596 843 630 devotionis
881 595 990 630 olliciis

238 657 295 691 per
315 646 488 680 sententiae
510 645 670 680 Romanae
693 645 851 679 Ecclesiae
870 645 988 679 lihera-

237 693 354 729 litatem
384 694 636 729 concurrendum
668 703 697 728 et
730 693 986 741 respondendum

238 743 379 778 arbitrati
395 756 519 784 sumus;
541 743 582 778 ol)
605 743 808 777 reverentiam
831 743 987 790 siquidem

237 791 273 827 S.
296 800 327 827 et
347 792 513 838 gloriosae,
550 805 737 839 semperque
764 792 903 838 Virginis
930 793 987 827 Dei

237 840 416 876 Genetricis
437 842 565 881 Mariae,
587 850 616 875 et
640 842 718 876 beati
743 842 874 888 apostoli
892 854 988 876 evau-

237 891 366 936 gelistae
387 903 423 925 ac
449 892 594 937 martyris
621 891 790 934 Matthaei,
818 891 857 925 ol)
886 892 988 926 dexo-

237 940 355 974 tionem
379 940 633 974 reverendissimi
660 939 762 974 Patris
789 953 825 975 ac
857 941 988 987 praede-

237 988 372 1024 cessoris
387 989 483 1024 nostri
499 989 654 1035 Gregorii,
676 989 717 1024 ob
740 990 921 1036 petitionem
938 991 989 1024 ni-

237 1036 412 1073 bilominus
434 1046 496 1073 tam
520 1047 604 1073 tuam
621 1051 714 1086 quam
734 1039 910 1074 charissimi
933 1040 986 1074 lilii

237 1087 337 1122 nostri
360 1087 450 1122 ducis
471 1087 611 1133 Roget-ii,
633 1088 687 1134 qui
709 1101 835 1135 semper
855 1088 989 1136 Aposto-

238 1135 317 1172 licae
343 1136 418 1172 Sedi
450 1137 584 1171 fideliter
609 1137 779 1173 obsecutus
805 1146 867 1177 est,
903 1147 988 1173 vete-

237 1197 307 1220 rum
329 1187 422 1220 etiam
436 1186 598 1221 Ecclesiae
616 1195 737 1222 vestrae
753 1187 985 1234 privilegiorum

237 1235 413 1270 rationibus
430 1234 605 1276 informati;
629 1236 682 1270 tibi
699 1236 849 1283 deinceps
864 1238 988 1284 tuisque

239 1285 478 1320 successoribus
499 1297 596 1330 super
624 1284 804 1320 Consanam
828 1294 858 1319 et
883 1286 988 1321 Ache-

237 1331 395 1368 ru'ntinam
417 1334 574 1368 Ecclesias
596 1342 625 1369 et
647 1347 752 1369 earum
773 1335 987 1381 suffraganeos

237 1383 406 1429 primatum
441 1396 550 1429 gerere
589 1396 627 1418 ex
657 1384 857 1431 Apostolicae
895 1384 988 1419 Sedis

237 1432 425 1467 liberalitate
467 1433 682 1468 concedimus.

237 1480 400 1516 Ecclesias
420 1482 486 1517 sive
512 1483 651 1517 civitates
682 1482 842 1518 Ecclesiae
870 1493 988 1519 vestrae

238 1531 405 1578 privilegia
449 1532 636 1571 continent,
670 1540 828 1578 tamquam
869 1541 987 1568 vestrae

238 1580 403 1627 metropoli
422 1580 496 1615 olim
519 1594 555 1615 ex
577 1581 777 1626 Apostolicae
799 1581 891 1617 Sedis
912 1595 990 1617 con-

238 1630 381 1664 cessione
401 1630 569 1665 subiectas.
591 1630 722 1674 Verum,
749 1639 779 1665 et
807 1631 904 1677 ipsae,
927 1644 988 1679 qua

238 1680 402 1714 nescimus
423 1681 555 1720 ratione,
577 1688 608 1714 et
635 1680 724 1726 pallei
748 1680 932 1726 dignitatem
959 1690 989 1716 et

238 1729 472 1776 privilegiorum
495 1730 709 1764 auctoritatem
727 1730 900 1776 praeteritis
915 1739 990 1765 tcm-

239 1777 370 1823 poribus
403 1790 419 1813 a
457 1778 540 1813 Sede
572 1778 753 1825 Apostolica
795 1789 987 1814 meruerunt.

239 1825 371 1872 Verum,
404 1827 475 1874 quia
504 1828 779 1873 praedecessorum
810 1837 987 1864 nostrorum

239 1883 352 1911 statuta
380 1876 562 1911 inconvulsa
595 1886 625 1912 et
652 1879 832 1912 intemerata
863 1891 988 1913 manere

239 1926 399 1972 cupimus,
425 1926 470 1960 eis
495 1926 624 1973 quidem
658 1928 803 1974 propriae
831 1927 989 1973 dignitatis

240 1975 370 2020 gratiam
405 1987 641 2019 conservamus,
673 1985 706 2011 ut
727 1977 987 2024 archiepiscopali

239 2023 362 2059 honore
379 2036 416 2059 ac
439 2025 566 2059 nomine
581 2026 756 2072 potiantur-3
772 2035 892 2060 vestrae
916 2039 988 2062 vero

240 2072 401 2108 Ecclesiae
425 2086 555 2108 suorum
593 2075 826 2122 privilegiorum
857 2077 988 2122 integri-

241 2130 335 2157 tatem
359 2122 420 2157 hoc
447 2123 558 2158 ordine
593 2125 797 2159 restituimus.
825 2124 987 2172 Quidquid

242 2170 338 2218 igitur
365 2173 570 2213 reverentiae,
598 2173 752 2220 quidquid
786 2173 990 2208 subiectionis

242 2220 432 2269 primatibus
453 2221 715 2269 persolvendum,
748 2234 910 2257 sacrorum
938 2236 991 2257 ca-

242 2279 363 2305 nonum
385 2270 510 2306 decreta
533 2272 740 2311 constituunt,
764 2271 817 2306 tibi
841 2272 990 2318 deinceps

242 2320 368 2366 tuisque
382 2320 619 2355 successoribus
638 2321 786 2366 legitimis
804 2333 820 2355 a
842 2320 990 2355 Consano

243 2377 274 2403 et
294 2369 512 2404 Acheruntino
528 2369 765 2416 archiepiscopo
788 2369 990 2416 persolvatur.

243 2418 330 2459 Quin
364 2419 458 2454 etiam
492 2431 530 2453 ex
555 2418 746 2453 abundantia
779 2419 895 2464 gratiae
922 2419 991 2464 ple-

243 2467 342 2503 nioris
361 2468 540 2507 adiicimus,
564 2475 597 2502 ut
618 2469 710 2502 etiarn
740 2476 903 2515 praesente
925 2468 993 2503 Ro-

244 2528 356 2552 manae
396 2517 497 2563 legato
533 2517 693 2552 Ecclesiae
736 2518 766 2551 in
804 2517 993 2564 supradictis

244 2565 368 2601 duabus
388 2567 639 2614 metropolitanis
665 2567 815 2605 urbibus,
844 2579 915 2601 cum
939 2575 992 2602 tuo

245 2626 372 2664 semper
395 2625 449 2651 aut
474 2628 695 2652 successorum
714 2624 839 2651 tuorum
862 2618 993 2653 consilio

725 1433 791 1468 Has
838 1434 995 1469 nimirum.

1034 350 1132 384 literis
1158 359 1210 384 aut
1233 352 1351 385 nuntiis
1373 352 1578 386 consecrandi
1606 351 1644 386 ad
1666 351 1781 387 Sedem

1033 399 1244 444 Apostolicam
1279 400 1463 446 dirigantur.
1492 400 1532 435 Et
1560 402 1633 436 item
1663 402 1720 446 ipsi
1743 402 1781 436 ad

1031 460 1249 483 successorum
1273 457 1396 484 tuorum
1421 450 1605 486 electionem
1622 451 1783 486 nihilomi-

1033 510 1090 531 nus
1136 497 1339 532 advocentur.
1388 498 1462 534 Post
1509 502 1780 536 consecrationem

1033 558 1121 587 vero,
1156 547 1202 580 vel
1246 547 1374 593 pallium
1409 548 1449 582 ab
1484 550 1662 596 Apostolica
1698 551 1782 586 Sede

1032 604 1215 643 perceptum
1231 623 1239 639 ,
1282 597 1335 630 tihi
1381 598 1503 644 tuisque
1544 601 1782 636 successoribus

1032 653 1188 691 tamquam
1218 645 1340 691 primati
1360 645 1572 682 obedientiam
1598 651 1782 696 promittant

1030 702 1060 728 et
1082 694 1266 729 exhibeant:
1291 695 1373 729 sah-a
1390 696 1418 728 iu
1440 697 1589 731 omnihus
1604 700 1780 734 secundum

1030 744 1198 778 canonicas
1219 745 1399 779 sanctiones
1414 744 1575 781 Romanae
1597 750 1781 783 auctoritate

1030 790 1201 833 Ecclesiae,
1226 794 1363 840 ipsarum
1387 794 1478 828 etiam
1504 795 1626 830 urbium
1656 798 1781 844 privile-

1030 842 1089 887 giis
1117 842 1212 876 robur
1235 844 1394 889 proprium
1421 843 1646 880 obtinentibus.
1675 846 1781 894 Opor-

1030 899 1072 925 tet
1100 891 1203 937 igitnr,
1234 900 1262 926 et
1295 905 1347 926 vos
1372 895 1606 940 propensiorem
1630 895 1781 942 deinceps

1030 941 1228 986 ,apostolicae
1250 940 1324 976 Sedi
1353 942 1552 978 devotionem
1576 953 1606 979 et
1632 945 1782 980 obedieu-

1030 990 1103 1024 tiam
1119 990 1279 1031 exhibere,
1297 999 1326 1025 et
1347 992 1415 1026 eius
1434 992 1464 1026 in
1488 994 1637 1029 omnibus
1655 995 1780 1030 decreta

1029 1040 1186 1074 ellit-acius
1212 1040 1389 1080 observare,
1424 1049 1456 1075 ut
1490 1052 1607 1088 quanto
1630 1057 1685 1091 per
1708 1057 1777 1079 eam

1029 1089 1120 1123 altius
1151 1102 1247 1136 supra
1280 1098 1420 1124 caeteros
1442 1091 1670 1138 sublimamini,
1692 1102 1779 1130 tanto

1029 1138 1056 1171 ei
1080 1138 1232 1173 humilius
1254 1147 1284 1173 et
1306 1140 1410 1174 cordis
1431 1140 1608 1183 affectione,
1628 1152 1657 1178 et
1673 1145 1779 1189 operis

1029 1187 1223 1222 exhibitione
1267 1188 1491 1224 subiiciamiui.
1542 1191 1644 1226 Vitam
1685 1194 1778 1228 etiam

1029 1245 1175 1277 vestram,
1193 1247 1222 1272 et
1236 1250 1338 1273 mores
1359 1239 1519 1274 solicitiori
1537 1242 1779 1287 expeditcusto-

1029 1286 1077 1320 dia
1101 1287 1267 1327 moderari,
1291 1297 1323 1322 ut
1344 1288 1396 1335 qui
1424 1289 1555 1324 aliorum
1578 1290 1698 1326 iudices
1719 1292 1779 1326 eli-

1029 1335 1152 1380 gimini,
1174 1338 1383 1384 vosmetipsos
1397 1339 1482 1382 prius
1500 1340 1675 1374 secundum
1691 1341 1779 1386 Apo-

1030 1385 1099 1419 stoli
1146 1386 1333 1421 sententiam
1381 1387 1556 1422 districtius
1593 1390 1750 1424 ‘iudicetis
1769 1404 1776 1424 :

1029 1433 1212 1469 Mandatum
1240 1434 1367 1470 Domini
1397 1437 1465 1472 sine
1487 1439 1619 1482 macula,
1647 1447 1677 1473 et
1700 1440 1780 1475 irre-

1031 1484 1243 1529 prehensibile
1257 1494 1457 1527 conservate;
1470 1495 1502 1520 ut
1515 1500 1585 1522 cum
1598 1489 1780 1534 apparuerit

1031 1533 1183 1580 Princeps
1210 1542 1383 1581 pastorum,
1408 1537 1586 1584 percipiatis
1613 1538 1781 1573 immarce-

1029 1582 1170 1617 scibilem
1206 1585 1324 1629 gloriae
1346 1597 1507 1620 coronam.
1538 1586 1779 1622 Fraternitatem

1031 1640 1162 1666 vestram
1198 1645 1334 1680 superna
1367 1634 1515 1680 Dignatio
1552 1649 1607 1683 per
1639 1646 1779 1684 tempora

1031 1681 1125 1715 multa
1147 1694 1333 1718 conservare
1355 1683 1502 1730 dignetur
1524 1686 1725 1721 incolumem.
1743 1686 1777 1722 Si

1029 1731 1099 1777 quis
1121 1741 1244 1775 autem,
1280 1733 1360 1768 hanc
1395 1743 1519 1769 nostrae
1547 1736 1781 1771 constitutionis

1032 1781 1174 1826 paginam
1194 1782 1310 1822 sciens,
1325 1792 1433 1818 contra
1452 1796 1520 1818 earn
1543 1793 1660 1819 temere
1676 1786 1781 1820 venire

1032 1831 1206 1874 tentaverit,
1234 1832 1375 1866 secundo
1401 1834 1532 1868 tertiove
1555 1833 1780 1879 commonitus,

1030 1879 1054 1912 si
1078 1891 1138 1913 non
1161 1881 1374 1916 satisfactione
1391 1894 1531 1929 congrua
1553 1884 1780 1925 emendaverit,

1031 1934 1193 1979 potestatis
1214 1934 1408 1982 honorisque
1430 1936 1477 1970 sui
1500 1936 1649 1983 dignitate
1667 1947 1781 1981 careat,

1032 1999 1183 2034 reumque
1219 2001 1252 2023 se
1287 1989 1393 2024 divino
1425 1990 1543 2032 iudicio
1583 1992 1716 2026 existere
1743 1993 1782 2026 de

1031 2050 1205 2087 perpetrata
1234 2042 1396 2090 iniquitate
1430 2054 1612 2090 cognoscat,
1635 2053 1728 2092 atque
1750 2046 1781 2080 in

1031 2104 1170 2130 extremo
1193 2098 1337 2132 examine
1359 2098 1520 2133 districtae
1543 2100 1653 2134 ultioni
1675 2099 1782 2133 subia-

1031 2157 1108 2183 ceat.
1148 2149 1418 2187 Conservantibus
1451 2161 1556 2188 autem
1590 2153 1683 2197 haec,
1722 2165 1780 2200 pax

1030 2202 1160 2237 Domini
1188 2205 1286 2239 nostri
1308 2205 1379 2240 Iesu
1402 2205 1519 2241 Christi
1554 2214 1584 2242 et
1606 2207 1784 2241 misericor-

1032 2256 1093 2296 dia3
1108 2266 1265 2304 quatenus
1280 2259 1372 2294 ethic
1385 2259 1519 2294 fructum
1533 2259 1633 2294 bonae
1647 2260 1783 2295 actionis

1034 2311 1229 2357 percipiant,
1257 2320 1288 2346 et
1313 2313 1397 2360 apud
1433 2313 1608 2349 districtum
1644 2313 1783 2348 Iudicem

1034 2365 1171 2411 praemia
1197 2374 1342 2402 aeternae
1363 2367 1449 2415 pacis
1473 2368 1644 2404 inveniant.
1668 2369 1783 2405 Amen.

1032 2419 1146 2453 Amen.
1169 2420 1284 2455 Amen.

1043 2490 1077 2525 S.
1095 2490 1232 2536 Pramus,
1251 2492 1284 2527 S.
1308 2492 1450 2529 Part-ns.
1474 2493 1630 2530 Unssaxcs
1653 2494 1716 2530 PP.
1742 2494 1784 2531 II.

1082 2561 1196 2597 Datum
1225 2563 1347 2598 Salerni
1384 2577 1438 2612 per
1477 2578 1605 2600 manum
1634 2566 1785 2602 lohannis

1033 2616 1067 2652 S.
1103 2617 1143 2652 R.
1180 2618 1217 2653 E.
1246 2619 1372 2655 diaconi
1409 2619 1578 2656 cardinalis
1615 2633 1681 2656 xm
1721 2621 1782 2658 kal.

1807 230 1858 257 An.
1879 229 1906 258 C.
1925 231 1993 259 ¹098

1825 501 1863 523 Cui
1879 506 1925 528 post
1941 510 1992 526 eon-

1807 531 1948 552 secrationem
1969 538 1993 552 0-

1807 555 1857 577 be‹‘l
1866 559 1937 579 mnam
1945 564 1993 585 pro·

1808 586 1898 604 mittant.

1825 849 1950 870 Adhortatto
1967 849 1994 871 ad

1809 876 1995 898 Salernitanour·

1809 903 1880 929 chiep.

1838 1594 1957 1616 Clausulaet
