2180 3205
169 268 205 292 :tn
234 267 262 293 tt.
286 266 351 292 ΝΜ

202 511 216 531 Ε
226 512 306 531 mlestus

181 539 200 557 dt
214 544 275 562 ctkutn

168 579 246 618 lips-ni

197 1742 283 1763 Pallium
301 1743 346 1763 nai-

163 1769 223 1789 bei-to
251 1770 346 1790 concedi-

164 1799 202 1816 tur.

438 236 506 270 lli).

383 307 445 337 tes,
473 298 525 345 qui
548 297 621 331 cleri
645 308 678 330 ac
696 294 800 341 populi
821 294 972 328 electione
993 294 1126 338 legitima

384 362 438 395 per
462 347 591 382 Rotnani
617 346 776 379 pontilicis
800 358 908 378 utauus
931 343 1127 385 iutraverint,

381 395 644 444 quemadmodum
677 394 912 440 Laudulplium,
939 392 1126 435 Gerardum,

381 455 408 480 et
433 454 461 479 te
487 446 587 490 ipsum
623 444 783 477 ordinatos
817 455 885 477 esse
914 442 1124 487 cognoscitur.

380 494 546 529 Cui-sicana
571 500 686 526 etenim
711 493 827 533 insula,
862 500 923 526 tam
948 491 1126 537 prolixitate

200 550 328 584 ,,,ζζζζ,
378 544 546 589 spatiorum
582 554 673 588 quam
713 541 901 587 negligentia
945 549 1124 586 pastorum,

379 602 437 626 tuin
456 591 620 625 insolentia
644 591 854 629 dominorum,
877 602 970 637 quam
1001 598 1124 621 nostro-

378 654 445 676 rum
469 640 684 674 dissuetudine
712 641 906 685 legatorum,
942 638 1046 672 multis
1073 638 1123 670 in-

377 689 620 724 tei-venientibus
643 689 892 735 impedimentis,
924 687 962 721 ab
986 688 1123 733 Aposto-

376 740 450 773 ltrae
480 738 573 773 Sedis
599 738 775 772 obedientia
811 749 847 772 ac
873 736 1039 771 devotione
1066 735 1122 769 de-

375 788 506 826 ferbuit,
542 796 571 820 et
608 787 814 821 dissolutione
847 798 882 820 ac
917 784 1121 831 dissipatione

375 838 510 871 debitam
540 835 741 870 ecelesiastici
772 835 890 870 ordinis
923 847 1001 881 pene
1028 834 1121 867 dese-

375 887 434 921 ruit
457 885 674 931 disciptina1n;
702 897 794 931 quam
812 884 950 931 profecto
973 891 1035 922 tua,
1052 891 1121 917 tuo-

374 948 506 981 rumque
528 946 746 969 successorum
782 933 957 979 vigilantia,
992 933 1062 979 quia
1088 944 1121 966 es

374 985 435 1018 illis
458 984 599 1028 vicinior,
632 992 660 1017 et
684 982 775 1018 Sedis
801 982 1001 1029 Apostolicae
1030 981 1121 1015 fami-

372 1033 477 1067 liarior
498 1046 542 1074 es,
570 1032 600 1066 in
628 1032 764 1066 iustitiae
791 1032 943 1077 regulam,
977 1038 1006 1065 et
1042 1031 1121 1064 chri-

372 1082 535 1117 stianitatis
558 1082 695 1127 vigorem
717 1088 875 1115 annuente
902 1080 1038 1114 Domino
1071 1092 1120 1114 re-

371 1131 495 1166 formari
507 1139 662 1177 optamus,
676 1137 769 1177 atque
780 1130 1002 1176 praecipimus.
1014 1128 1118 1169 Unde,

371 1180 464 1214 frater
490 1181 520 1214 in
544 1179 670 1214 Christo
698 1179 892 1223 charissime,
920 1186 1038 1213 vestrae
1070 1178 1119 1212 iu-

372 1229 560 1273 risdictioni,
595 1228 809 1274 dispositioni,
846 1227 1118 1274 procurationique

370 1279 597 1313 committimus
630 1277 844 1312 Ecclesiarum
881 1277 1002 1311 illarum
1037 1276 1118 1310 bona

372 1327 547 1362 secundum
571 1326 671 1361 Deum
691 1326 839 1373 regenda,
861 1325 1067 1369 defendenda,
1089 1334 1118 1360 et

370 1389 448 1423 quae
477 1376 555 1411 male
576 1376 751 1418 destructa,
778 1383 809 1410 et
834 1376 940 1410 illicite
970 1383 1116 1421 usurpata

371 1426 571 1473 reperieritis,
601 1426 630 1459 in
664 1438 739 1460 usus
769 1425 998 1460 ecclesiasticos
1025 1424 1114 1458 resti-

369 1475 501 1515 tuenda3
525 1483 557 1510 ut
572 1482 698 1509 auctore
713 1475 779 1509 Deo
798 1474 861 1510 illic
887 1474 1117 1509 ecclesiasticae

369 1525 528 1570 religionis
572 1524 737 1570 disciplina
776 1523 935 1559 referveat.
975 1523 1115 1557 Palleum

370 1573 465 1618 igitur
491 1573 673 1608 fraternitati
701 1580 790 1613 tuae,
818 1573 1047 1620 plenitudinem
1077 1573 1118 1606 vi-

369 1623 482 1657 delicet
506 1622 691 1669 pontificalis
717 1622 823 1661 officii,
849 1634 888 1657 ex
914 1621 1116 1669 Apostolicae

369 1671 459 1705 Sedis
495 1671 677 1706 liberalitate
714 1671 937 1715 concedimus,
960 1683 1022 1717 quo
1050 1672 1117 1706 iure

369 1721 578 1755 ecclesiastico
612 1728 732 1754 tantum
767 1720 805 1754 ad
839 1721 1006 1757 missarum
1034 1722 1117 1755 eele-

369 1768 485 1804 branda
502 1770 665 1809 solemnia,
682 1769 738 1803 tibi
755 1781 790 1804 ac
804 1769 1041 1805 successoribus
1058 1771 1116 1804 tuis

370 1819 413 1852 uti
436 1819 542 1853 licebit
558 1819 593 1852 iis
611 1826 744 1859 tantum,
767 1819 819 1865 qui
842 1818 1010 1865 subscripti
1031 1829 1115 1859 sunt,

369 1866 480 1901 diebus
506 1867 713 1907 solemnibus,
749 1867 829 1902 idest
849 1867 1021 1902 Nativitate
1044 1868 1116 1902 Do-

369 1916 456 1957 mini,
469 1916 657 1962 Epiphania,
679 1916 907 1964 Hypapanton,
930 1916 1036 1951 Coena
1050 1917 1117 1952 Do-

370 1966 459 2006 mini,
485 1965 635 2009 Paschae,
657 1965 874 2006 Ascensionis,
901 1965 1115 2011 Pentecostes,

370 2014 468 2048 tribus
496 2015 749 2049 solemnitatibus
783 2023 908 2049 sanctae
930 2015 986 2049 Dei
1010 2014 1116 2049 Geni-

369 2063 452 2097 tricis
479 2075 513 2097 ac
534 2063 673 2109 Virginis
694 2064 822 2107 Mariae,
849 2063 996 2098 natalitiis
1017 2066 1115 2099 sancti

368 2110 494 2146 Ioannis
520 2112 691 2159 Baptistae,
719 2125 753 2147 ac
776 2120 955 2147 sanctorum
979 2115 1116 2159 Aposto-

369 2159 482 2201 lorum,
502 2162 802 2196 commemoratione
824 2163 964 2195 omnium
987 2163 1116 2197 Sancto-

370 2221 450 2247 rum,
473 2212 706 2245 consecratione
729 2210 885 2254 basilicae,
913 2219 943 2245 et
965 2211 1115 2258 suffraga-

371 2269 501 2292 neorum
525 2260 761 2306 episcoporum.
795 2271 830 2293 ac
852 2260 1054 2300 elericorum,
1087 2268 1116 2295 et

370 2317 474 2341 annuo
504 2307 634 2341 natalitii
671 2309 716 2342 tui
751 2308 819 2348 die,
855 2310 885 2342 in
919 2310 1116 2344 solemnitate

372 2356 462 2389 etiam
481 2355 558 2390 beati
578 2360 721 2403 martyris
742 2366 834 2404 atque
849 2357 1012 2393 pontificis
1028 2358 1115 2403 Sisti,

372 2404 459 2437 cuius
494 2404 665 2439 indumenti
701 2406 801 2441 honor
837 2406 953 2441 efficaci
988 2415 1114 2441 actuum

373 2452 533 2486 vivacitate
554 2454 724 2489 servandus
743 2464 800 2490 est.
827 2454 904 2490 Eius
925 2468 1000 2502 ergo
1019 2466 1047 2490 te
1067 2468 1118 2490 vo-

373 2499 477 2534 lumus
494 2513 547 2546 per
561 2504 661 2536 omnia
676 2506 803 2549 genium
821 2505 996 2539 vendicare.
1014 2505 1117 2539 Huius

373 2549 454 2582 enim
491 2550 664 2584 indumenti
699 2554 808 2596 bonor,
843 2553 1001 2588 immittas
1025 2565 1116 2600 atque

969 238 1152 262 Bt't.t..ttttml
1177 236 1340 260 lttumxmt

1171 300 1217 325 tna
1242 304 1274 324 se
1297 288 1442 323 exhibere
1470 286 1591 321 festinet
1615 286 1646 321 iu
1671 288 1828 334 prosperis
1856 289 1918 324 tm-

1169 342 1287 381 milem,
1310 347 1339 372 et
1359 340 1386 371 in
1403 337 1554 375 adversis,
1571 337 1738 383 siquando
1756 340 1916 381 eveniunt,

1169 402 1239 423 cum
1257 388 1370 422 iustitia
1391 395 1542 424 erectum,
1565 387 1699 420 amicum
1723 386 1826 424 bonis,
1850 401 1918 435 per-

1169 439 1265 472 versis
1287 437 1489 475 contrarium,
1513 434 1629 469 nullius
1646 448 1782 482 unquam
1806 436 1915 473 faciem

1169 501 1222 533 pro
1246 487 1371 520 veritate
1404 485 1583 531 loquentem
1607 497 1763 530 premens,
1793 488 1916 522 miseri-

1166 538 1288 571 cordiae
1310 535 1456 580 operibus
1484 535 1568 568 iuxta
1591 534 1737 568 virtutem
1765 546 1916 571 constan-

1167 587 1224 620 tiae
1247 586 1402 622 insistens,
1425 591 1454 618 et
1478 584 1622 617 insistere
1636 584 1728 618 etiam
1746 596 1838 631 supra
1859 587 1917 621 vir·

1165 644 1260 669 tutem
1289 635 1432 679 cupiens,
1462 633 1594 666 infirmis
1616 633 1823 680 compatiens,
1852 635 1915 669 be—

1166 683 1382 718 nevolentibus
1405 682 1620 728 congaudens,
1647 682 1686 716 de
1712 683 1822 717 alienis
1834 697 1914 730 gau-

1164 734 1223 767 diis
1246 741 1392 779 tanquam
1417 731 1455 765 de
1472 731 1606 778 propriis
1625 731 1779 771 exultans,
1802 734 1833 767 in
1848 746 1915 769 cor-

1164 783 1301 826 rigendis
1321 782 1400 815 vitiis
1422 781 1573 821 saeviens,
1597 781 1627 815 in
1651 780 1792 817 fruendis
1812 783 1915 818 virtu-

1163 832 1258 871 tibus,
1286 831 1463 865 auditorum
1487 830 1628 864 animum
1655 830 1851 873 demulcens,
1880 834 1911 868 in

1163 881 1323 915 iracundia
1346 880 1440 913 animi
1463 879 1531 914 sine
1554 879 1595 914 ira
1615 887 1744 915 terrens.
1769 880 1838 916 Hoc
1853 891 1912 928 est,

1163 930 1255 964 frater
1276 929 1470 969 charissime,
1499 928 1581 974 pallii
1608 930 1726 976 accepti
1755 930 1910 976 dignitas,

1161 992 1254 1026 quam
1270 979 1294 1012 si
1318 979 1440 1013 solicite
1462 978 1646 1021 servaveris,
1669 979 1751 1025 quod
1775 979 1850 1015 foris
1865 994 1912 1017 ac-

1161 1029 1281 1075 cepisse
1304 1027 1492 1067 ostenderis,
1516 1027 1601 1061 intus
1627 1027 1770 1063 habebis.

1208 1077 1323 1111 Datum
1346 1076 1510 1122 Anagniae
1546 1088 1599 1122 per
1626 1089 1753 1112 manum
1785 1077 1911 1116 loannis

1160 1139 1266 1161 sacrae
1287 1126 1449 1161 Romanae
1471 1125 1634 1160 Ecclesiae
1655 1126 1777 1161 diaconi
1799 1129 1911 1163 cardi-

1160 1176 1251 1219 nalis,
1277 1187 1297 1209 v
1324 1175 1449 1209 kalend.
1466 1174 1549 1217 maii,
1567 1175 1738 1210 indictione
1752 1188 1809 1221 XV,
1828 1189 1910 1213 anno

1160 1224 1335 1259 dominicae
1350 1223 1572 1258 incarnationis
1585 1236 1694 1265 mrem
1711 1226 1910 1271 pontificatus

1161 1286 1232 1308 vero
1257 1274 1377 1307 domini
1399 1272 1515 1307 Urbani
1536 1273 1639 1319 Papae
1661 1273 1689 1308 II
1706 1286 1790 1308 anno
1813 1288 1834 1309 v
1853 1280 1908 1323 (l).

1206 1330 1268 1360 Dat.
1287 1330 1333 1360 die
1355 1329 1391 1359 ΕΠ
1415 1330 1517 1368 aprilis
1540 1339 1617 1359 anno
1635 1329 1751 1361 Domini
1773 1331 1859 1371 1092,

1413 1369 1515 1409 pontif.
1537 1379 1613 1400 anno
1630 1378 1656 1399 v.

1510 1462 1581 1498 XV.

1162 1534 1360 1580 Confirmatio
1393 1537 1553 1574 bonorum,
1593 1537 1710 1571 iuriam
1742 1545 1768 1572 et
1795 1539 1910 1573 immu-

1206 1586 1337 1618 uitulum
1365 1587 1503 1619 omnium
1539 1586 1680 1620 cavensis
1707 1589 1908 1628 monasterii,

1206 1645 1243 1666 ac
1267 1637 1444 1678 praesertim
1475 1637 1634 1680 privileyii
1654 1649 1673 1670 a
1694 1637 1829 1681 Roqerio
1851 1637 1909 1671 Sa-

1207 1683 1358 1716 lernitana
1391 1686 1498 1718 comite
1536 1686 1632 1718 eidem
1672 1697 1776 1719 coram
1816 1687 1908 1731 Papa

1207 1734 1422 1778 nonnullisque
1443 1735 1588 1779 episcopis
1614 1736 1745 1769 concessi
1771 1736 1833 1779 (2).

1424 1793 1640 1825 SUMMAfflUM

1157 1848 1323 1880 Exordium.
1344 1867 1384 1872 —
1400 1850 1609 1881 nonasterium
1631 1851 1759 1882 Cavense
1791 1861 1805 1882 a
1836 1852 1910 1883 Gre-

1197 1890 1277 1926 gorio
1299 1889 1346 1919 VII
1364 1891 1524 1929 privilegiis
1541 1892 1697 1928 munitum,
1711 1909 1751 1914 ——
1765 1892 1808 1921 Ab
1827 1893 1908 1923 omni

1197 1930 1342 1959 saeculari
1365 1935 1392 1959 et
1414 1931 1614 1960 ecclesiastiea
1644 1932 1848 1961 iurisdictione
1871 1932 1910 1962 ti-

1196 1967 1300 1998 berum
1323 1970 1497 1999 declaratur.
1517 1987 1557 1992 -—
1587 1970 1662 2006 Quid
1697 1971 1855 2008 Gregorius
1876 1971 1908 2002 in

1196 2009 1383 2038 commodum
1407 2010 1472 2039 eius
1492 2009 1593 2039 fecerit
1611 2020 1677 2040 curn
1699 2010 1727 2040 S.
1750 2010 1836 2040 Itsli.
1861 2020 1907 2041 ar-

1197 2047 1390 2078 chidiaconus
1414 2054 1501 2079 esset.
1519 2066 1558 2071 -—
1578 2049 1655 2079 Bona
1687 2050 1723 2079 ab
1752 2060 1786 2080 eo
1809 2051 1906 2081 ablata

1197 2096 1248 2124 per
1270 2089 1405 2117 eumdem
1431 2089 1485 2119 Pr.
1514 2091 1659 2120 restituta:
1680 2106 1721 2112 —
1742 2094 1803 2119 tum
1835 2090 1906 2120 dum

1196 2125 1298 2163 abbas,
1319 2138 1439 2157 -1nox
1457 2130 1525 2158 dum
1549 2129 1690 2159 Pontifex.
1711 2146 1751 2152 —
1767 2129 1841 2159 Mota
1865 2130 1908 2159 ei-

1196 2166 1261 2196 dem
1289 2170 1488 2198 controversia
1511 2178 1525 2198 a
1554 2168 1738 2199 Salernitano
1760 2169 1906 2208 archiepi-

1197 2213 1295 2245 scopO.
1316 2224 1356 2229 -
1373 2207 1501 2237 Ecclesia
1520 2209 1554 2238 ab
1574 2208 1690 2238 Urbano
1723 2209 1908 2239 dedicata—

1201 2246 1233 2276 Et
1252 2248 1347 2276 variae
1366 2248 1565 2285 indulgentiae
1583 2248 1655 2278 inibi
1676 2248 1813 2278 fidelibus
1836 2257 1908 2278 con-

1196 2296 1308 2317 cessae.
1334 2304 1373 2308 —
1395 2287 1499 2317 Abbati
1523 2289 1694 2317 conceditur
1716 2297 1788 2318 usus
1811 2289 1908 2327 ponti-

1939 252 1986 277 An
2008 251 2027 279 C
2054 252 2121 279 1092

1197 2327 1323 2356 fictilium
1348 2328 1376 2355 in
1399 2327 1535 2356 ecclesiis
1564 2329 1735 2357 monasterii
1764 2329 1906 2372 propriis:
1938 2331 1940 2333 ’

1194 2383 1233 2388 -
1254 2366 1334 2400 Quae
1354 2365 1389 2394 ab
1406 2368 1484 2396 omni
1503 2367 1678 2397 Salernitani
1697 2367 1825 2406 archiep.
1841 2375 1906 2396 ture

1197 2405 1305 2435 liberae
1328 2405 1527 2436 declarantur:
1550 2424 1591 2429 —
1613 2407 1702 2437 Cuius
1729 2411 1826 2436 tamen
1858 2415 1908 2436 re-

1196 2445 1358 2484 quirendus
1381 2454 1558 2483 consensus,
1576 2448 1601 2476 si
1623 2446 1770 2483 monachi,
1787 2447 1831 2475 vet
1848 2446 1908 2476 cle-

1192 2498 1231 2532 (i)
1248 2498 1383 2532 Superiori
1400 2506 1468 2525 anno
1484 2499 1596 2526 insulam
1616 2499 1701 2534 ipsam
1719 2498 1842 2526 Corsicae
1859 2499 1906 2526 Pi-

1134 2545 1139 2564 t
1157 2544 1229 2563 sanis
1243 2538 1357 2568 civibus,
1374 2538 1497 2573 episcopo
1514 2542 1539 2565 et.
1555 2538 1656 2565 clericis
1680 2539 1848 2566 commissam
1865 2539 1906 2565 le-

374 2596 381 2601 .
441 2599 444 2602 ,
465 2597 470 2602 ,
697 2602 701 2605 ,
731 2603 734 2606 ,
1060 2605 1064 2608 .
1134 2596 1139 2610 ἶ
1158 2578 1242 2610 ἐξῆκε
1258 2578 1307 2602 >ab
1324 2585 1410 2603 anaizo
1426 2585 1505 2603 emin
1524 2578 1567 2603 lib.
1586 2579 1774 2612 otiinqttagtuta
1787 2578 1907 2606 Lucanae

373 2605 490 2632 iustitia
512 2605 568 2632 est.
591 2599 669 2634 Tota
696 2610 790 2646 igitur
813 2611 916 2638 mente
940 2602 1140 2665 sl'sstessstlflS‘
1595 2607 1601 2612 ⁴

1159 2621 1288 2644 monetae.
1306 2616 1344 2652 (ὲ)
1356 2616 1394 2643 Ex
1406 2617 1506 2651 Ugtiett.
1521 2621 1584 2644 tom.
1596 2624 1617 2650 1,
1628 2620 1654 2643 et
1665 2617 1764 2644 Concu.
1777 2622 1842 2644 tom.
1854 2625 1904 2645 xii.
