2180 3205
156 254 206 279 An.
226 252 253 278 C.
275 252 339 280 1095

167 575 275 597 Ecclesiae
287 575 337 594 ,xvc-

153 604 259 623 nioneusis·
294 607 337 626 ept-

153 630 219 655 seopi.
249 634 338 654 praepu-

153 660 201 678 siti.
217 658 235 675 et
252 660 336 674 canoni-

152 688 224 703 corum
262 681 337 701 electio

152 714 217 737 penes
232 709 288 734 ipsos
304 713 337 727 ca·

153 744 179 756 tw
205 744 248 755 Uo>-

180 938 259 957 <›=t1t.te
282 937 338 958 clau-

151 966 217 987 aulae.

417 246 485 279 162

365 308 537 348 eiaverint,
574 303 811 341 communitatis
850 310 971 338 vestrae
1004 302 1115 338 usibus

365 358 602 393 confirmamus,
621 365 825 401 quocumque
840 352 870 387 in
892 361 1033 400 tempore
1049 352 1115 387 illas

364 406 476 453 aperiri
510 405 689 450 contigerit:
718 412 747 437 et
783 414 1002 450 quaecumque.
1025 401 1116 436 dein-

365 468 440 502 ceps
475 454 680 489 concessione
723 452 933 493 Pontificum,
977 451 1116 485 liberali-

366 512 425 539 tate
453 503 630 551 principum
647 530 655 543 ,
683 501 730 536 vel
758 502 917 536 oblatione
952 500 1115 544 fidelium,

366 555 448 588 iuste
479 561 572 599 atque
607 551 758 586 canonice
792 551 935 599 poteritis
970 549 1114 596 adipisci.

363 602 413 637 Ad
437 603 512 637 baec
534 602 746 642 decernimus,
770 610 803 636 ut
830 600 980 635 defuncto
1004 599 1117 633 Eccle-

363 652 428 687 siae
455 660 574 686 vestrae
607 651 769 698 episcopo,
796 650 988 685 successoris
1003 649 1115 683 electio

365 710 500 736 vestrum
531 700 740 748 potissimum,
774 708 1015 746 vestrorumque
1042 710 1116 732 suc-

364 763 538 795 cessorum,
565 750 618 797 qui
654 750 805 785 canonice
828 749 972 792 vixerint,
994 747 1116 782 delibe-

364 801 483 836 ratione
527 800 682 847 persistat.
725 799 758 834 Id
801 799 904 846 ips'um
952 798 1044 832 etiam
1087 805 1116 831 et

364 851 530 885 universae
568 849 738 893 Ecclesiae,
765 860 820 882 scu
857 847 984 882 claustri
1021 846 1114 880 vestri

368 898 567 947 praepositis,
586 899 649 933 sive
671 897 942 944 dispensatoribus
964 895 1117 941 eligendis

365 958 519 996 perpetuo
544 948 774 983 observandum
798 958 975 981 censemus.
999 945 1032 980 Si
1056 957 1116 991 qua

364 998 494 1033 sanein
521 997 692 1032 crastinum
727 996 958 1039 ecclesiastica,
998 1006 1117 1028 saecu-

365 1047 479 1083 larisve
515 1058 660 1094 persona,
687 1046 782 1080 liuius
808 1053 933 1083 nostrae
961 1043 1116 1078 constitu-

366 1098 461 1132 tionis
484 1096 628 1143 paginam
652 1095 766 1135 sciens,
781 1103 889 1129 contra
911 1106 979 1128 eam
1000 1101 1116 1127 temere

367 1146 472 1181 venire
500 1145 706 1192 temptaverit,
729 1143 868 1179 secunda
891 1144 1020 1177 tertiave
1035 1154 1140 1182 com-¹

367 1195 553 1239 monitione,
576 1195 602 1229 si
638 1206 699 1229 nou
736 1193 949 1228 satisfactione
977 1204 1115 1238 congrua

367 1244 604 1285 emendaverit,
633 1244 798 1291 potestatis
834 1242 1027 1288 honorisque
1069 1241 1116 1275 sni

367 1295 520 1342 dignitate
543 1302 657 1338 careat,
685 1305 834 1340 reamque
856 1305 889 1327 se
907 1292 1012 1326 divino
1035 1291 1118 1325 iudi-

367 1344 417 1380 cio
445 1344 578 1379 existere
607 1342 645 1377 de
674 1350 847 1390 perpetrata
874 1341 1040 1388 iniquitate
1061 1353 1118 1375 co-

367 1401 512 1439 gnoscat,
535 1401 628 1438 atque
655 1404 670 1426 a
692 1392 902 1427 sacratissimo
924 1390 1066 1437 Corpore
1088 1399 1118 1425 et

368 1443 531 1489 Sanguine
568 1442 625 1476 Dei
667 1449 698 1476 et
729 1441 856 1476 Domini
894 1440 1118 1486 Redemptoris

369 1493 466 1527 nostri
493 1492 564 1527 Iesu
587 1491 703 1525 Cliristi
738 1491 838 1526 aliena
862 1490 925 1530 fiat,
948 1497 978 1525 et
1005 1490 1033 1523 in
1057 1501 1118 1524 ex-

369 1550 469 1577 tremo
503 1540 647 1576 examine
678 1540 836 1575 districtae
870 1539 982 1574 ultioni
1011 1539 1119 1573 subia-

369 1599 448 1626 ceat.
471 1590 603 1626 Cunctis
630 1598 732 1624 autem
755 1590 857 1624 cidem
883 1589 1118 1635 congregationi

370 1641 450 1676 iusta
472 1639 668 1674 servantibus
699 1639 739 1673 sit
774 1651 830 1685 pax
863 1638 989 1673 Domini
1020 1639 1117 1672 nostri

370 1690 439 1725 Iesu
462 1689 591 1730 Christi,
614 1697 768 1735 quatenus
791 1689 840 1722 liic
862 1687 997 1722 fructum
1018 1687 1119 1722 bonae

370 1740 502 1775 actionis
536 1738 729 1786 percipiant,
761 1745 792 1772 et
825 1737 908 1784 apud
943 1737 1118 1772 districtum

371 1789 510 1824 Iudicem
526 1789 661 1835 praemia
677 1795 821 1822 aeternae
844 1787 930 1834 pacis
950 1787 1118 1821 inveniant.

418 1839 534 1873 Datum
569 1837 731 1872 Aveuione
755 1849 808 1883 per
827 1849 953 1871 manum
973 1835 1121 1870 lobannis

372 1888 533 1923 Romanae
574 1886 734 1921 Ecclesiae
769 1886 891 1920 diaconi
931 1885 1120 1927 cardinalis,

372 1950 443 1972 xvii
467 1936 527 1971 ltal.
551 1936 668 1976 octob,
692 1936 800 1970 indict.
830 1948 881 1978 111,
907 1947 991 1969 anno
1018 1935 1122 1969 domi-

374 1987 462 2022 nicae
483 1986 705 2020 incarnationis
727 1997 829 2025 mxcv,
850 1985 1049 2032 pontificatus
1064 1984 1122 2019 do-

375 2036 452 2071 mini
481 2035 598 2070 Urbani
621 2035 725 2082 Papae
748 2046 831 2069 anno
858 2042 978 2069 octavo.

392 2093 454 2124 Dat.
474 2093 521 2123 dic
541 2093 578 2122 ¹15
596 2091 773 2131 septembris
793 2101 868 2120 antio
886 2091 1001 2121 Domini
1021 2091 1103 2129 1095,

613 2132 713 2172 pontif.
733 2141 808 2161 anno
826 2140 886 2162 v111.

677 2243 824 2278 XXVIII.

379 2301 579 2345 Confirmatio
621 2303 803 2336 anonaslerii
840 2302 1054 2336 Auberht‘ensi's
1093 2302 1126 2334 in

424 2352 552 2383 dioecesi
573 2351 796 2395 Cameraeensi,
818 2359 843 2385 et
864 2364 966 2385 rerum
990 2353 1127 2386 onmium

425 2402 467 2432 αιΙ
488 2402 565 2434 illud
591 2403 793 2446 spectantium
815 2404 873 2444 (t).
1146 2397 1150 2421 ²

642 2457 857 2488 SUtntAttttJtt

936 248 1038 272 nULLA
1045 247 1126 271 ttttm
1148 245 1311 270 ROMANUM

1198 308 1324 339 cumque
1348 297 1478 328 fidelium
1514 297 1714 328 conferuntur.
1739 313 1779 321 —-
1801 296 1907 328 Decre-

1198 345 1256 370 tum
1275 348 1325 377 pro
1339 338 1523 368 immunitate
1542 338 1613 375 loci,
1631 347 1664 367 ac
1680 338 1906 378 possessionum

1197 381 1231 409 ad
1251 389 1317 409 eum
1342 378 1560 418 pertinentium.

1927 235 1977 264 An.
2000 236 2026 264 C.
2043 235 2112 265 1093

1157 438 1278 466 urbanus
1297 437 1437 472 episcopus
1457 442 1551 464 servus
1577 442 1714 464 servorum
1732 435 1787 468 Dei,
1808 435 1907 464 dilecto
1949 436 1952 438 '

1201 482 1256 510 filio
1275 481 1387 516 Rogerio
1407 480 1499 508 abbati
1517 480 1676 508 monasterii
1689 500 1696 513 .
1726 481 1794 516 quod
1822 480 1906 509 situm

1201 528 1244 555 est
1263 527 1291 554 in
1310 525 1439 561 parochia
1457 525 1653 558 cameracensi,
1677 525 1767 552 insula
1786 532 1853 561 quae
1866 525 1905 553 di·

1201 572 1272 600 citur
1291 571 1427 603 illibatas,
1448 570 1564 598 satutem
1583 571 1611 599 et
1634 569 1810 605 apostoticam
1828 570 1906 598 bene·

1202 617 1356 644 dictionem.

1205 665 1307 700 Ollicii
1340 665 1438 699 nostri
1472 677 1529 699 nos
1557 664 1700 698 bortatur
1725 664 1905 709 auctoritas,

1160 727 1214 762 pro
1248 714 1460 749 Ecclesiarum
1496 722 1577 749 statu
1600 714 1739 748 solicitos
1766 726 1847 757 esse,
1874 722 1904 749 et

1157 777 1237 811 quac
1265 773 1348 799 recte
1364 771 1478 798 statuta
1497 771 1589 806 sunt,
1611 762 1762 798 stabilire.
1781 762 1906 805 Quant-

1157 815 1278 853 obrem,
1304 813 1488 848 charissime
1516 813 1557 847 [ili
1581 812 1709 858 Roget-i,
1736 813 1799 847 tuis
1823 812 1905 860 peti-

1157 864 1297 897 tionibus
1311 863 1500 910 apostolicae
1522 862 1722 907 benignitatis
1749 874 1842 896 aures
1861 862 1904 897 in-

1157 913 1322 956 clinantes,
1339 912 1563 946 monasterium
1586 911 1810 946 Sanctissimae
1832 911 1903 945 Tri-

1158 963 1272 1006 nitatis,
1299 962 1348 996 cui
1377 970 1503 995 auctore
1526 961 1594 995 Deo
1622 960 1792 1008 praesides,
1816 973 1907 1008 prac-

1157 1012 1255 1046 sentis
1293 1010 1409 1045 decreti
1446 1010 1630 1044 auctoritate
1670 1011 1851 1051 munimus,
1874 1018 1905 1045 et

1157 1072 1375 1107 quaecumque
1410 1059 1491 1093 bona
1528 1059 1715 1094 venerabilis
1751 1059 1908 1095 confrater

1158 1118 1264 1144 noster
1285 1108 1447 1143 Get-ardus
1468 1108 1707 1144 Cameracensis
1724 1110 1904 1156 episcopus,

1158 1160 1249 1194 cuius
1264 1158 1412 1193 nimirum
1431 1158 1600 1193 donatione
1625 1158 1713 1193 locus
1735 1159 1800 1205 ipse
1817 1158 1907 1193 insti-

1159 1217 1244 1243 tutus
1256 1220 1324 1243 esse
1338 1207 1552 1254 cognoscitur,
1567 1208 1705 1255 praefato
1718 1208 1907 1243 monasterio

1157 1258 1310 1293 contulit:
1343 1269 1562 1304 quaecumque
1590 1265 1746 1304 praeterea
1775 1256 1907 1304 quilibet

1159 1308 1283 1354 fideles·
1302 1307 1341 1342 de
1369 1319 1426 1341 suo
1450 1307 1515 1341 iure
1541 1315 1777 1347 concesserunt,
1799 1307 1847 1341 vcl
1875 1306 1906 1341 in

1159 1358 1298 1392 futurum
1321 1356 1426 1391 Sancti
1442 1356 1581 1402 Spiritus
1604 1356 1808 1402 inspiratione
1827 1368 1908 1391 con-

1158 1407 1322 1450 cesserint,
1345 1406 1464 1451 integra
1492 1417 1617 1452 semper
1638 1413 1669 1440 et
1695 1405 1811 1440 illibata
1834 1418 1908 1440 ma-

1160 1469 1233 1491 nere
1280 1455 1453 1503 apostolica
1501 1455 1686 1490 auctoritate
1732 1455 1904 1489 sancimus.

1159 1506 1366 1541 Decrevimus
1393 1505 1507 1552 itaque,
1532 1513 1563 1539 ut
1585 1504 1663 1538 nulli
1690 1505 1820 1539 omnino
1848 1505 1907 1539 lio-

1160 1556 1281 1589 minum
1301 1555 1389 1589 liceat
1410 1555 1556 1588 cumdem
1576 1553 1679 1588 locum
1704 1562 1821 1589 temere
1837 1566 1909 1601 per-

1161 1604 1308 1648 turbare,
1344 1604 1389 1638 vel
1417 1604 1484 1638 eius
1521 1604 1738 1650 possessiones
1763 1603 1908 1643 auferre,

1161 1655 1314 1693 minuere,
1339 1653 1383 1687 vel
1407 1653 1582 1687 temerariis
1609 1653 1827 1688 vexationibus
1846 1652 1912 1687 sati·

1161 1716 1257 1750 gare,
1297 1703 1350 1737 sed
1386 1703 1489 1737 omnia
1533 1702 1652 1748 integra
1686 1710 1911 1738 conserventur

1161 1765 1296 1796 eorum,
1339 1765 1393 1798 pro
1431 1764 1564 1798 quorum
1592 1752 1840 1787 substentatione
1875 1763 1912 1786 ac

1162 1802 1390 1848 gubernatione
1417 1813 1567 1836 concessa
1599 1809 1683 1846 sunt,
1711 1801 1820 1836 usibus
1842 1813 1912 1835 om-

1162 1851 1300 1885 nimodis
1323 1850 1495 1898 profutura.
1519 1851 1670 1897 Quisquis
1686 1860 1789 1885 autem
1807 1851 1910 1885 locum

1163 1902 1265 1948 ipsum
1294 1913 1350 1947 pro
1377 1900 1476 1934 divini
1511 1901 1631 1934 timoris
1664 1900 1836 1935 reverentia
1863 1899 1912 1934 vel

1165 1951 1255 1984 rebus
1277 1950 1342 1984 suis
1363 1949 1473 1994 (litare,
1496 1957 1672 1996 protegere,
1699 1949 1746 1984 vel
1771 1962 1826 1996 pro
1853 1961 1910 1984 sua

1164 1999 1308 2034 facultate
1329 1999 1466 2033 exaltare
1487 1999 1653 2039 studuerit,
1684 1999 1912 2045 omnipotentis

1166 2049 1220 2083 Dei
1246 2048 1511 2088 misericordiam,
1539 2057 1568 2082 ct
1594 2049 1820 2095 Apostolorum
1843 2049 1911 2083 cius

1165 2099 1295 2143 gratiam
1335 2106 1555 2145 consequatur.
1592 2097 1654 2139 Qui
1698 2110 1770 2133 vero
1804 2107 1912 2132 contra

1167 2148 1261 2182 buius
1288 2148 1382 2182 nostri
1407 2147 1523 2182 decreti
1548 2155 1687 2182 tenorem
1713 2148 1913 2193 pertinaciter

1166 2210 1258 2242 agere
1285 2197 1472 2241 tentaverit,
1510 2196 1616 2231 Sancti
1644 2196 1782 2241 Spiritus
1808 2196 1913 2243 gladio

1167 2247 1331 2294 plectatur.
1370 2245 1483 2280 Datum
1520 2246 1603 2292 apud
1643 2245 1914 2280 Clarummontctn

1168 2297 1336 2330 Arverniac
1355 2308 1409 2342 per
1433 2308 1559 2330 manum
1584 2295 1731 2330 Iohannis
1753 2295 1785 2329 S.
1814 2295 1852 2329 R.
1873 2294 1912 2330 E.

1168 2346 1290 2380 diaconi
1314 2345 1492 2384 cardinalis,
1526 2357 1566 2379 ιιι
1600 2344 1701 2379 kalen.
1724 2344 1912 2384 decembris,

1170 2395 1275 2429 indict.
1299 2407 1335 2429 ιι]
1361 2397 1418 2438 (l),
1441 2406 1524 2428 anno
1546 2394 1665 2428 domin.
1693 2394 1915 2428 iucarnationis

1169 2457 1271 2486 mxcv,
1299 2444 1500 2491 pontificatus
1521 2452 1624 2478 autem
1651 2443 1768 2477 domini
1797 2443 1915 2478 Urbani

378 2507 594 2539 Consirtnantur
611 2510 686 2539 bona
706 2521 720 2540 a
740 2511 870 2540 Gerardo
888 2520 932 2549 ep.
951 2510 1128 2540 monasterio
1169 2494 1298 2528 S‘'('u¹¹¹¹¹
1328 2494 1429 2540 Pulme
1450 2505 1533 2527 anno
1555 2504 1626 2527 ‘'¹¹¹-

419 2549 543 2578 donata:
567 2555 594 2579 ct
612 2560 687 2588 quac
705 2551 734 2579 in
754 2552 883 2580 futurum
903 2550 998 2580 eidem
1018 2560 1031 2579 a
1056 2559 1130 2588 quo-

381 2636 481 2664 Eccles.
500 2637 634 2665 Gamerae.
653 2646 726 2665 num.
749 2647 805 2666 xiim

1148 2570 1152 2591 l

415 2601 454 2636 tt)
474 2601 633 2628 Sammartli.
652 2603 700 2629 loc.
719 2607 762 2629 eit.
783 2608 844 2631 torn.
867 2613 896 2631 111
915 2604 984 2631 iuter
1001 2605 1128 2631 lustrum.
1148 2599 1153 2630 l

1190 2551 1250 2581 Dat.
1269 2551 1315 2581 die
1333 2551 1370 2581 ⁰29
1389 2550 1557 2580 novembris
1579 2559 1654 2579 anno
1672 2549 1789 2580 Domini
1806 2549 1893 2590 1095,

1408 2590 1508 2630 pontis.
1525 2599 1602 2620 anno
1617 2598 1677 2621 vin.

1207 2639 1246 2674 (t)
1266 2640 1332 2674 Lege
1351 2647 1389 2666 ιν.

1966 1003 2118 1026 confirmantur

1932 1031 1989 1052 bona
2001 1037 2014 1051 a
2024 1030 2118 1052 Ger-ardo

1934 1058 1999 1084 episc.
2015 1060 2118 1078 monaste-

1934 1085 1965 1105 rio
1980 1086 2071 1105 uenata:

1961 1199 1987 1221 Et
2014 1204 2070 1226 quae
2097 1198 2119 1220 Iu

1935 1226 2026 1247 futurum
2050 1225 2120 1247 eidem

1934 1257 2120 1300 narrata

1935 1309 2015 1327 runtur.

1962 1497 2074 1518 Decretum
2083 1503 2120 1524 pro

1936 1523 2121 1549 immunitateloci,

1944 1556 1969 1571 ac
1997 1550 2113 1577 possessio-

1935 1584 1983 1598 num
2019 1577 2046 1598 ad
2074 1582 2121 1598 eum

1936 1604 2093 1631 pertinentium.
