<?xml version="1.0" encoding="UTF-8"?>
<!DOCTYPE html PUBLIC "-//W3C//DTD XHTML 1.0 Transitional//EN"
    "http://www.w3.org/TR/xhtml1/DTD/xhtml1-transitional.dtd">
<html xmlns="http://www.w3.org/1999/xhtml" xml:lang="en" lang="en">
 <head>
  <title>
</title>
<meta http-equiv="Content-Type" content="text/html;charset=utf-8" />
  <meta name='ocr-system' content='tesseract 3.04.00' />
  <meta name='ocr-capabilities' content='ocr_page ocr_carea ocr_par ocr_line ocrx_word'/>
</head>
<body>
  <div class='ocr_page' id='page_1' title='image "./bullarumdiplomat02cath/bullarumdiplomat02cath_0518.png"; bbox 0 0 2180 3205; ppageno 0'>
   <div class='ocr_carea' id='block_1_1' title="bbox 405 210 475 244">
    <p class='ocr_par' dir='ltr' id='par_1_1' title="bbox 405 210 475 244">
     <span class='ocr_line' id='line_1_1' title="bbox 405 210 475 244; baseline -0.014 0"><span class='ocrx_word' id='word_1_1' title='bbox 405 210 475 244; x_wconf 79' lang='lat'>500</span> 
     </span>
    </p>
   </div>
   <div class='ocr_carea' id='block_1_2' title="bbox 156 271 1105 663">
    <p class='ocr_par' dir='ltr' id='par_1_2' title="bbox 355 271 1104 467">
     <span class='ocr_line' id='line_1_2' title="bbox 356 271 1104 322; baseline -0.008 -11"><span class='ocrx_word' id='word_1_2' title='bbox 356 276 408 311; x_wconf 91' lang='lat' dir='ltr'>ubi</span> <span class='ocrx_word' id='word_1_3' title='bbox 435 275 610 322; x_wconf 88' lang='lat' dir='ltr'>partiuntur</span> <span class='ocrx_word' id='word_1_4' title='bbox 632 281 734 308; x_wconf 75' lang='lat' dir='ltr'>vester</span> <span class='ocrx_word' id='word_1_5' title='bbox 749 272 867 308; x_wconf 80' lang='lat' dir='ltr'>boscus</span> <span class='ocrx_word' id='word_1_6' title='bbox 889 271 928 306; x_wconf 91' lang='lat' dir='ltr'>de</span> <span class='ocrx_word' id='word_1_7' title='bbox 949 271 1104 306; x_wconf 89' lang='lat' dir='ltr'>Cluniaco</span> 
     </span>
     <span class='ocr_line' id='line_1_3' title="bbox 355 321 1104 368; baseline -0.007 -8"><span class='ocrx_word' id='word_1_8' title='bbox 355 334 384 361; x_wconf 87' lang='lat' dir='ltr'>et</span> <span class='ocrx_word' id='word_1_9' title='bbox 408 326 521 359; x_wconf 81' lang='lat' dir='ltr'>boscus</span> <span class='ocrx_word' id='word_1_10' title='bbox 542 323 722 358; x_wconf 87' lang='lat' dir='ltr'>Comitalis:</span> <span class='ocrx_word' id='word_1_11' title='bbox 752 334 860 356; x_wconf 89' lang='lat' dir='ltr'>versus</span> <span class='ocrx_word' id='word_1_12' title='bbox 888 321 1025 368; x_wconf 81' lang='lat' dir='ltr'>igiacum</span> <span class='ocrx_word' id='word_1_13' title='bbox 1040 328 1104 355; x_wconf 88' lang='lat' dir='ltr'>ter-</span> 
     </span>
     <span class='ocr_line' id='line_1_4' title="bbox 356 370 1104 416; baseline -0.007 -7"><span class='ocrx_word' id='word_1_14' title='bbox 356 375 462 409; x_wconf 84' lang='lat' dir='ltr'>minus</span> <span class='ocrx_word' id='word_1_15' title='bbox 495 381 541 407; x_wconf 80' lang='lat' dir='ltr'>est</span> <span class='ocrx_word' id='word_1_16' title='bbox 568 373 604 406; x_wconf 89' lang='lat' dir='ltr'>ad</span> <span class='ocrx_word' id='word_1_17' title='bbox 640 371 784 414; x_wconf 71' lang='lat' dir='ltr'>Carmos,</span> <span class='ocrx_word' id='word_1_18' title='bbox 811 383 907 416; x_wconf 88' lang='lat' dir='ltr'>super</span> <span class='ocrx_word' id='word_1_19' title='bbox 941 370 1104 405; x_wconf 82' lang='lat' dir='ltr'>Montem-</span> 
     </span>
     <span class='ocr_line' id='line_1_5' title="bbox 356 419 1104 467; baseline -0.007 -9"><span class='ocrx_word' id='word_1_20' title='bbox 356 424 483 458; x_wconf 89' lang='lat' dir='ltr'>Edium.</span> <span class='ocrx_word' id='word_1_21' title='bbox 512 422 545 457; x_wconf 95' lang='lat' dir='ltr'>ln</span> <span class='ocrx_word' id='word_1_22' title='bbox 570 421 713 460; x_wconf 81' lang='lat' dir='ltr'>abbatiis,</span> <span class='ocrx_word' id='word_1_23' title='bbox 737 433 902 467; x_wconf 88' lang='lat' dir='ltr'>quaecum</span> <span class='ocrx_word' id='word_1_24' title='bbox 926 421 991 454; x_wconf 87' lang='lat' dir='ltr'>suis</span> <span class='ocrx_word' id='word_1_25' title='bbox 1008 419 1104 454; x_wconf 86' lang='lat' dir='ltr'>abba-</span> 
     </span>
    </p>

    <p class='ocr_par' dir='ltr' id='par_1_3' title="bbox 156 469 1105 663">
     <span class='ocr_line' id='line_1_6' title="bbox 356 469 1103 507; baseline -0.004 -1"><span class='ocrx_word' id='word_1_26' title='bbox 356 473 438 507; x_wconf 89' lang='lat' dir='ltr'>tibus</span> <span class='ocrx_word' id='word_1_27' title='bbox 460 472 649 506; x_wconf 88' lang='lat' dir='ltr'>ordinationi</span> <span class='ocrx_word' id='word_1_28' title='bbox 679 470 901 505; x_wconf 78' lang='lat' dir='ltr'>Cluniacensis</span> <span class='ocrx_word' id='word_1_29' title='bbox 924 469 1103 504; x_wconf 87' lang='lat' dir='ltr'>monasterii</span> 
     </span>
     <span class='ocr_line' id='line_1_7' title="bbox 171 518 1105 577; baseline -0.004 -20"><span class='ocrx_word' id='word_1_30' title='bbox 171 529 326 577; x_wconf 50' lang='grc' dir='ltr'>εμέἰῠῡξῑειὲζῑῐ</span> <span class='ocrx_word' id='word_1_31' title='bbox 355 522 444 556; x_wconf 86' lang='lat' dir='ltr'>datae</span> <span class='ocrx_word' id='word_1_32' title='bbox 470 529 555 561; x_wconf 77' lang='lat' dir='ltr'>sunt,</span> <span class='ocrx_word' id='word_1_33' title='bbox 581 520 723 554; x_wconf 80' lang='lat' dir='ltr'>videlicet</span> <span class='ocrx_word' id='word_1_34' title='bbox 749 519 783 554; x_wconf 87' lang='lat' dir='ltr'>S.</span> <span class='ocrx_word' id='word_1_35' title='bbox 810 519 962 554; x_wconf 78' lang='lat' dir='ltr'>Martialis</span> <span class='ocrx_word' id='word_1_36' title='bbox 988 518 1105 553; x_wconf 88' lang='lat' dir='ltr'>Lemo-</span> 
     </span>
     <span class='ocr_line' id='line_1_8' title="bbox 157 559 1105 616; baseline -0.012 -5"><span class='ocrx_word' id='word_1_37' title='bbox 157 559 253 615; x_wconf 44' lang='lat' dir='ltr'>iiifiirdi</span> <span class='ocrx_word' id='word_1_38' title='bbox 269 562 341 608; x_wconf 50' lang='lat' dir='ltr'>tiarati}</span> <span class='ocrx_word' id='word_1_39' title='bbox 356 571 498 611; x_wconf 72' lang='lat' dir='ltr'>vicensis,</span> <span class='ocrx_word' id='word_1_40' title='bbox 522 570 555 605; x_wconf 89' lang='lat' dir='ltr'>S.</span> <span class='ocrx_word' id='word_1_41' title='bbox 579 569 690 616; x_wconf 91' lang='lat' dir='ltr'>Eparci</span> <span class='ocrx_word' id='word_1_42' title='bbox 714 569 977 615; x_wconf 72' lang='lat' dir='ltr'>Engolisniensis,</span> <span class='ocrx_word' id='word_1_43' title='bbox 993 580 1105 602; x_wconf 86' lang='lat' dir='ltr'>mona-</span> 
     </span>
     <span class='ocr_line' id='line_1_9' title="bbox 156 617 1105 663; baseline -0.005 -7"><span class='ocrx_word' id='word_1_44' title='bbox 156 622 215 648; x_wconf 55' lang='lat'>‘¹³⁰⁵</span> <span class='ocrx_word' id='word_1_45' title='bbox 234 624 340 640; x_wconf 50' lang='grc' dir='ltr'>(ΟΜΝ</span> <span class='ocrx_word' id='word_1_46' title='bbox 355 621 440 655; x_wconf 77' lang='lat' dir='ltr'>stet-ii</span> <span class='ocrx_word' id='word_1_47' title='bbox 467 620 538 655; x_wconf 91' lang='lat' dir='ltr'>novi</span> <span class='ocrx_word' id='word_1_48' title='bbox 565 618 713 663; x_wconf 78' lang='lat' dir='ltr'>Pictavis,</span> <span class='ocrx_word' id='word_1_49' title='bbox 741 618 774 653; x_wconf 89' lang='lat' dir='ltr'>S.</span> <span class='ocrx_word' id='word_1_50' title='bbox 802 618 928 652; x_wconf 91' lang='lat' dir='ltr'>loannis</span> <span class='ocrx_word' id='word_1_51' title='bbox 955 617 1105 663; x_wconf 73' lang='lat' dir='ltr'>Angeliu-</span> 
     </span>
    </p>
   </div>
   <div class='ocr_carea' id='block_1_3' title="bbox 157 649 1105 714">
    <p class='ocr_par' dir='ltr' id='par_1_4' title="bbox 157 649 1105 714">
     <span class='ocr_line' id='line_1_10' title="bbox 157 649 1105 714; baseline -0.002 -11"><span class='ocrx_word' id='word_1_52' title='bbox 157 651 237 703; x_wconf 52' lang='lat' dir='ltr'>{2132}ss</span> <span class='ocrx_word' id='word_1_53' title='bbox 256 649 328 670; x_wconf 60' lang='lat' dir='ltr'>cmm</span> <span class='ocrx_word' id='word_1_54' title='bbox 355 670 478 710; x_wconf 80' lang='lat' dir='ltr'>censis,</span> <span class='ocrx_word' id='word_1_55' title='bbox 512 668 694 704; x_wconf 86' lang='lat' dir='ltr'>monasterii</span> <span class='ocrx_word' id='word_1_56' title='bbox 723 668 924 711; x_wconf 53' lang='lat' dir='ltr'>lesatensis,</span> <span class='ocrx_word' id='word_1_57' title='bbox 966 666 1105 714; x_wconf 79' lang='lat' dir='ltr'>Moysia-</span> 
     </span>
    </p>
   </div>
   <div class='ocr_carea' id='block_1_4' title="bbox 160 212 2086 261">
    <p class='ocr_par' dir='ltr' id='par_1_5' title="bbox 160 212 2086 261">
     <span class='ocr_line' id='line_1_11' title="bbox 160 212 2086 261; baseline -0.009 -14"><span class='ocrx_word' id='word_1_58' title='bbox 160 232 209 261; x_wconf 43' lang='grc' dir='ltr'>ΑΒ,</span> <span class='ocrx_word' id='word_1_59' title='bbox 227 230 257 259; x_wconf 79' lang='lat' dir='ltr'>C</span> <span class='ocrx_word' id='word_1_60' title='bbox 272 230 338 258; x_wconf 54' lang='lat' dir='ltr'>¹¹13st</span> <span class='ocrx_word' id='word_1_61' title='bbox 931 215 1121 239; x_wconf 71' lang='lat' dir='ltr'>BULLARtUM</span> <span class='ocrx_word' id='word_1_62' title='bbox 1147 215 1308 239; x_wconf 69' lang='lat' dir='ltr'>ROMANUM</span> <span class='ocrx_word' id='word_1_63' title='bbox 1908 212 1948 241; x_wconf 67' lang='lat' dir='ltr'>A„</span> <span class='ocrx_word' id='word_1_64' title='bbox 1977 212 2004 239; x_wconf 56' lang='grc' dir='ltr'>(ζ4</span> <span class='ocrx_word' id='word_1_65' title='bbox 2021 214 2086 241; x_wconf 54' lang='lat'>[143⁴</span> 
     </span>
    </p>
   </div>
   <div class='ocr_carea' id='block_1_5' title="bbox 1145 271 2133 862">
    <p class='ocr_par' dir='ltr' id='par_1_6' title="bbox 1146 271 1893 319">
     <span class='ocr_line' id='line_1_12' title="bbox 1146 271 1893 319; baseline 0.001 -14"><span class='ocrx_word' id='word_1_66' title='bbox 1146 271 1319 318; x_wconf 72' lang='lat' dir='ltr'>peregrinis</span> <span class='ocrx_word' id='word_1_67' title='bbox 1342 271 1499 311; x_wconf 73' lang='lat' dir='ltr'>fratribus,</span> <span class='ocrx_word' id='word_1_68' title='bbox 1523 279 1552 307; x_wconf 87' lang='lat' dir='ltr'>et</span> <span class='ocrx_word' id='word_1_69' title='bbox 1580 272 1770 319; x_wconf 86' lang='lat' dir='ltr'>pauperibus</span> <span class='ocrx_word' id='word_1_70' title='bbox 1787 283 1893 318; x_wconf 82' lang='lat' dir='ltr'>eroga-</span> 
     </span>
    </p>

    <p class='ocr_par' dir='ltr' id='par_1_7' title="bbox 1146 320 1893 368">
     <span class='ocr_line' id='line_1_13' title="bbox 1146 320 1893 368; baseline 0 -14"><span class='ocrx_word' id='word_1_71' title='bbox 1146 321 1194 355; x_wconf 92' lang='lat' dir='ltr'>tis.</span> <span class='ocrx_word' id='word_1_72' title='bbox 1217 320 1381 356; x_wconf 79' lang='lat' dir='ltr'>Ecclesiae</span> <span class='ocrx_word' id='word_1_73' title='bbox 1409 333 1530 365; x_wconf 72' lang='lat' dir='ltr'>ornnes,</span> <span class='ocrx_word' id='word_1_74' title='bbox 1553 333 1632 368; x_wconf 90' lang='lat' dir='ltr'>quae</span> <span class='ocrx_word' id='word_1_75' title='bbox 1660 320 1893 368; x_wconf 50' lang='lat' dir='ltr'>ubilibet-posi-</span> 
     </span>
    </p>

    <p class='ocr_par' dir='ltr' id='par_1_8' title="bbox 1145 370 2133 862">
     <span class='ocr_line' id='line_1_14' title="bbox 1146 370 2088 418; baseline 0.001 -15"><span class='ocrx_word' id='word_1_76' title='bbox 1146 378 1193 404; x_wconf 81' lang='lat' dir='ltr'>tae</span> <span class='ocrx_word' id='word_1_77' title='bbox 1215 377 1299 414; x_wconf 84' lang='lat' dir='ltr'>sunt,</span> <span class='ocrx_word' id='word_1_78' title='bbox 1327 382 1380 405; x_wconf 79' lang='lat' dir='ltr'>seu</span> <span class='ocrx_word' id='word_1_79' title='bbox 1404 370 1540 418; x_wconf 84' lang='lat' dir='ltr'>capellae</span> <span class='ocrx_word' id='word_1_80' title='bbox 1567 378 1685 406; x_wconf 77' lang='lat' dir='ltr'>vestrae</span> <span class='ocrx_word' id='word_1_81' title='bbox 1711 378 1741 405; x_wconf 91' lang='lat' dir='ltr'>et</span> <span class='ocrx_word' id='word_1_82' title='bbox 1767 370 1889 405; x_wconf 84' lang='lat' dir='ltr'>ciinite-</span> <span class='ocrx_word' id='word_1_83' title='bbox 1919 379 2023 408; x_wconf 73' lang='lat' dir='ltr'>Episcopo</span> <span class='ocrx_word' id='word_1_84' title='bbox 2043 382 2088 403; x_wconf 70' lang='lat' dir='ltr'>sota</span> 
     </span>
     <span class='ocr_line' id='line_1_15' title="bbox 1146 411 2090 464; baseline 0.001 -11"><span class='ocrx_word' id='word_1_85' title='bbox 1146 420 1207 463; x_wconf 65' lang='lat' dir='ltr'>ria,</span> <span class='ocrx_word' id='word_1_86' title='bbox 1230 419 1325 454; x_wconf 87' lang='lat' dir='ltr'>libera</span> <span class='ocrx_word' id='word_1_87' title='bbox 1355 420 1434 459; x_wconf 83' lang='lat' dir='ltr'>sint,</span> <span class='ocrx_word' id='word_1_88' title='bbox 1456 427 1485 454; x_wconf 90' lang='lat' dir='ltr'>et</span> <span class='ocrx_word' id='word_1_89' title='bbox 1512 420 1617 454; x_wconf 88' lang='lat' dir='ltr'>omnis</span> <span class='ocrx_word' id='word_1_90' title='bbox 1638 420 1809 454; x_wconf 79' lang='lat' dir='ltr'>exactionis</span> <span class='ocrx_word' id='word_1_91' title='bbox 1832 411 2090 464; x_wconf 52' lang='grc' dir='ltr'>ἰιιι-ῗθᾚὲἶῇεῗοξῖζ</span> 
     </span>
     <span class='ocr_line' id='line_1_16' title="bbox 1146 469 2090 516; baseline -0.002 -14"><span class='ocrx_word' id='word_1_92' title='bbox 1146 469 1264 513; x_wconf 81' lang='lat' dir='ltr'>munia,</span> <span class='ocrx_word' id='word_1_93' title='bbox 1289 477 1410 516; x_wconf 80' lang='lat' dir='ltr'>praeter</span> <span class='ocrx_word' id='word_1_94' title='bbox 1436 477 1617 503; x_wconf 76' lang='lat' dir='ltr'>consuetam</span> <span class='ocrx_word' id='word_1_95' title='bbox 1634 469 1772 516; x_wconf 84' lang='lat' dir='ltr'>episcopi</span> <span class='ocrx_word' id='word_1_96' title='bbox 1802 482 1893 516; x_wconf 86' lang='lat' dir='ltr'>para-</span> <span class='ocrx_word' id='word_1_97' title='bbox 1907 473 2042 508; x_wconf 61' lang='lat' dir='ltr'>presbiteros</span> <span class='ocrx_word' id='word_1_98' title='bbox 2057 479 2090 495; x_wconf 70' lang='lat' dir='ltr'>re-</span> 
     </span>
     <span class='ocr_line' id='line_1_17' title="bbox 1146 504 2030 566; baseline 0.001 -15"><span class='ocrx_word' id='word_1_99' title='bbox 1146 527 1206 552; x_wconf 84' lang='lat' dir='ltr'>tani</span> <span class='ocrx_word' id='word_1_100' title='bbox 1245 526 1275 553; x_wconf 88' lang='lat' dir='ltr'>et</span> <span class='ocrx_word' id='word_1_101' title='bbox 1319 518 1467 553; x_wconf 78' lang='lat' dir='ltr'>iustitiam</span> <span class='ocrx_word' id='word_1_102' title='bbox 1512 519 1541 552; x_wconf 93' lang='lat' dir='ltr'>in</span> <span class='ocrx_word' id='word_1_103' title='bbox 1581 517 1780 566; x_wconf 75' lang='lat' dir='ltr'>presbyteros</span> <span class='ocrx_word' id='word_1_104' title='bbox 1796 546 1804 554; x_wconf 82' lang='lat'>.</span> <span class='ocrx_word' id='word_1_105' title='bbox 1837 504 2030 566; x_wconf 48' lang='grc' dir='ltr'>(ῙιιίῐηωωῃοΒΖ</span> 
     </span>
     <span class='ocr_line' id='line_1_18' title="bbox 1145 567 1893 613; baseline 0.001 -12"><span class='ocrx_word' id='word_1_106' title='bbox 1145 567 1297 602; x_wconf 74' lang='lat' dir='ltr'>adversus</span> <span class='ocrx_word' id='word_1_107' title='bbox 1320 568 1362 602; x_wconf 89' lang='lat' dir='ltr'>tui</span> <span class='ocrx_word' id='word_1_108' title='bbox 1391 568 1511 602; x_wconf 79' lang='lat' dir='ltr'>ordinis</span> <span class='ocrx_word' id='word_1_109' title='bbox 1543 568 1726 613; x_wconf 79' lang='lat' dir='ltr'>dignitatem</span> <span class='ocrx_word' id='word_1_110' title='bbox 1751 567 1893 602; x_wconf 73' lang='lat' dir='ltr'>offende-</span> 
     </span>
     <span class='ocr_line' id='line_1_19' title="bbox 1146 617 1893 664; baseline 0.003 -14"><span class='ocrx_word' id='word_1_111' title='bbox 1146 617 1216 651; x_wconf 90' lang='lat' dir='ltr'>rint.</span> <span class='ocrx_word' id='word_1_112' title='bbox 1242 617 1348 651; x_wconf 84' lang='lat' dir='ltr'>Liceat</span> <span class='ocrx_word' id='word_1_113' title='bbox 1375 630 1500 664; x_wconf 91' lang='lat' dir='ltr'>quoque</span> <span class='ocrx_word' id='word_1_114' title='bbox 1527 617 1627 660; x_wconf 65' lang='lat' dir='ltr'>vobis7</span> <span class='ocrx_word' id='word_1_115' title='bbox 1655 629 1709 652; x_wconf 91' lang='lat' dir='ltr'>seu</span> <span class='ocrx_word' id='word_1_116' title='bbox 1744 617 1893 652; x_wconf 85' lang='lat' dir='ltr'>fratribus</span> 
     </span>
     <span class='ocr_line' id='line_1_20' title="bbox 1146 666 1892 714; baseline 0 -14"><span class='ocrx_word' id='word_1_117' title='bbox 1146 666 1272 710; x_wconf 77' lang='lat' dir='ltr'>vestris,</span> <span class='ocrx_word' id='word_1_118' title='bbox 1308 667 1337 701; x_wconf 92' lang='lat' dir='ltr'>in</span> <span class='ocrx_word' id='word_1_119' title='bbox 1374 667 1516 701; x_wconf 80' lang='lat' dir='ltr'>ecclesiis</span> <span class='ocrx_word' id='word_1_120' title='bbox 1551 667 1659 701; x_wconf 82' lang='lat' dir='ltr'>restris</span> <span class='ocrx_word' id='word_1_121' title='bbox 1696 666 1892 714; x_wconf 82' lang='lat' dir='ltr'>presbyteros</span> 
     </span>
     <span class='ocr_line' id='line_1_21' title="bbox 1145 716 1890 763; baseline 0.001 -14"><span class='ocrx_word' id='word_1_122' title='bbox 1145 716 1276 761; x_wconf 74' lang='lat' dir='ltr'>eligere3</span> <span class='ocrx_word' id='word_1_123' title='bbox 1300 716 1339 751; x_wconf 87' lang='lat' dir='ltr'>ita</span> <span class='ocrx_word' id='word_1_124' title='bbox 1373 724 1488 755; x_wconf 71' lang='lat' dir='ltr'>tamen,</span> <span class='ocrx_word' id='word_1_125' title='bbox 1514 724 1545 750; x_wconf 89' lang='lat' dir='ltr'>ut</span> <span class='ocrx_word' id='word_1_126' title='bbox 1578 716 1616 750; x_wconf 87' lang='lat' dir='ltr'>ab</span> <span class='ocrx_word' id='word_1_127' title='bbox 1650 716 1819 763; x_wconf 84' lang='lat' dir='ltr'>episcopis,</span> <span class='ocrx_word' id='word_1_128' title='bbox 1843 717 1890 750; x_wconf 79' lang='lat' dir='ltr'>vei</span> 
     </span>
     <span class='ocr_line' id='line_1_22' title="bbox 1146 761 2133 812; baseline 0.001 -13"><span class='ocrx_word' id='word_1_129' title='bbox 1146 765 1284 811; x_wconf 88' lang='lat' dir='ltr'>ipsorum</span> <span class='ocrx_word' id='word_1_130' title='bbox 1321 766 1465 805; x_wconf 61' lang='lat' dir='ltr'>vicariis„</span> <span class='ocrx_word' id='word_1_131' title='bbox 1488 766 1662 800; x_wconf 88' lang='lat' dir='ltr'>animarum</span> <span class='ocrx_word' id='word_1_132' title='bbox 1691 778 1797 800; x_wconf 86' lang='lat' dir='ltr'>curam</span> <span class='ocrx_word' id='word_1_133' title='bbox 1826 761 2091 812; x_wconf 49' lang='grc' dir='ltr'>ειΙη-ζζῖζᾰξωὲῗρξζζ</span> <span class='ocrx_word' id='word_1_134' title='bbox 2127 780 2133 787; x_wconf 44' lang='lat'>*¹</span> 
     </span>
     <span class='ocr_line' id='line_1_23' title="bbox 1145 807 2090 862; baseline 0 -13"><span class='ocrx_word' id='word_1_135' title='bbox 1145 827 1206 861; x_wconf 87' lang='lat' dir='ltr'>quc</span> <span class='ocrx_word' id='word_1_136' title='bbox 1242 815 1404 849; x_wconf 76' lang='lat' dir='ltr'>venalitate</span> <span class='ocrx_word' id='word_1_137' title='bbox 1431 815 1618 862; x_wconf 80' lang='lat' dir='ltr'>suscipiant:</span> <span class='ocrx_word' id='word_1_138' title='bbox 1642 827 1736 862; x_wconf 88' lang='lat' dir='ltr'>quam</span> <span class='ocrx_word' id='word_1_139' title='bbox 1761 815 1786 849; x_wconf 89' lang='lat' dir='ltr'>si</span> <span class='ocrx_word' id='word_1_140' title='bbox 1806 807 1984 850; x_wconf 64' lang='lat' dir='ltr'>coni-elesimi</span> <span class='ocrx_word' id='word_1_141' title='bbox 2010 827 2090 843; x_wconf 70' lang='lat' dir='ltr'>conse-</span> 
     </span>
    </p>
   </div>
   <div class='ocr_carea' id='block_1_6' title="bbox 1145 852 2067 911">
    <p class='ocr_par' dir='ltr' id='par_1_9' title="bbox 1145 852 2067 911">
     <span class='ocr_line' id='line_1_24' title="bbox 1145 852 2067 911; baseline 0 -14"><span class='ocrx_word' id='word_1_142' title='bbox 1145 864 1269 899; x_wconf 87' lang='lat' dir='ltr'>mittere</span> <span class='ocrx_word' id='word_1_143' title='bbox 1303 864 1367 905; x_wconf 70' lang='lat' dir='ltr'>itti,</span> <span class='ocrx_word' id='word_1_144' title='bbox 1408 864 1491 911; x_wconf 89' lang='lat' dir='ltr'>quod</span> <span class='ocrx_word' id='word_1_145' title='bbox 1532 863 1634 907; x_wconf 83' lang='lat' dir='ltr'>absit,</span> <span class='ocrx_word' id='word_1_146' title='bbox 1670 876 1707 898; x_wconf 86' lang='lat' dir='ltr'>ex</span> <span class='ocrx_word' id='word_1_147' title='bbox 1746 864 1893 911; x_wconf 74' lang='lat' dir='ltr'>pravitate</span> <span class='ocrx_word' id='word_1_148' title='bbox 1929 852 2067 877; x_wconf 49' lang='lat' dir='ltr'>mmmm</span> 
     </span>
    </p>
   </div>
   <div class='ocr_carea' id='block_1_7' title="bbox 182 436 315 519">
    <p class='ocr_par' dir='ltr' id='par_1_10' title="bbox 182 436 315 519">
     <span class='ocr_line' id='line_1_25' title="bbox 183 436 315 458; baseline -0.023 0"><span class='ocrx_word' id='word_1_149' title='bbox 183 437 207 458; x_wconf 82' lang='lat' dir='ltr'>ln</span> <span class='ocrx_word' id='word_1_150' title='bbox 227 436 315 457; x_wconf 70' lang='lat' dir='ltr'>abbatiis</span> 
     </span>
     <span class='ocr_line' id='line_1_26' title="bbox 182 467 315 488; baseline -0.023 0"><span class='ocrx_word' id='word_1_151' title='bbox 182 467 315 488; x_wconf 71' lang='lat' dir='ltr'>cluniacensi</span> 
     </span>
     <span class='ocr_line' id='line_1_27' title="bbox 183 498 313 519; baseline -0.023 0"><span class='ocrx_word' id='word_1_152' title='bbox 183 498 313 519; x_wconf 78' lang='lat' dir='ltr'>monasterio</span> 
     </span>
    </p>
   </div>
   <div class='ocr_carea' id='block_1_8' title="bbox 354 716 1105 910">
    <p class='ocr_par' dir='ltr' id='par_1_11' title="bbox 354 716 1105 910">
     <span class='ocr_line' id='line_1_28' title="bbox 355 716 1102 765; baseline -0.005 -12"><span class='ocrx_word' id='word_1_153' title='bbox 355 719 470 762; x_wconf 81' lang='lat' dir='ltr'>censis,</span> <span class='ocrx_word' id='word_1_154' title='bbox 502 718 695 765; x_wconf 77' lang='lat' dir='ltr'>Figiacensis</span> <span class='ocrx_word' id='word_1_155' title='bbox 722 717 752 751; x_wconf 94' lang='lat' dir='ltr'>in</span> <span class='ocrx_word' id='word_1_156' title='bbox 780 716 964 752; x_wconf 88' lang='lat' dir='ltr'>Caturcensi</span> <span class='ocrx_word' id='word_1_157' title='bbox 1006 728 1102 762; x_wconf 81' lang='lat' dir='ltr'>pago:</span> 
     </span>
     <span class='ocr_line' id='line_1_29' title="bbox 354 765 1103 807; baseline -0.004 -5"><span class='ocrx_word' id='word_1_158' title='bbox 354 769 386 802; x_wconf 87' lang='lat' dir='ltr'>in</span> <span class='ocrx_word' id='word_1_159' title='bbox 414 768 549 802; x_wconf 79' lang='lat' dir='ltr'>Avernia</span> <span class='ocrx_word' id='word_1_160' title='bbox 575 766 813 807; x_wconf 66' lang='lat' dir='ltr'>alausiacensis,</span> <span class='ocrx_word' id='word_1_161' title='bbox 847 766 1044 800; x_wconf 88' lang='lat' dir='ltr'>Tiercensis:</span> <span class='ocrx_word' id='word_1_162' title='bbox 1073 765 1103 799; x_wconf 93' lang='lat' dir='ltr'>in</span> 
     </span>
     <span class='ocr_line' id='line_1_30' title="bbox 355 813 1105 853; baseline -0.005 -1"><span class='ocrx_word' id='word_1_163' title='bbox 355 817 589 853; x_wconf 78' lang='lat' dir='ltr'>Antisidorensi</span> <span class='ocrx_word' id='word_1_164' title='bbox 616 816 722 851; x_wconf 86' lang='lat' dir='ltr'>Sancti</span> <span class='ocrx_word' id='word_1_165' title='bbox 745 815 910 850; x_wconf 78' lang='lat' dir='ltr'>Germani:</span> <span class='ocrx_word' id='word_1_166' title='bbox 935 815 965 849; x_wconf 94' lang='lat' dir='ltr'>in</span> <span class='ocrx_word' id='word_1_167' title='bbox 989 813 1105 850; x_wconf 89' lang='lat' dir='ltr'>Came-</span> 
     </span>
     <span class='ocr_line' id='line_1_31' title="bbox 355 864 1103 910; baseline -0.005 -8"><span class='ocrx_word' id='word_1_168' title='bbox 355 867 475 902; x_wconf 84' lang='lat' dir='ltr'>racensi</span> <span class='ocrx_word' id='word_1_169' title='bbox 502 866 641 901; x_wconf 83' lang='lat' dir='ltr'>Hunoldi</span> <span class='ocrx_word' id='word_1_170' title='bbox 664 865 775 900; x_wconf 86' lang='lat' dir='ltr'>curtis:</span> <span class='ocrx_word' id='word_1_171' title='bbox 805 865 836 899; x_wconf 88' lang='lat' dir='ltr'>in</span> <span class='ocrx_word' id='word_1_172' title='bbox 860 864 1103 910; x_wconf 82' lang='lat' dir='ltr'>Rothomagensi</span> 
     </span>
    </p>
   </div>
   <div class='ocr_carea' id='block_1_9' title="bbox 1919 728 2091 750">
    <p class='ocr_par' dir='ltr' id='par_1_12' title="bbox 1919 728 2091 750">
     <span class='ocr_line' id='line_1_32' title="bbox 1919 728 2091 750; baseline 0 0"><span class='ocrx_word' id='word_1_173' title='bbox 1919 728 1992 750; x_wconf 66' lang='lat' dir='ltr'>Curam</span> <span class='ocrx_word' id='word_1_174' title='bbox 2009 731 2062 750; x_wconf 84' lang='lat' dir='ltr'>anim</span> <span class='ocrx_word' id='word_1_175' title='bbox 2067 737 2091 750; x_wconf 78' lang='lat' dir='ltr'>a-</span> 
     </span>
    </p>
   </div>
   <div class='ocr_carea' id='block_1_10' title="bbox 1929 885 2071 911">
    <p class='ocr_par' dir='ltr' id='par_1_13' title="bbox 1929 885 2071 911">
     <span class='ocr_line' id='line_1_33' title="bbox 1929 885 2071 911; baseline -0.007 -6"><span class='ocrx_word' id='word_1_176' title='bbox 1929 885 1974 905; x_wconf 79' lang='lat' dir='ltr'>sine</span> <span class='ocrx_word' id='word_1_177' title='bbox 1990 885 2071 911; x_wconf 78' lang='lat' dir='ltr'>pretio:</span> 
     </span>
    </p>
   </div>
   <div class='ocr_carea' id='block_1_11' title="bbox 158 1078 343 1261">
    <p class='ocr_par' dir='ltr' id='par_1_14' title="bbox 158 1078 343 1261">
     <span class='ocr_line' id='line_1_34' title="bbox 171 1078 342 1106; baseline -0.006 -6"><span class='ocrx_word' id='word_1_178' title='bbox 171 1078 195 1100; x_wconf 78' lang='lat' dir='ltr'>ln</span> <span class='ocrx_word' id='word_1_179' title='bbox 215 1078 342 1106; x_wconf 69' lang='lat' dir='ltr'>prioratibus</span> 
     </span>
     <span class='ocr_line' id='line_1_35' title="bbox 159 1109 343 1137; baseline -0.005 -6"><span class='ocrx_word' id='word_1_180' title='bbox 159 1112 179 1131; x_wconf 89' lang='lat' dir='ltr'>in</span> <span class='ocrx_word' id='word_1_181' title='bbox 203 1111 277 1137; x_wconf 75' lang='lat' dir='ltr'>quihus</span> <span class='ocrx_word' id='word_1_182' title='bbox 304 1109 343 1130; x_wconf 83' lang='lat' dir='ltr'>ab·</span> 
     </span>
     <span class='ocr_line' id='line_1_36' title="bbox 158 1140 343 1162; baseline -0.011 0"><span class='ocrx_word' id='word_1_183' title='bbox 158 1142 219 1162; x_wconf 79' lang='lat' dir='ltr'>hales</span> <span class='ocrx_word' id='word_1_184' title='bbox 234 1147 275 1162; x_wconf 85' lang='lat' dir='ltr'>uon</span> <span class='ocrx_word' id='word_1_185' title='bbox 294 1140 343 1161; x_wconf 74' lang='lat' dir='ltr'>tue—</span> 
     </span>
     <span class='ocr_line' id='line_1_37' title="bbox 160 1172 343 1199; baseline -0.011 -5"><span class='ocrx_word' id='word_1_186' title='bbox 160 1175 215 1197; x_wconf 78' lang='lat' dir='ltr'>tint‚</span> <span class='ocrx_word' id='word_1_187' title='bbox 238 1172 343 1199; x_wconf 78' lang='lat' dir='ltr'>imposte-</span> 
     </span>
     <span class='ocr_line' id='line_1_38' title="bbox 159 1202 343 1224; baseline 0 0"><span class='ocrx_word' id='word_1_188' title='bbox 159 1210 203 1224; x_wconf 85' lang='lat' dir='ltr'>rum</span> <span class='ocrx_word' id='word_1_189' title='bbox 231 1209 274 1224; x_wconf 83' lang='lat' dir='ltr'>uon</span> <span class='ocrx_word' id='word_1_190' title='bbox 301 1202 343 1224; x_wconf 85' lang='lat' dir='ltr'>eli-</span> 
     </span>
     <span class='ocr_line' id='line_1_39' title="bbox 160 1235 229 1261; baseline 0.014 -6"><span class='ocrx_word' id='word_1_191' title='bbox 160 1235 229 1261; x_wconf 83' lang='lat' dir='ltr'>geudi.</span> 
     </span>
    </p>
   </div>
   <div class='ocr_carea' id='block_1_12' title="bbox 164 1669 349 1788">
    <p class='ocr_par' dir='ltr' id='par_1_15' title="bbox 164 1669 349 1788">
     <span class='ocr_line' id='line_1_40' title="bbox 177 1669 346 1691; baseline -0.018 0"><span class='ocrx_word' id='word_1_192' title='bbox 177 1671 216 1691; x_wconf 86' lang='lat' dir='ltr'>Pro</span> <span class='ocrx_word' id='word_1_193' title='bbox 245 1669 346 1690; x_wconf 80' lang='lat' dir='ltr'>altaribus</span> 
     </span>
     <span class='ocr_line' id='line_1_41' title="bbox 164 1701 347 1724; baseline -0.022 0"><span class='ocrx_word' id='word_1_194' title='bbox 164 1706 185 1724; x_wconf 84' lang='lat' dir='ltr'>et</span> <span class='ocrx_word' id='word_1_195' title='bbox 195 1701 293 1722; x_wconf 80' lang='lat' dir='ltr'>ecclesiis</span> <span class='ocrx_word' id='word_1_196' title='bbox 308 1701 347 1720; x_wconf 85' lang='lat' dir='ltr'>de-</span> 
     </span>
     <span class='ocr_line' id='line_1_42' title="bbox 164 1730 349 1754; baseline -0.022 0"><span class='ocrx_word' id='word_1_197' title='bbox 164 1735 230 1754; x_wconf 80' lang='lat' dir='ltr'>cimae</span> <span class='ocrx_word' id='word_1_198' title='bbox 245 1737 286 1752; x_wconf 86' lang='lat' dir='ltr'>nou</span> <span class='ocrx_word' id='word_1_199' title='bbox 303 1730 349 1751; x_wconf 83' lang='lat' dir='ltr'>sol-</span> 
     </span>
     <span class='ocr_line' id='line_1_43' title="bbox 164 1765 260 1788; baseline -0.01 -3"><span class='ocrx_word' id='word_1_200' title='bbox 164 1765 260 1788; x_wconf 53' lang='lat' dir='ltr'>vendam</span> 
     </span>
    </p>
   </div>
   <div class='ocr_carea' id='block_1_13' title="bbox 166 1964 350 2085">
    <p class='ocr_par' dir='ltr' id='par_1_16' title="bbox 166 1964 350 2085">
     <span class='ocr_line' id='line_1_44' title="bbox 179 1964 349 1987; baseline -0.018 0"><span class='ocrx_word' id='word_1_201' title='bbox 179 1966 220 1987; x_wconf 79' lang='lat' dir='ltr'>Sed</span> <span class='ocrx_word' id='word_1_202' title='bbox 232 1964 349 1986; x_wconf 82' lang='lat' dir='ltr'>monacho-</span> 
     </span>
     <span class='ocr_line' id='line_1_45' title="bbox 167 1999 350 2022; baseline -0.016 -4"><span class='ocrx_word' id='word_1_203' title='bbox 167 2003 212 2018; x_wconf 80' lang='lat' dir='ltr'>rum</span> <span class='ocrx_word' id='word_1_204' title='bbox 228 1999 249 2016; x_wconf 80' lang='lat' dir='ltr'>et</span> <span class='ocrx_word' id='word_1_205' title='bbox 268 2001 350 2022; x_wconf 80' lang='lat' dir='ltr'>paupe-</span> 
     </span>
     <span class='ocr_line' id='line_1_46' title="bbox 166 2027 350 2053; baseline -0.022 -4"><span class='ocrx_word' id='word_1_206' title='bbox 166 2033 211 2049; x_wconf 77' lang='lat' dir='ltr'>rum</span> <span class='ocrx_word' id='word_1_207' title='bbox 225 2027 297 2047; x_wconf 78' lang='lat' dir='ltr'>usibus</span> <span class='ocrx_word' id='word_1_208' title='bbox 312 2032 350 2053; x_wconf 85' lang='lat' dir='ltr'>ap-</span> 
     </span>
     <span class='ocr_line' id='line_1_47' title="bbox 168 2058 290 2085; baseline -0.016 -6"><span class='ocrx_word' id='word_1_209' title='bbox 168 2058 290 2085; x_wconf 81' lang='lat' dir='ltr'>plicaudae·,</span> 
     </span>
    </p>
   </div>
   <div class='ocr_carea' id='block_1_14' title="bbox 170 2214 355 2299">
    <p class='ocr_par' dir='ltr' id='par_1_17' title="bbox 170 2214 355 2299">
     <span class='ocr_line' id='line_1_48' title="bbox 183 2214 352 2237; baseline -0.006 -1"><span class='ocrx_word' id='word_1_210' title='bbox 183 2215 226 2237; x_wconf 77' lang='lat' dir='ltr'>Nec</span> <span class='ocrx_word' id='word_1_211' title='bbox 239 2214 352 2236; x_wconf 70' lang='lat' dir='ltr'>solvendae</span> 
     </span>
     <span class='ocr_line' id='line_1_49' title="bbox 171 2246 355 2274; baseline 0 -7"><span class='ocrx_word' id='word_1_212' title='bbox 171 2253 221 2274; x_wconf 80' lang='lat' dir='ltr'>quas</span> <span class='ocrx_word' id='word_1_213' title='bbox 233 2249 306 2267; x_wconf 83' lang='lat' dir='ltr'>vocant</span> <span class='ocrx_word' id='word_1_214' title='bbox 320 2246 355 2267; x_wconf 83' lang='lat' dir='ltr'>du-</span> 
     </span>
     <span class='ocr_line' id='line_1_50' title="bbox 170 2278 292 2299; baseline -0.016 0"><span class='ocrx_word' id='word_1_215' title='bbox 170 2278 292 2299; x_wconf 75' lang='lat' dir='ltr'>minicatas:</span> 
     </span>
    </p>
   </div>
   <div class='ocr_carea' id='block_1_15' title="bbox 355 913 1120 2591">
    <p class='ocr_par' dir='ltr' id='par_1_18' title="bbox 355 913 1120 2591">
     <span class='ocr_line' id='line_1_51' title="bbox 355 913 1103 963; baseline -0.007 -11"><span class='ocrx_word' id='word_1_216' title='bbox 355 916 476 952; x_wconf 84' lang='lat' dir='ltr'>abbatia</span> <span class='ocrx_word' id='word_1_217' title='bbox 504 916 588 963; x_wconf 88' lang='lat' dir='ltr'>apud</span> <span class='ocrx_word' id='word_1_218' title='bbox 615 915 824 955; x_wconf 74' lang='lat' dir='ltr'>pontiseram,</span> <span class='ocrx_word' id='word_1_219' title='bbox 846 914 876 948; x_wconf 92' lang='lat' dir='ltr'>in</span> <span class='ocrx_word' id='word_1_220' title='bbox 899 913 1103 948; x_wconf 84' lang='lat' dir='ltr'>Taruvarensi</span> 
     </span>
     <span class='ocr_line' id='line_1_52' title="bbox 355 962 1106 1006; baseline -0.007 -5"><span class='ocrx_word' id='word_1_221' title='bbox 355 965 389 1001; x_wconf 90' lang='lat' dir='ltr'>S.</span> <span class='ocrx_word' id='word_1_222' title='bbox 426 965 579 1006; x_wconf 80' lang='lat' dir='ltr'>Wlinari,</span> <span class='ocrx_word' id='word_1_223' title='bbox 618 965 687 999; x_wconf 88' lang='lat' dir='ltr'>sine</span> <span class='ocrx_word' id='word_1_224' title='bbox 727 963 946 998; x_wconf 88' lang='lat' dir='ltr'>Cluniacensis</span> <span class='ocrx_word' id='word_1_225' title='bbox 984 962 1106 997; x_wconf 84' lang='lat' dir='ltr'>abbatis</span> 
     </span>
     <span class='ocr_line' id='line_1_53' title="bbox 356 1012 1105 1058; baseline -0.007 -8"><span class='ocrx_word' id='word_1_226' title='bbox 356 1015 488 1050; x_wconf 88' lang='lat' dir='ltr'>consilio</span> <span class='ocrx_word' id='word_1_227' title='bbox 524 1014 619 1049; x_wconf 78' lang='lat' dir='ltr'>abbas</span> <span class='ocrx_word' id='word_1_228' title='bbox 658 1013 837 1048; x_wconf 88' lang='lat' dir='ltr'>nullatenus</span> <span class='ocrx_word' id='word_1_229' title='bbox 871 1012 1016 1058; x_wconf 76' lang='lat' dir='ltr'>eligatur.</span> <span class='ocrx_word' id='word_1_230' title='bbox 1055 1012 1105 1046; x_wconf 82' lang='lat' dir='ltr'>Ad</span> 
     </span>
     <span class='ocr_line' id='line_1_54' title="bbox 356 1061 1105 1108; baseline -0.005 -9"><span class='ocrx_word' id='word_1_231' title='bbox 356 1064 434 1099; x_wconf 88' lang='lat' dir='ltr'>haec</span> <span class='ocrx_word' id='word_1_232' title='bbox 449 1064 627 1108; x_wconf 69' lang='lat' dir='ltr'>adiicimus‚</span> <span class='ocrx_word' id='word_1_233' title='bbox 644 1063 719 1098; x_wconf 91' lang='lat' dir='ltr'>utin</span> <span class='ocrx_word' id='word_1_234' title='bbox 736 1062 884 1097; x_wconf 88' lang='lat' dir='ltr'>omnibus</span> <span class='ocrx_word' id='word_1_235' title='bbox 905 1061 1105 1108; x_wconf 70' lang='lat' dir='ltr'>prioratibus,</span> 
     </span>
     <span class='ocr_line' id='line_1_55' title="bbox 357 1111 1105 1160; baseline -0.005 -12"><span class='ocrx_word' id='word_1_236' title='bbox 357 1121 388 1149; x_wconf 86' lang='lat' dir='ltr'>et</span> <span class='ocrx_word' id='word_1_237' title='bbox 409 1114 509 1158; x_wconf 79' lang='lat' dir='ltr'>cellis,</span> <span class='ocrx_word' id='word_1_238' title='bbox 533 1125 614 1160; x_wconf 90' lang='lat' dir='ltr'>quae</span> <span class='ocrx_word' id='word_1_239' title='bbox 635 1113 703 1147; x_wconf 90' lang='lat' dir='ltr'>sine</span> <span class='ocrx_word' id='word_1_240' title='bbox 727 1112 854 1160; x_wconf 90' lang='lat' dir='ltr'>proprio</span> <span class='ocrx_word' id='word_1_241' title='bbox 875 1111 987 1146; x_wconf 77' lang='lat' dir='ltr'>abbate</span> <span class='ocrx_word' id='word_1_242' title='bbox 1003 1118 1105 1145; x_wconf 87' lang='lat' dir='ltr'>vestro</span> 
     </span>
     <span class='ocr_line' id='line_1_56' title="bbox 358 1159 1107 1210; baseline -0.007 -12"><span class='ocrx_word' id='word_1_243' title='bbox 358 1163 500 1210; x_wconf 79' lang='lat' dir='ltr'>regimini</span> <span class='ocrx_word' id='word_1_244' title='bbox 537 1163 695 1197; x_wconf 90' lang='lat' dir='ltr'>subiectae</span> <span class='ocrx_word' id='word_1_245' title='bbox 733 1169 826 1205; x_wconf 67' lang='lat' dir='ltr'>sunt,</span> <span class='ocrx_word' id='word_1_246' title='bbox 862 1160 967 1195; x_wconf 93' lang='lat' dir='ltr'>nullus</span> <span class='ocrx_word' id='word_1_247' title='bbox 994 1159 1107 1194; x_wconf 88' lang='lat' dir='ltr'>futuris</span> 
     </span>
     <span class='ocr_line' id='line_1_57' title="bbox 358 1209 1106 1260; baseline -0.004 -13"><span class='ocrx_word' id='word_1_248' title='bbox 358 1225 496 1260; x_wconf 86' lang='lat' dir='ltr'>unquam</span> <span class='ocrx_word' id='word_1_249' title='bbox 537 1211 735 1259; x_wconf 84' lang='lat' dir='ltr'>temporibus</span> <span class='ocrx_word' id='word_1_250' title='bbox 776 1211 919 1245; x_wconf 83' lang='lat' dir='ltr'>abbatem</span> <span class='ocrx_word' id='word_1_251' title='bbox 960 1209 1106 1244; x_wconf 89' lang='lat' dir='ltr'>ordinare</span> 
     </span>
     <span class='ocr_line' id='line_1_58' title="bbox 358 1259 1107 1310; baseline -0.007 -13"><span class='ocrx_word' id='word_1_252' title='bbox 358 1270 554 1310; x_wconf 86' lang='lat' dir='ltr'>praesumat;</span> <span class='ocrx_word' id='word_1_253' title='bbox 576 1261 630 1296; x_wconf 91' lang='lat' dir='ltr'>sed</span> <span class='ocrx_word' id='word_1_254' title='bbox 655 1269 715 1296; x_wconf 79' lang='lat' dir='ltr'>tani</span> <span class='ocrx_word' id='word_1_255' title='bbox 740 1261 897 1308; x_wconf 83' lang='lat' dir='ltr'>prioratus</span> <span class='ocrx_word' id='word_1_256' title='bbox 913 1260 969 1305; x_wconf 81' lang='lat' dir='ltr'>ipsi</span> <span class='ocrx_word' id='word_1_257' title='bbox 994 1268 1022 1293; x_wconf 84' lang='lat' dir='ltr'>et</span> <span class='ocrx_word' id='word_1_258' title='bbox 1042 1259 1107 1293; x_wconf 85' lang='lat' dir='ltr'>cel-</span> 
     </span>
     <span class='ocr_line' id='line_1_59' title="bbox 358 1308 1108 1359; baseline -0.007 -13"><span class='ocrx_word' id='word_1_259' title='bbox 358 1313 416 1352; x_wconf 81' lang='lat' dir='ltr'>lae,</span> <span class='ocrx_word' id='word_1_260' title='bbox 443 1324 537 1359; x_wconf 87' lang='lat' dir='ltr'>quam</span> <span class='ocrx_word' id='word_1_261' title='bbox 560 1319 590 1346; x_wconf 90' lang='lat' dir='ltr'>et</span> <span class='ocrx_word' id='word_1_262' title='bbox 612 1318 733 1345; x_wconf 88' lang='lat' dir='ltr'>caetera</span> <span class='ocrx_word' id='word_1_263' title='bbox 757 1310 785 1343; x_wconf 93' lang='lat' dir='ltr'>in</span> <span class='ocrx_word' id='word_1_264' title='bbox 811 1308 1008 1356; x_wconf 69' lang='lat' dir='ltr'>quibuslibet</span> <span class='ocrx_word' id='word_1_265' title='bbox 1031 1308 1108 1342; x_wconf 86' lang='lat' dir='ltr'>locis</span> 
     </span>
     <span class='ocr_line' id='line_1_60' title="bbox 358 1357 1107 1408; baseline -0.007 -12"><span class='ocrx_word' id='word_1_266' title='bbox 358 1362 462 1396; x_wconf 88' lang='lat' dir='ltr'>omnia</span> <span class='ocrx_word' id='word_1_267' title='bbox 491 1360 607 1408; x_wconf 91' lang='lat' dir='ltr'>quibus</span> <span class='ocrx_word' id='word_1_268' title='bbox 634 1360 856 1394; x_wconf 88' lang='lat' dir='ltr'>Cluniacensis</span> <span class='ocrx_word' id='word_1_269' title='bbox 878 1358 1018 1392; x_wconf 80' lang='lat' dir='ltr'>Ecclesia</span> <span class='ocrx_word' id='word_1_270' title='bbox 1049 1357 1107 1391; x_wconf 67' lang='lat' dir='ltr'>Ar-</span> 
     </span>
     <span class='ocr_line' id='line_1_61' title="bbox 359 1407 1106 1456; baseline -0.005 -12"><span class='ocrx_word' id='word_1_271' title='bbox 359 1411 521 1446; x_wconf 77' lang='lat' dir='ltr'>vernensis</span> <span class='ocrx_word' id='word_1_272' title='bbox 548 1410 684 1449; x_wconf 77' lang='lat' dir='ltr'>concilii,</span> <span class='ocrx_word' id='word_1_273' title='bbox 712 1408 795 1456; x_wconf 88' lang='lat' dir='ltr'>quod</span> <span class='ocrx_word' id='word_1_274' title='bbox 821 1421 874 1454; x_wconf 78' lang='lat' dir='ltr'>per</span> <span class='ocrx_word' id='word_1_275' title='bbox 892 1407 1106 1453; x_wconf 86' lang='lat' dir='ltr'>supradictum</span> 
     </span>
     <span class='ocr_line' id='line_1_62' title="bbox 359 1458 1109 1507; baseline -0.007 -12"><span class='ocrx_word' id='word_1_276' title='bbox 359 1460 476 1507; x_wconf 80' lang='lat' dir='ltr'>Papam</span> <span class='ocrx_word' id='word_1_277' title='bbox 504 1459 668 1494; x_wconf 87' lang='lat' dir='ltr'>Urbanum</span> <span class='ocrx_word' id='word_1_278' title='bbox 682 1458 873 1493; x_wconf 87' lang='lat' dir='ltr'>celebratum</span> <span class='ocrx_word' id='word_1_279' title='bbox 889 1464 947 1495; x_wconf 75' lang='lat' dir='ltr'>est,</span> <span class='ocrx_word' id='word_1_280' title='bbox 969 1466 1109 1503; x_wconf 81' lang='lat' dir='ltr'>tempore</span> 
     </span>
     <span class='ocr_line' id='line_1_63' title="bbox 360 1506 1110 1554; baseline -0.007 -10"><span class='ocrx_word' id='word_1_281' title='bbox 360 1510 504 1544; x_wconf 73' lang='lat' dir='ltr'>investita</span> <span class='ocrx_word' id='word_1_282' title='bbox 532 1517 608 1549; x_wconf 67' lang='lat' dir='ltr'>crat,</span> <span class='ocrx_word' id='word_1_283' title='bbox 624 1509 663 1542; x_wconf 90' lang='lat' dir='ltr'>de</span> <span class='ocrx_word' id='word_1_284' title='bbox 684 1508 799 1554; x_wconf 88' lang='lat' dir='ltr'>quibus</span> <span class='ocrx_word' id='word_1_285' title='bbox 817 1515 891 1541; x_wconf 92' lang='lat' dir='ltr'>tunc</span> <span class='ocrx_word' id='word_1_286' title='bbox 914 1506 996 1540; x_wconf 89' lang='lat' dir='ltr'>nulla</span> <span class='ocrx_word' id='word_1_287' title='bbox 1011 1518 1110 1553; x_wconf 83' lang='lat' dir='ltr'>quae-</span> 
     </span>
     <span class='ocr_line' id='line_1_64' title="bbox 360 1555 1110 1603; baseline -0.005 -10"><span class='ocrx_word' id='word_1_288' title='bbox 360 1561 420 1593; x_wconf 91' lang='lat' dir='ltr'>stio</span> <span class='ocrx_word' id='word_1_289' title='bbox 443 1567 525 1593; x_wconf 90' lang='lat' dir='ltr'>mota</span> <span class='ocrx_word' id='word_1_290' title='bbox 548 1567 605 1599; x_wconf 80' lang='lat' dir='ltr'>est,</span> <span class='ocrx_word' id='word_1_291' title='bbox 633 1566 694 1592; x_wconf 80' lang='lat' dir='ltr'>tarn</span> <span class='ocrx_word' id='word_1_292' title='bbox 718 1557 772 1591; x_wconf 92' lang='lat' dir='ltr'>tibi</span> <span class='ocrx_word' id='word_1_293' title='bbox 796 1568 889 1603; x_wconf 88' lang='lat' dir='ltr'>quam</span> <span class='ocrx_word' id='word_1_294' title='bbox 918 1555 1110 1590; x_wconf 88' lang='lat' dir='ltr'>successori-</span> 
     </span>
     <span class='ocr_line' id='line_1_65' title="bbox 361 1605 1110 1654; baseline -0.007 -12"><span class='ocrx_word' id='word_1_295' title='bbox 361 1608 419 1643; x_wconf 86' lang='lat' dir='ltr'>bus</span> <span class='ocrx_word' id='word_1_296' title='bbox 441 1608 502 1642; x_wconf 87' lang='lat' dir='ltr'>tuis</span> <span class='ocrx_word' id='word_1_297' title='bbox 532 1608 562 1642; x_wconf 90' lang='lat' dir='ltr'>in</span> <span class='ocrx_word' id='word_1_298' title='bbox 592 1619 667 1654; x_wconf 91' lang='lat' dir='ltr'>pace</span> <span class='ocrx_word' id='word_1_299' title='bbox 695 1618 823 1653; x_wconf 78' lang='lat' dir='ltr'>semper</span> <span class='ocrx_word' id='word_1_300' title='bbox 849 1613 879 1639; x_wconf 87' lang='lat' dir='ltr'>et</span> <span class='ocrx_word' id='word_1_301' title='bbox 908 1605 1013 1651; x_wconf 86' lang='lat' dir='ltr'>quiete</span> <span class='ocrx_word' id='word_1_302' title='bbox 1041 1616 1110 1638; x_wconf 81' lang='lat' dir='ltr'>ser-</span> 
     </span>
     <span class='ocr_line' id='line_1_66' title="bbox 363 1653 1110 1692; baseline -0.004 -2"><span class='ocrx_word' id='word_1_303' title='bbox 363 1666 482 1692; x_wconf 78' lang='lat' dir='ltr'>ventur.</span> <span class='ocrx_word' id='word_1_304' title='bbox 521 1657 580 1691; x_wconf 83' lang='lat' dir='ltr'>Pro</span> <span class='ocrx_word' id='word_1_305' title='bbox 614 1655 762 1690; x_wconf 87' lang='lat' dir='ltr'>altaribus</span> <span class='ocrx_word' id='word_1_306' title='bbox 797 1662 826 1689; x_wconf 89' lang='lat' dir='ltr'>et</span> <span class='ocrx_word' id='word_1_307' title='bbox 865 1654 1008 1689; x_wconf 79' lang='lat' dir='ltr'>ecclesiis</span> <span class='ocrx_word' id='word_1_308' title='bbox 1046 1653 1110 1687; x_wconf 79' lang='lat' dir='ltr'>sive</span> 
     </span>
     <span class='ocr_line' id='line_1_67' title="bbox 362 1703 1111 1752; baseline -0.005 -11"><span class='ocrx_word' id='word_1_309' title='bbox 362 1707 492 1742; x_wconf 85' lang='lat' dir='ltr'>decimis</span> <span class='ocrx_word' id='word_1_310' title='bbox 512 1706 633 1749; x_wconf 69' lang='lat' dir='ltr'>vestris,</span> <span class='ocrx_word' id='word_1_311' title='bbox 650 1705 725 1739; x_wconf 91' lang='lat' dir='ltr'>nulli</span> <span class='ocrx_word' id='word_1_312' title='bbox 744 1704 964 1752; x_wconf 77' lang='lat' dir='ltr'>cpiscoporum</span> <span class='ocrx_word' id='word_1_313' title='bbox 981 1703 1111 1737; x_wconf 70' lang='lat' dir='ltr'>facultas</span> 
     </span>
     <span class='ocr_line' id='line_1_68' title="bbox 361 1752 1112 1802; baseline -0.008 -11"><span class='ocrx_word' id='word_1_314' title='bbox 361 1757 411 1797; x_wconf 71' lang='lat' dir='ltr'>sit,</span> <span class='ocrx_word' id='word_1_315' title='bbox 426 1768 592 1802; x_wconf 84' lang='lat' dir='ltr'>gravamen</span> <span class='ocrx_word' id='word_1_316' title='bbox 616 1754 740 1802; x_wconf 86' lang='lat' dir='ltr'>aliquod</span> <span class='ocrx_word' id='word_1_317' title='bbox 766 1753 865 1797; x_wconf 78' lang='lat' dir='ltr'>vobis,</span> <span class='ocrx_word' id='word_1_318' title='bbox 881 1760 933 1787; x_wconf 85' lang='lat' dir='ltr'>aut</span> <span class='ocrx_word' id='word_1_319' title='bbox 952 1752 1112 1786; x_wconf 81' lang='lat' dir='ltr'>molestias</span> 
     </span>
     <span class='ocr_line' id='line_1_69' title="bbox 364 1802 1112 1851; baseline -0.007 -11"><span class='ocrx_word' id='word_1_320' title='bbox 364 1806 520 1851; x_wconf 75' lang='lat' dir='ltr'>irrogare;</span> <span class='ocrx_word' id='word_1_321' title='bbox 548 1804 601 1839; x_wconf 89' lang='lat' dir='ltr'>sed</span> <span class='ocrx_word' id='word_1_322' title='bbox 637 1804 718 1839; x_wconf 87' lang='lat' dir='ltr'>sicut</span> <span class='ocrx_word' id='word_1_323' title='bbox 753 1815 861 1837; x_wconf 89' lang='lat' dir='ltr'>eorum</span> <span class='ocrx_word' id='word_1_324' title='bbox 902 1802 1112 1849; x_wconf 84' lang='lat' dir='ltr'>permissione</span> 
     </span>
     <span class='ocr_line' id='line_1_70' title="bbox 362 1851 1112 1902; baseline -0.007 -13"><span class='ocrx_word' id='word_1_325' title='bbox 362 1855 516 1902; x_wconf 80' lang='lat' dir='ltr'>quaedam</span> <span class='ocrx_word' id='word_1_326' title='bbox 544 1867 580 1889; x_wconf 80' lang='lat' dir='ltr'>ex</span> <span class='ocrx_word' id='word_1_327' title='bbox 610 1862 706 1901; x_wconf 77' lang='lat' dir='ltr'>parte,</span> <span class='ocrx_word' id='word_1_328' title='bbox 741 1852 893 1900; x_wconf 86' lang='lat' dir='ltr'>quaedam</span> <span class='ocrx_word' id='word_1_329' title='bbox 922 1863 958 1886; x_wconf 79' lang='lat' dir='ltr'>ex</span> <span class='ocrx_word' id='word_1_330' title='bbox 991 1851 1112 1896; x_wconf 79' lang='lat' dir='ltr'>integro</span> 
     </span>
     <span class='ocr_line' id='line_1_71' title="bbox 364 1900 1111 1944; baseline -0.007 -6"><span class='ocrx_word' id='word_1_331' title='bbox 364 1904 536 1944; x_wconf 74' lang='lat' dir='ltr'>habuistis,</span> <span class='ocrx_word' id='word_1_332' title='bbox 573 1904 612 1937; x_wconf 88' lang='lat' dir='ltr'>ita</span> <span class='ocrx_word' id='word_1_333' title='bbox 653 1910 683 1937; x_wconf 86' lang='lat' dir='ltr'>et</span> <span class='ocrx_word' id='word_1_334' title='bbox 717 1902 746 1936; x_wconf 91' lang='lat' dir='ltr'>in</span> <span class='ocrx_word' id='word_1_335' title='bbox 785 1902 922 1936; x_wconf 85' lang='lat' dir='ltr'>futurum</span> <span class='ocrx_word' id='word_1_336' title='bbox 962 1900 1111 1935; x_wconf 83' lang='lat' dir='ltr'>babeatis.</span> 
     </span>
     <span class='ocr_line' id='line_1_72' title="bbox 364 1950 1114 1997; baseline -0.007 -9"><span class='ocrx_word' id='word_1_337' title='bbox 364 1954 576 1988; x_wconf 83' lang='lat' dir='ltr'>Ecclesiarum</span> <span class='ocrx_word' id='word_1_338' title='bbox 609 1961 781 1987; x_wconf 75' lang='lat' dir='ltr'>vestrarum</span> <span class='ocrx_word' id='word_1_339' title='bbox 817 1950 968 1994; x_wconf 75' lang='lat' dir='ltr'>decimas,</span> <span class='ocrx_word' id='word_1_340' title='bbox 995 1962 1076 1997; x_wconf 90' lang='lat' dir='ltr'>quae</span> <span class='ocrx_word' id='word_1_341' title='bbox 1098 1961 1114 1983; x_wconf 86' lang='lat' dir='ltr'>a</span> 
     </span>
     <span class='ocr_line' id='line_1_73' title="bbox 366 1999 1115 2041; baseline -0.007 -4"><span class='ocrx_word' id='word_1_342' title='bbox 366 2003 454 2038; x_wconf 86' lang='lat' dir='ltr'>laicis</span> <span class='ocrx_word' id='word_1_343' title='bbox 476 2003 669 2041; x_wconf 73' lang='lat' dir='ltr'>obtinentur,</span> <span class='ocrx_word' id='word_1_344' title='bbox 693 2001 717 2035; x_wconf 90' lang='lat' dir='ltr'>si</span> <span class='ocrx_word' id='word_1_345' title='bbox 741 2000 916 2035; x_wconf 88' lang='lat' dir='ltr'>secundum</span> <span class='ocrx_word' id='word_1_346' title='bbox 940 1999 1041 2034; x_wconf 89' lang='lat' dir='ltr'>Deum</span> <span class='ocrx_word' id='word_1_347' title='bbox 1066 2011 1115 2033; x_wconf 90' lang='lat' dir='ltr'>eo—</span> 
     </span>
     <span class='ocr_line' id='line_1_74' title="bbox 367 2048 1116 2100; baseline -0.007 -14"><span class='ocrx_word' id='word_1_348' title='bbox 367 2066 433 2087; x_wconf 81' lang='lat' dir='ltr'>runi</span> <span class='ocrx_word' id='word_1_349' title='bbox 452 2052 594 2100; x_wconf 75' lang='lat' dir='ltr'>potestati</span> <span class='ocrx_word' id='word_1_350' title='bbox 614 2050 798 2085; x_wconf 82' lang='lat' dir='ltr'>subtrahere</span> <span class='ocrx_word' id='word_1_351' title='bbox 814 2057 933 2084; x_wconf 82' lang='lat' dir='ltr'>vestrae</span> <span class='ocrx_word' id='word_1_352' title='bbox 956 2048 1116 2095; x_wconf 77' lang='lat' dir='ltr'>religionis</span> 
     </span>
     <span class='ocr_line' id='line_1_75' title="bbox 367 2099 1116 2148; baseline -0.005 -12"><span class='ocrx_word' id='word_1_353' title='bbox 367 2102 537 2136; x_wconf 80' lang='lat' dir='ltr'>reverentia</span> <span class='ocrx_word' id='word_1_354' title='bbox 565 2102 688 2148; x_wconf 74' lang='lat' dir='ltr'>poterit,</span> <span class='ocrx_word' id='word_1_355' title='bbox 716 2099 753 2134; x_wconf 90' lang='lat' dir='ltr'>ad</span> <span class='ocrx_word' id='word_1_356' title='bbox 782 2107 915 2133; x_wconf 81' lang='lat' dir='ltr'>vestram</span> <span class='ocrx_word' id='word_1_357' title='bbox 938 2107 968 2132; x_wconf 87' lang='lat' dir='ltr'>et</span> <span class='ocrx_word' id='word_1_358' title='bbox 996 2109 1116 2145; x_wconf 80' lang='lat' dir='ltr'>paupe-</span> 
     </span>
     <span class='ocr_line' id='line_1_76' title="bbox 367 2146 1115 2197; baseline -0.007 -12"><span class='ocrx_word' id='word_1_359' title='bbox 367 2164 434 2185; x_wconf 90' lang='lat' dir='ltr'>rum</span> <span class='ocrx_word' id='word_1_360' title='bbox 457 2150 718 2197; x_wconf 71' lang='lat' dir='ltr'>gubernationem</span> <span class='ocrx_word' id='word_1_361' title='bbox 737 2148 928 2183; x_wconf 68' lang='lat' dir='ltr'>voliisliceat</span> <span class='ocrx_word' id='word_1_362' title='bbox 945 2146 1115 2194; x_wconf 84' lang='lat' dir='ltr'>possidere.</span> 
     </span>
     <span class='ocr_line' id='line_1_77' title="bbox 370 2196 1117 2243; baseline -0.007 -9"><span class='ocrx_word' id='word_1_363' title='bbox 370 2200 513 2235; x_wconf 70' lang='lat' dir='ltr'>Decimus</span> <span class='ocrx_word' id='word_1_364' title='bbox 535 2200 675 2234; x_wconf 88' lang='lat' dir='ltr'>laborum</span> <span class='ocrx_word' id='word_1_365' title='bbox 701 2206 889 2237; x_wconf 79' lang='lat' dir='ltr'>vestrorum,</span> <span class='ocrx_word' id='word_1_366' title='bbox 924 2209 979 2243; x_wconf 90' lang='lat' dir='ltr'>pro</span> <span class='ocrx_word' id='word_1_367' title='bbox 1001 2196 1117 2243; x_wconf 87' lang='lat' dir='ltr'>quibus</span> 
     </span>
     <span class='ocr_line' id='line_1_78' title="bbox 370 2245 1118 2296; baseline -0.008 -12"><span class='ocrx_word' id='word_1_368' title='bbox 370 2259 430 2284; x_wconf 89' lang='lat' dir='ltr'>tam</span> <span class='ocrx_word' id='word_1_369' title='bbox 460 2262 513 2284; x_wconf 79' lang='lat' dir='ltr'>vos</span> <span class='ocrx_word' id='word_1_370' title='bbox 536 2261 629 2296; x_wconf 85' lang='lat' dir='ltr'>quain</span> <span class='ocrx_word' id='word_1_371' title='bbox 652 2248 730 2283; x_wconf 89' lang='lat' dir='ltr'>alios</span> <span class='ocrx_word' id='word_1_372' title='bbox 754 2247 943 2282; x_wconf 76' lang='lat' dir='ltr'>monasticae</span> <span class='ocrx_word' id='word_1_373' title='bbox 959 2245 1118 2291; x_wconf 81' lang='lat' dir='ltr'>religionis</span> 
     </span>
     <span class='ocr_line' id='line_1_79' title="bbox 370 2297 1117 2346; baseline -0.005 -14"><span class='ocrx_word' id='word_1_374' title='bbox 370 2300 450 2334; x_wconf 88' lang='lat' dir='ltr'>viros</span> <span class='ocrx_word' id='word_1_375' title='bbox 478 2299 651 2346; x_wconf 84' lang='lat' dir='ltr'>inquietare</span> <span class='ocrx_word' id='word_1_376' title='bbox 687 2297 826 2344; x_wconf 78' lang='lat' dir='ltr'>episcopi</span> <span class='ocrx_word' id='word_1_377' title='bbox 864 2302 1117 2335; x_wconf 76' lang='lat' dir='ltr'>consueverunt,</span> 
     </span>
     <span class='ocr_line' id='line_1_80' title="bbox 369 2345 1118 2393; baseline -0.007 -11"><span class='ocrx_word' id='word_1_378' title='bbox 369 2348 493 2382; x_wconf 84' lang='lat' dir='ltr'>illorum</span> <span class='ocrx_word' id='word_1_379' title='bbox 510 2348 666 2391; x_wconf 76' lang='lat' dir='ltr'>videlicet,</span> <span class='ocrx_word' id='word_1_380' title='bbox 693 2358 773 2393; x_wconf 91' lang='lat' dir='ltr'>quos</span> <span class='ocrx_word' id='word_1_381' title='bbox 796 2345 1041 2380; x_wconf 87' lang='lat' dir='ltr'>dominicaturas</span> <span class='ocrx_word' id='word_1_382' title='bbox 1063 2356 1118 2389; x_wconf 89' lang='lat' dir='ltr'>ap-</span> 
     </span>
     <span class='ocr_line' id='line_1_81' title="bbox 370 2393 1119 2444; baseline -0.005 -13"><span class='ocrx_word' id='word_1_383' title='bbox 370 2397 499 2444; x_wconf 71' lang='lat' dir='ltr'>pellant,</span> <span class='ocrx_word' id='word_1_384' title='bbox 522 2397 576 2444; x_wconf 88' lang='lat' dir='ltr'>qui</span> <span class='ocrx_word' id='word_1_385' title='bbox 604 2404 705 2431; x_wconf 84' lang='lat' dir='ltr'>vestro</span> <span class='ocrx_word' id='word_1_386' title='bbox 729 2402 857 2442; x_wconf 86' lang='lat' dir='ltr'>sumptu</span> <span class='ocrx_word' id='word_1_387' title='bbox 880 2406 895 2428; x_wconf 88' lang='lat' dir='ltr'>a</span> <span class='ocrx_word' id='word_1_388' title='bbox 918 2393 1119 2428; x_wconf 86' lang='lat' dir='ltr'>monasteriis</span> 
     </span>
     <span class='ocr_line' id='line_1_82' title="bbox 371 2441 1120 2481; baseline -0.008 0"><span class='ocrx_word' id='word_1_389' title='bbox 371 2454 402 2481; x_wconf 91' lang='lat' dir='ltr'>et</span> <span class='ocrx_word' id='word_1_390' title='bbox 428 2447 574 2481; x_wconf 86' lang='lat' dir='ltr'>cellarum</span> <span class='ocrx_word' id='word_1_391' title='bbox 612 2453 783 2480; x_wconf 86' lang='lat' dir='ltr'>vestrarum</span> <span class='ocrx_word' id='word_1_392' title='bbox 815 2443 984 2479; x_wconf 86' lang='lat' dir='ltr'>clientibus</span> <span class='ocrx_word' id='word_1_393' title='bbox 1014 2441 1120 2477; x_wconf 86' lang='lat' dir='ltr'>excol-</span> 
     </span>
     <span class='ocr_line' id='line_1_83' title="bbox 372 2491 1120 2541; baseline -0.007 -12"><span class='ocrx_word' id='word_1_394' title='bbox 372 2496 498 2537; x_wconf 71' lang='lat' dir='ltr'>luntur‚</span> <span class='ocrx_word' id='word_1_395' title='bbox 533 2495 601 2529; x_wconf 84' lang='lat' dir='ltr'>sine</span> <span class='ocrx_word' id='word_1_396' title='bbox 632 2495 718 2529; x_wconf 89' lang='lat' dir='ltr'>omni</span> <span class='ocrx_word' id='word_1_397' title='bbox 747 2494 966 2541; x_wconf 81' lang='lat' dir='ltr'>episcoporum</span> <span class='ocrx_word' id='word_1_398' title='bbox 995 2498 1026 2526; x_wconf 82' lang='lat' dir='ltr'>et</span> <span class='ocrx_word' id='word_1_399' title='bbox 1053 2491 1120 2538; x_wconf 85' lang='lat' dir='ltr'>epi-</span> 
     </span>
     <span class='ocr_line' id='line_1_84' title="bbox 373 2541 1120 2591; baseline -0.004 -12"><span class='ocrx_word' id='word_1_400' title='bbox 373 2544 545 2591; x_wconf 85' lang='lat' dir='ltr'>scopalium</span> <span class='ocrx_word' id='word_1_401' title='bbox 595 2544 807 2578; x_wconf 86' lang='lat' dir='ltr'>ministrorum</span> <span class='ocrx_word' id='word_1_402' title='bbox 850 2541 1097 2577; x_wconf 84' lang='lat' dir='ltr'>contradictione</span> <span class='ocrx_word' id='word_1_403' title='bbox 1113 2567 1120 2576; x_wconf 78' lang='grc'>,</span> 
     </span>
    </p>
   </div>
   <div class='ocr_carea' id='block_1_16' title="bbox 1124 845 1144 2582">
    <p class='ocr_par' dir='ltr' id='par_1_19' title="bbox 1124 845 1144 2582">
     <span class='ocr_line' id='line_1_85' title="bbox 1124 845 1144 2582; baseline 0 0"><span class='ocrx_word' id='word_1_404' title='bbox 1124 845 1144 2582; x_wconf 95' lang='lat' dir='ltr'> </span> 
     </span>
    </p>
   </div>
   <div class='ocr_carea' id='block_1_17' title="bbox 1146 913 1936 2576">
    <p class='ocr_par' dir='ltr' id='par_1_20' title="bbox 1146 913 1936 2576">
     <span class='ocr_line' id='line_1_86' title="bbox 1147 913 1894 961; baseline 0.001 -14"><span class='ocrx_word' id='word_1_405' title='bbox 1147 914 1319 953; x_wconf 78' lang='lat' dir='ltr'>noluerint,</span> <span class='ocrx_word' id='word_1_406' title='bbox 1343 921 1416 948; x_wconf 89' lang='lat' dir='ltr'>tunc</span> <span class='ocrx_word' id='word_1_407' title='bbox 1441 913 1610 961; x_wconf 81' lang='lat' dir='ltr'>presbyteri</span> <span class='ocrx_word' id='word_1_408' title='bbox 1634 926 1671 948; x_wconf 88' lang='lat' dir='ltr'>ex</span> <span class='ocrx_word' id='word_1_409' title='bbox 1694 913 1894 961; x_wconf 81' lang='lat' dir='ltr'>Apostolieae</span> 
     </span>
     <span class='ocr_line' id='line_1_87' title="bbox 1146 966 1895 1013; baseline 0.003 -13"><span class='ocrx_word' id='word_1_410' title='bbox 1146 966 1240 1001; x_wconf 82' lang='lat' dir='ltr'>Sedis</span> <span class='ocrx_word' id='word_1_411' title='bbox 1261 966 1451 1013; x_wconf 73' lang='lat' dir='ltr'>benignitate</span> <span class='ocrx_word' id='word_1_412' title='bbox 1478 967 1576 1002; x_wconf 82' lang='lat' dir='ltr'>officia</span> <span class='ocrx_word' id='word_1_413' title='bbox 1596 967 1773 1003; x_wconf 84' lang='lat' dir='ltr'>celebrandi</span> <span class='ocrx_word' id='word_1_414' title='bbox 1796 967 1895 1002; x_wconf 84' lang='lat' dir='ltr'>licen-</span> 
     </span>
     <span class='ocr_line' id='line_1_88' title="bbox 1147 1020 1894 1067; baseline 0.003 -14"><span class='ocrx_word' id='word_1_415' title='bbox 1147 1020 1219 1053; x_wconf 84' lang='lat' dir='ltr'>tiatn</span> <span class='ocrx_word' id='word_1_416' title='bbox 1248 1029 1490 1067; x_wconf 79' lang='lat' dir='ltr'>cousequantur.</span> <span class='ocrx_word' id='word_1_417' title='bbox 1514 1021 1724 1056; x_wconf 87' lang='lat' dir='ltr'>Ecclesiarum</span> <span class='ocrx_word' id='word_1_418' title='bbox 1741 1033 1825 1062; x_wconf 80' lang='lat' dir='ltr'>vero,</span> <span class='ocrx_word' id='word_1_419' title='bbox 1840 1034 1894 1055; x_wconf 87' lang='lat' dir='ltr'>seu</span> 
     </span>
     <span class='ocr_line' id='line_1_89' title="bbox 1146 1074 1897 1122; baseline 0 -14"><span class='ocrx_word' id='word_1_420' title='bbox 1146 1074 1289 1108; x_wconf 88' lang='lat' dir='ltr'>altarium</span> <span class='ocrx_word' id='word_1_421' title='bbox 1307 1076 1570 1116; x_wconf 79' lang='lat' dir='ltr'>consecrationes,</span> <span class='ocrx_word' id='word_1_422' title='bbox 1585 1075 1611 1110; x_wconf 90' lang='lat' dir='ltr'>si</span> <span class='ocrx_word' id='word_1_423' title='bbox 1633 1075 1810 1110; x_wconf 86' lang='lat' dir='ltr'>dioecesani</span> <span class='ocrx_word' id='word_1_424' title='bbox 1825 1075 1897 1122; x_wconf 86' lang='lat' dir='ltr'>epi-</span> 
     </span>
     <span class='ocr_line' id='line_1_90' title="bbox 1146 1129 1897 1176; baseline 0.001 -14"><span class='ocrx_word' id='word_1_425' title='bbox 1146 1129 1233 1175; x_wconf 80' lang='lat' dir='ltr'>scopi</span> <span class='ocrx_word' id='word_1_426' title='bbox 1248 1129 1345 1175; x_wconf 76' lang='lat' dir='ltr'>gratis</span> <span class='ocrx_word' id='word_1_427' title='bbox 1367 1129 1525 1163; x_wconf 83' lang='lat' dir='ltr'>noluerint</span> <span class='ocrx_word' id='word_1_428' title='bbox 1546 1129 1711 1168; x_wconf 72' lang='lat' dir='ltr'>exhibere,</span> <span class='ocrx_word' id='word_1_429' title='bbox 1725 1141 1741 1163; x_wconf 85' lang='lat' dir='ltr'>a</span> <span class='ocrx_word' id='word_1_430' title='bbox 1757 1129 1897 1176; x_wconf 82' lang='lat' dir='ltr'>quolibet</span> 
     </span>
     <span class='ocr_line' id='line_1_91' title="bbox 1147 1183 1897 1230; baseline -0.001 -12"><span class='ocrx_word' id='word_1_431' title='bbox 1147 1184 1302 1218; x_wconf 76' lang='lat' dir='ltr'>catholico</span> <span class='ocrx_word' id='word_1_432' title='bbox 1329 1184 1509 1230; x_wconf 83' lang='lat' dir='ltr'>suscipiatis</span> <span class='ocrx_word' id='word_1_433' title='bbox 1532 1185 1693 1230; x_wconf 88' lang='lat' dir='ltr'>episcopo.</span> <span class='ocrx_word' id='word_1_434' title='bbox 1718 1184 1783 1218; x_wconf 86' lang='lat' dir='ltr'>Nec</span> <span class='ocrx_word' id='word_1_435' title='bbox 1801 1183 1897 1218; x_wconf 84' lang='lat' dir='ltr'>cella-</span> 
     </span>
     <span class='ocr_line' id='line_1_92' title="bbox 1149 1237 1897 1284; baseline 0 -13"><span class='ocrx_word' id='word_1_436' title='bbox 1149 1250 1216 1271; x_wconf 90' lang='lat' dir='ltr'>rum</span> <span class='ocrx_word' id='word_1_437' title='bbox 1241 1246 1412 1272; x_wconf 79' lang='lat' dir='ltr'>vestrarum</span> <span class='ocrx_word' id='word_1_438' title='bbox 1438 1238 1568 1272; x_wconf 86' lang='lat' dir='ltr'>ubilibet</span> <span class='ocrx_word' id='word_1_439' title='bbox 1592 1238 1762 1284; x_wconf 86' lang='lat' dir='ltr'>positarum</span> <span class='ocrx_word' id='word_1_440' title='bbox 1787 1237 1897 1272; x_wconf 84' lang='lat' dir='ltr'>fratres</span> 
     </span>
     <span class='ocr_line' id='line_1_93' title="bbox 1149 1292 1898 1338; baseline 0.001 -13"><span class='ocrx_word' id='word_1_441' title='bbox 1149 1304 1204 1338; x_wconf 91' lang='lat' dir='ltr'>pro</span> <span class='ocrx_word' id='word_1_442' title='bbox 1226 1292 1363 1338; x_wconf 86' lang='lat' dir='ltr'>qualibet</span> <span class='ocrx_word' id='word_1_443' title='bbox 1401 1292 1620 1327; x_wconf 87' lang='lat' dir='ltr'>interdictione</span> <span class='ocrx_word' id='word_1_444' title='bbox 1642 1292 1688 1326; x_wconf 83' lang='lat' dir='ltr'>vel</span> <span class='ocrx_word' id='word_1_445' title='bbox 1713 1304 1898 1326; x_wconf 83' lang='lat' dir='ltr'>excommu-</span> 
     </span>
     <span class='ocr_line' id='line_1_94' title="bbox 1150 1345 1900 1392; baseline 0.001 -13"><span class='ocrx_word' id='word_1_446' title='bbox 1150 1346 1306 1380; x_wconf 85' lang='lat' dir='ltr'>nicatione</span> <span class='ocrx_word' id='word_1_447' title='bbox 1325 1346 1502 1380; x_wconf 74' lang='lat' dir='ltr'>divinorum</span> <span class='ocrx_word' id='word_1_448' title='bbox 1520 1345 1693 1380; x_wconf 82' lang='lat' dir='ltr'>officiorum</span> <span class='ocrx_word' id='word_1_449' title='bbox 1717 1345 1900 1392; x_wconf 73' lang='lat' dir='ltr'>suspensio-</span> 
     </span>
     <span class='ocr_line' id='line_1_95' title="bbox 1150 1398 1899 1446; baseline 0 -14"><span class='ocrx_word' id='word_1_450' title='bbox 1150 1412 1219 1433; x_wconf 83' lang='lat' dir='ltr'>nein</span> <span class='ocrx_word' id='word_1_451' title='bbox 1251 1400 1426 1446; x_wconf 84' lang='lat' dir='ltr'>patiantui·;</span> <span class='ocrx_word' id='word_1_452' title='bbox 1471 1399 1523 1433; x_wconf 82' lang='lat' dir='ltr'>sed</span> <span class='ocrx_word' id='word_1_453' title='bbox 1560 1407 1622 1434; x_wconf 86' lang='lat' dir='ltr'>tam</span> <span class='ocrx_word' id='word_1_454' title='bbox 1659 1399 1803 1443; x_wconf 86' lang='lat' dir='ltr'>monachi</span> <span class='ocrx_word' id='word_1_455' title='bbox 1840 1398 1899 1446; x_wconf 88' lang='lat' dir='ltr'>ipsi</span> 
     </span>
     <span class='ocr_line' id='line_1_96' title="bbox 1149 1453 1900 1500; baseline -0.001 -12"><span class='ocrx_word' id='word_1_456' title='bbox 1149 1465 1242 1500; x_wconf 83' lang='lat' dir='ltr'>quam</span> <span class='ocrx_word' id='word_1_457' title='bbox 1271 1462 1301 1488; x_wconf 90' lang='lat' dir='ltr'>et</span> <span class='ocrx_word' id='word_1_458' title='bbox 1323 1453 1429 1487; x_wconf 83' lang='lat' dir='ltr'>famuli</span> <span class='ocrx_word' id='word_1_459' title='bbox 1458 1465 1579 1497; x_wconf 80' lang='lat' dir='ltr'>eorum,</span> <span class='ocrx_word' id='word_1_460' title='bbox 1599 1462 1628 1487; x_wconf 91' lang='lat' dir='ltr'>et</span> <span class='ocrx_word' id='word_1_461' title='bbox 1651 1453 1703 1500; x_wconf 93' lang='lat' dir='ltr'>qui</span> <span class='ocrx_word' id='word_1_462' title='bbox 1727 1466 1760 1488; x_wconf 89' lang='lat' dir='ltr'>se</span> <span class='ocrx_word' id='word_1_463' title='bbox 1789 1464 1900 1487; x_wconf 89' lang='lat' dir='ltr'>mona-</span> 
     </span>
     <span class='ocr_line' id='line_1_97' title="bbox 1150 1504 1901 1554; baseline 0.001 -13"><span class='ocrx_word' id='word_1_464' title='bbox 1150 1508 1245 1542; x_wconf 83' lang='lat' dir='ltr'>sticae</span> <span class='ocrx_word' id='word_1_465' title='bbox 1269 1507 1454 1554; x_wconf 86' lang='lat' dir='ltr'>professioni</span> <span class='ocrx_word' id='word_1_466' title='bbox 1479 1508 1682 1551; x_wconf 82' lang='lat' dir='ltr'>devoverunt,</span> <span class='ocrx_word' id='word_1_467' title='bbox 1709 1507 1824 1542; x_wconf 87' lang='lat' dir='ltr'>clausis</span> <span class='ocrx_word' id='word_1_468' title='bbox 1835 1504 1901 1542; x_wconf 74' lang='lat' dir='ltr'>&#39;ec-</span> 
     </span>
     <span class='ocr_line' id='line_1_98' title="bbox 1151 1561 1902 1605; baseline -0.001 -9"><span class='ocrx_word' id='word_1_469' title='bbox 1151 1562 1315 1596; x_wconf 82' lang='lat' dir='ltr'>elesiaruin</span> <span class='ocrx_word' id='word_1_470' title='bbox 1345 1561 1459 1605; x_wconf 76' lang='lat' dir='ltr'>ianuis,</span> <span class='ocrx_word' id='word_1_471' title='bbox 1488 1574 1549 1595; x_wconf 88' lang='lat' dir='ltr'>non</span> <span class='ocrx_word' id='word_1_472' title='bbox 1569 1561 1717 1596; x_wconf 86' lang='lat' dir='ltr'>admissis</span> <span class='ocrx_word' id='word_1_473' title='bbox 1744 1561 1902 1595; x_wconf 80' lang='lat' dir='ltr'>dioecesa-</span> 
     </span>
     <span class='ocr_line' id='line_1_99' title="bbox 1152 1614 1900 1660; baseline -0.001 -11"><span class='ocrx_word' id='word_1_474' title='bbox 1152 1615 1217 1660; x_wconf 76' lang='lat' dir='ltr'>nis,</span> <span class='ocrx_word' id='word_1_475' title='bbox 1252 1614 1375 1650; x_wconf 86' lang='lat' dir='ltr'>divinae</span> <span class='ocrx_word' id='word_1_476' title='bbox 1402 1616 1561 1650; x_wconf 82' lang='lat' dir='ltr'>servitutis</span> <span class='ocrx_word' id='word_1_477' title='bbox 1593 1615 1692 1650; x_wconf 84' lang='lat' dir='ltr'>officia</span> <span class='ocrx_word' id='word_1_478' title='bbox 1721 1614 1900 1656; x_wconf 81' lang='lat' dir='ltr'>celebrent,</span> 
     </span>
     <span class='ocr_line' id='line_1_100' title="bbox 1152 1668 1901 1716; baseline -0.001 -12"><span class='ocrx_word' id='word_1_479' title='bbox 1152 1678 1180 1704; x_wconf 78' lang='lat' dir='ltr'>et</span> <span class='ocrx_word' id='word_1_480' title='bbox 1202 1669 1383 1716; x_wconf 89' lang='lat' dir='ltr'>sepulturae</span> <span class='ocrx_word' id='word_1_481' title='bbox 1416 1669 1520 1704; x_wconf 87' lang='lat' dir='ltr'>debita</span> <span class='ocrx_word' id='word_1_482' title='bbox 1545 1677 1704 1716; x_wconf 82' lang='lat' dir='ltr'>peragant.</span> <span class='ocrx_word' id='word_1_483' title='bbox 1734 1668 1901 1703; x_wconf 79' lang='lat' dir='ltr'>Praeterea</span> 
     </span>
     <span class='ocr_line' id='line_1_101' title="bbox 1152 1723 1901 1770; baseline 0.001 -14"><span class='ocrx_word' id='word_1_484' title='bbox 1152 1736 1368 1770; x_wconf 79' lang='lat' dir='ltr'>quascumque</span> <span class='ocrx_word' id='word_1_485' title='bbox 1408 1723 1644 1770; x_wconf 64' lang='lat' dir='ltr'>possessiones,</span> <span class='ocrx_word' id='word_1_486' title='bbox 1682 1735 1901 1770; x_wconf 85' lang='lat' dir='ltr'>quaecumque</span> 
     </span>
     <span class='ocr_line' id='line_1_102' title="bbox 1153 1777 1900 1823; baseline -0.001 -12"><span class='ocrx_word' id='word_1_487' title='bbox 1153 1777 1234 1812; x_wconf 88' lang='lat' dir='ltr'>bona</span> <span class='ocrx_word' id='word_1_488' title='bbox 1258 1778 1340 1812; x_wconf 88' lang='lat' dir='ltr'>idem</span> <span class='ocrx_word' id='word_1_489' title='bbox 1364 1778 1591 1812; x_wconf 79' lang='lat' dir='ltr'>monasterium</span> <span class='ocrx_word' id='word_1_490' title='bbox 1608 1777 1900 1823; x_wconf 82' lang='lat' dir='ltr'>impraesentiarum</span> 
     </span>
     <span class='ocr_line' id='line_1_103' title="bbox 1154 1830 1901 1878; baseline -0.003 -12"><span class='ocrx_word' id='word_1_491' title='bbox 1154 1832 1234 1866; x_wconf 88' lang='lat' dir='ltr'>iuste</span> <span class='ocrx_word' id='word_1_492' title='bbox 1256 1840 1285 1866; x_wconf 87' lang='lat' dir='ltr'>et</span> <span class='ocrx_word' id='word_1_493' title='bbox 1300 1832 1451 1866; x_wconf 82' lang='lat' dir='ltr'>canonice</span> <span class='ocrx_word' id='word_1_494' title='bbox 1475 1831 1623 1878; x_wconf 70' lang='lat' dir='ltr'>possidet,</span> <span class='ocrx_word' id='word_1_495' title='bbox 1638 1840 1689 1865; x_wconf 88' lang='lat' dir='ltr'>aut</span> <span class='ocrx_word' id='word_1_496' title='bbox 1713 1831 1742 1864; x_wconf 88' lang='lat' dir='ltr'>in</span> <span class='ocrx_word' id='word_1_497' title='bbox 1763 1830 1901 1864; x_wconf 87' lang='lat' dir='ltr'>futurum</span> 
     </span>
     <span class='ocr_line' id='line_1_104' title="bbox 1154 1883 1901 1930; baseline -0.004 -10"><span class='ocrx_word' id='word_1_498' title='bbox 1154 1886 1357 1921; x_wconf 80' lang='lat' dir='ltr'>concessione</span> <span class='ocrx_word' id='word_1_499' title='bbox 1380 1885 1582 1925; x_wconf 76' lang='lat' dir='ltr'>Pontificum,</span> <span class='ocrx_word' id='word_1_500' title='bbox 1607 1883 1768 1930; x_wconf 81' lang='lat' dir='ltr'>largitione</span> <span class='ocrx_word' id='word_1_501' title='bbox 1791 1896 1901 1930; x_wconf 81' lang='lat' dir='ltr'>regum</span> 
     </span>
     <span class='ocr_line' id='line_1_105' title="bbox 1156 1937 1901 1986; baseline -0.003 -12"><span class='ocrx_word' id='word_1_502' title='bbox 1156 1940 1201 1975; x_wconf 83' lang='lat' dir='ltr'>vel</span> <span class='ocrx_word' id='word_1_503' title='bbox 1231 1940 1433 1986; x_wconf 71' lang='lat' dir='ltr'>principum,</span> <span class='ocrx_word' id='word_1_504' title='bbox 1465 1939 1625 1973; x_wconf 83' lang='lat' dir='ltr'>oblatione</span> <span class='ocrx_word' id='word_1_505' title='bbox 1657 1937 1818 1981; x_wconf 72' lang='lat' dir='ltr'>fidetium,</span> <span class='ocrx_word' id='word_1_506' title='bbox 1845 1950 1901 1972; x_wconf 88' lang='lat' dir='ltr'>seu</span> 
     </span>
     <span class='ocr_line' id='line_1_106' title="bbox 1155 1992 1936 2039; baseline -0.006 -9"><span class='ocrx_word' id='word_1_507' title='bbox 1155 1996 1223 2031; x_wconf 85' lang='lat' dir='ltr'>aliis</span> <span class='ocrx_word' id='word_1_508' title='bbox 1250 1994 1340 2029; x_wconf 89' lang='lat' dir='ltr'>iustis</span> <span class='ocrx_word' id='word_1_509' title='bbox 1374 1994 1487 2037; x_wconf 74' lang='lat' dir='ltr'>modis,</span> <span class='ocrx_word' id='word_1_510' title='bbox 1515 1992 1581 2027; x_wconf 85' lang='lat' dir='ltr'>Deo</span> <span class='ocrx_word' id='word_1_511' title='bbox 1609 1992 1762 2039; x_wconf 80' lang='lat' dir='ltr'>propitio,</span> <span class='ocrx_word' id='word_1_512' title='bbox 1791 1992 1906 2038; x_wconf 90' lang='lat' dir='ltr'>poterit</span> <span class='ocrx_word' id='word_1_513' title='bbox 1931 2000 1936 2006; x_wconf 93' lang='grc'><strong>”</strong></span> 
     </span>
     <span class='ocr_line' id='line_1_107' title="bbox 1156 2046 1905 2097; baseline -0.007 -12"><span class='ocrx_word' id='word_1_514' title='bbox 1156 2049 1300 2097; x_wconf 82' lang='lat' dir='ltr'>adipisci,</span> <span class='ocrx_word' id='word_1_515' title='bbox 1325 2048 1410 2082; x_wconf 80' lang='lat' dir='ltr'>sii-nia</span> <span class='ocrx_word' id='word_1_516' title='bbox 1440 2047 1493 2081; x_wconf 87' lang='lat' dir='ltr'>tibi</span> <span class='ocrx_word' id='word_1_517' title='bbox 1517 2047 1643 2094; x_wconf 91' lang='lat' dir='ltr'>tuisque</span> <span class='ocrx_word' id='word_1_518' title='bbox 1658 2046 1905 2090; x_wconf 85' lang='lat' dir='ltr'>successoribus,</span> 
     </span>
     <span class='ocr_line' id='line_1_108' title="bbox 1157 2100 1907 2148; baseline -0.005 -9"><span class='ocrx_word' id='word_1_519' title='bbox 1157 2112 1187 2139; x_wconf 88' lang='lat' dir='ltr'>et</span> <span class='ocrx_word' id='word_1_520' title='bbox 1221 2103 1335 2138; x_wconf 89' lang='lat' dir='ltr'>illibata</span> <span class='ocrx_word' id='word_1_521' title='bbox 1365 2110 1587 2148; x_wconf 78' lang='lat' dir='ltr'>perinaneant;</span> <span class='ocrx_word' id='word_1_522' title='bbox 1623 2101 1651 2134; x_wconf 95' lang='lat' dir='ltr'>iu</span> <span class='ocrx_word' id='word_1_523' title='bbox 1687 2100 1802 2146; x_wconf 87' lang='lat' dir='ltr'>quibus</span> <span class='ocrx_word' id='word_1_524' title='bbox 1831 2101 1907 2135; x_wconf 82' lang='lat' dir='ltr'>liaeo</span> 
     </span>
     <span class='ocr_line' id='line_1_109' title="bbox 1158 2153 1906 2204; baseline -0.007 -12"><span class='ocrx_word' id='word_1_525' title='bbox 1158 2157 1291 2204; x_wconf 86' lang='lat' dir='ltr'>propriis</span> <span class='ocrx_word' id='word_1_526' title='bbox 1313 2156 1462 2190; x_wconf 82' lang='lat' dir='ltr'>duximus</span> <span class='ocrx_word' id='word_1_527' title='bbox 1496 2153 1700 2200; x_wconf 79' lang='lat' dir='ltr'>exprimenda</span> <span class='ocrx_word' id='word_1_528' title='bbox 1729 2153 1906 2194; x_wconf 84' lang='lat' dir='ltr'>vocabulis;</span> 
     </span>
     <span class='ocr_line' id='line_1_110' title="bbox 1159 2207 1906 2255; baseline -0.005 -9"><span class='ocrx_word' id='word_1_529' title='bbox 1159 2212 1188 2246; x_wconf 92' lang='lat' dir='ltr'>in</span> <span class='ocrx_word' id='word_1_530' title='bbox 1224 2209 1420 2255; x_wconf 71' lang='lat' dir='ltr'>Burgundia,</span> <span class='ocrx_word' id='word_1_531' title='bbox 1447 2208 1613 2243; x_wconf 72' lang='lat' dir='ltr'>ecclesiam</span> <span class='ocrx_word' id='word_1_532' title='bbox 1637 2208 1676 2242; x_wconf 86' lang='lat' dir='ltr'>de</span> <span class='ocrx_word' id='word_1_533' title='bbox 1708 2207 1906 2249; x_wconf 79' lang='lat' dir='ltr'>Villafranca,</span> 
     </span>
     <span class='ocr_line' id='line_1_111' title="bbox 1159 2260 1907 2306; baseline -0.007 -7"><span class='ocrx_word' id='word_1_534' title='bbox 1159 2265 1321 2300; x_wconf 76' lang='lat' dir='ltr'>ecclesiam</span> <span class='ocrx_word' id='word_1_535' title='bbox 1345 2263 1384 2297; x_wconf 90' lang='lat' dir='ltr'>de</span> <span class='ocrx_word' id='word_1_536' title='bbox 1404 2262 1605 2306; x_wconf 69' lang='lat' dir='ltr'>Bai-beriaco,</span> <span class='ocrx_word' id='word_1_537' title='bbox 1627 2261 1851 2296; x_wconf 87' lang='lat' dir='ltr'>monasterium</span> <span class='ocrx_word' id='word_1_538' title='bbox 1867 2260 1907 2295; x_wconf 87' lang='lat' dir='ltr'>de</span> 
     </span>
     <span class='ocr_line' id='line_1_112' title="bbox 1159 2314 1909 2359; baseline -0.007 -6"><span class='ocrx_word' id='word_1_539' title='bbox 1159 2319 1281 2354; x_wconf 89' lang='lat' dir='ltr'>Prims:</span> <span class='ocrx_word' id='word_1_540' title='bbox 1311 2318 1340 2351; x_wconf 90' lang='lat' dir='ltr'>in</span> <span class='ocrx_word' id='word_1_541' title='bbox 1368 2315 1512 2359; x_wconf 78' lang='lat' dir='ltr'>Francia⁷</span> <span class='ocrx_word' id='word_1_542' title='bbox 1528 2315 1692 2350; x_wconf 86' lang='lat' dir='ltr'>ecclesiam</span> <span class='ocrx_word' id='word_1_543' title='bbox 1710 2314 1909 2349; x_wconf 88' lang='lat' dir='ltr'>Montis—Dc-</span> 
     </span>
     <span class='ocr_line' id='line_1_113' title="bbox 1159 2368 1907 2415; baseline -0.007 -8"><span class='ocrx_word' id='word_1_544' title='bbox 1159 2372 1278 2411; x_wconf 72' lang='lat' dir='ltr'>sidet-ii,</span> <span class='ocrx_word' id='word_1_545' title='bbox 1305 2370 1468 2406; x_wconf 86' lang='lat' dir='ltr'>ecclesiam</span> <span class='ocrx_word' id='word_1_546' title='bbox 1498 2369 1537 2404; x_wconf 88' lang='lat' dir='ltr'>de</span> <span class='ocrx_word' id='word_1_547' title='bbox 1565 2368 1754 2415; x_wconf 88' lang='lat' dir='ltr'>Dompetra:</span> <span class='ocrx_word' id='word_1_548' title='bbox 1779 2369 1807 2402; x_wconf 93' lang='lat' dir='ltr'>iu</span> <span class='ocrx_word' id='word_1_549' title='bbox 1838 2368 1907 2402; x_wconf 83' lang='lat' dir='ltr'>Pro·</span> 
     </span>
     <span class='ocr_line' id='line_1_114' title="bbox 1160 2421 1910 2460; baseline -0.005 0"><span class='ocrx_word' id='word_1_550' title='bbox 1160 2427 1263 2460; x_wconf 80' lang='lat' dir='ltr'>vincia</span> <span class='ocrx_word' id='word_1_551' title='bbox 1292 2424 1515 2459; x_wconf 85' lang='lat' dir='ltr'>monasterinm</span> <span class='ocrx_word' id='word_1_552' title='bbox 1545 2424 1628 2457; x_wconf 87' lang='lat' dir='ltr'>iuxta</span> <span class='ocrx_word' id='word_1_553' title='bbox 1658 2431 1796 2457; x_wconf 88' lang='lat' dir='ltr'>montem</span> <span class='ocrx_word' id='word_1_554' title='bbox 1830 2421 1910 2456; x_wconf 88' lang='lat' dir='ltr'>Pes-</span> 
     </span>
     <span class='ocr_line' id='line_1_115' title="bbox 1161 2475 1909 2522; baseline -0.009 -7"><span class='ocrx_word' id='word_1_555' title='bbox 1161 2480 1323 2516; x_wconf 86' lang='lat' dir='ltr'>sulauum:</span> <span class='ocrx_word' id='word_1_556' title='bbox 1351 2479 1382 2512; x_wconf 95' lang='lat' dir='ltr'>in</span> <span class='ocrx_word' id='word_1_557' title='bbox 1412 2477 1570 2512; x_wconf 75' lang='lat' dir='ltr'>&#39;l‘otosano</span> <span class='ocrx_word' id='word_1_558' title='bbox 1596 2476 1778 2522; x_wconf 86' lang='lat' dir='ltr'>episcopatu</span> <span class='ocrx_word' id='word_1_559' title='bbox 1807 2475 1909 2509; x_wconf 85' lang='lat' dir='ltr'>eccle-</span> 
     </span>
     <span class='ocr_line' id='line_1_116' title="bbox 1161 2527 1909 2576; baseline -0.012 -7"><span class='ocrx_word' id='word_1_560' title='bbox 1161 2535 1223 2569; x_wconf 85' lang='lat' dir='ltr'>sias</span> <span class='ocrx_word' id='word_1_561' title='bbox 1248 2533 1282 2568; x_wconf 89' lang='lat' dir='ltr'>S.</span> <span class='ocrx_word' id='word_1_562' title='bbox 1305 2531 1496 2567; x_wconf 85' lang='lat' dir='ltr'>Columbae:</span> <span class='ocrx_word' id='word_1_563' title='bbox 1521 2531 1549 2565; x_wconf 89' lang='lat' dir='ltr'>in</span> <span class='ocrx_word' id='word_1_564' title='bbox 1573 2529 1723 2576; x_wconf 90' lang='lat' dir='ltr'>Hispania</span> <span class='ocrx_word' id='word_1_565' title='bbox 1746 2527 1909 2569; x_wconf 66' lang='lat' dir='ltr'>Nazetam,</span> 
     </span>
    </p>
   </div>
   <div class='ocr_carea' id='block_1_18' title="bbox 374 2580 1910 2640">
    <p class='ocr_par' dir='ltr' id='par_1_21' title="bbox 374 2580 1910 2640">
     <span class='ocr_line' id='line_1_117' title="bbox 374 2580 1910 2640; baseline -0.01 -12"><span class='ocrx_word' id='word_1_566' title='bbox 374 2594 522 2640; x_wconf 87' lang='lat' dir='ltr'>deinceps</span> <span class='ocrx_word' id='word_1_567' title='bbox 560 2593 697 2638; x_wconf 86' lang='lat' dir='ltr'>quietius</span> <span class='ocrx_word' id='word_1_568' title='bbox 735 2592 896 2632; x_wconf 82' lang='lat' dir='ltr'>habeatis,</span> <span class='ocrx_word' id='word_1_569' title='bbox 930 2591 984 2638; x_wconf 88' lang='lat' dir='ltr'>qui</span> <span class='ocrx_word' id='word_1_570' title='bbox 1021 2590 1313 2633; x_wconf 65' lang='lat' dir='ltr'>vestraiSanctum</span> <span class='ocrx_word' id='word_1_571' title='bbox 1336 2586 1504 2626; x_wconf 73' lang='lat' dir='ltr'>Isidorum,</span> <span class='ocrx_word' id='word_1_572' title='bbox 1538 2583 1689 2619; x_wconf 89' lang='lat' dir='ltr'>Sanctum</span> <span class='ocrx_word' id='word_1_573' title='bbox 1719 2580 1843 2616; x_wconf 90' lang='lat' dir='ltr'>Zoilum</span> <span class='ocrx_word' id='word_1_574' title='bbox 1871 2580 1910 2615; x_wconf 88' lang='lat' dir='ltr'>de</span> 
     </span>
    </p>
   </div>
   <div class='ocr_carea' id='block_1_19' title="bbox 1915 1742 2101 2012">
    <p class='ocr_par' dir='ltr' id='par_1_22' title="bbox 1927 1742 2085 1768">
     <span class='ocr_line' id='line_1_118' title="bbox 1927 1742 2085 1768; baseline 0.006 -4"><span class='ocrx_word' id='word_1_575' title='bbox 1927 1742 1985 1765; x_wconf 68' lang='lat' dir='ltr'>Bona</span> <span class='ocrx_word' id='word_1_576' title='bbox 2002 1744 2085 1768; x_wconf 78' lang='lat' dir='ltr'>omnia.</span> 
     </span>
    </p>

    <p class='ocr_par' dir='ltr' id='par_1_23' title="bbox 1915 1774 2100 1859">
     <span class='ocr_line' id='line_1_119' title="bbox 1915 1774 2098 1802; baseline 0.005 -8"><span class='ocrx_word' id='word_1_577' title='bbox 1915 1774 1950 1795; x_wconf 78' lang='lat' dir='ltr'>vel</span> <span class='ocrx_word' id='word_1_578' title='bbox 1972 1780 2025 1802; x_wconf 79' lang='lat' dir='ltr'>quac</span> <span class='ocrx_word' id='word_1_579' title='bbox 2046 1779 2098 1802; x_wconf 79' lang='lat' dir='ltr'>pos-</span> 
     </span>
     <span class='ocr_line' id='line_1_120' title="bbox 1915 1806 2100 1826; baseline -0.005 0"><span class='ocrx_word' id='word_1_580' title='bbox 1915 1806 1971 1826; x_wconf 78' lang='lat' dir='ltr'>sidet</span> <span class='ocrx_word' id='word_1_581' title='bbox 1990 1807 2100 1826; x_wconf 71' lang='lat' dir='ltr'>monasta—</span> 
     </span>
     <span class='ocr_line' id='line_1_121' title="bbox 1933 1835 2083 1859; baseline -0.007 -2"><span class='ocrx_word' id='word_1_582' title='bbox 1933 1837 1986 1859; x_wconf 82' lang='lat' dir='ltr'>rium</span> <span class='ocrx_word' id='word_1_583' title='bbox 2000 1835 2083 1857; x_wconf 84' lang='lat' dir='ltr'>Clunia-</span> 
     </span>
    </p>

    <p class='ocr_par' dir='ltr' id='par_1_24' title="bbox 1916 1866 2101 1957">
     <span class='ocr_line' id='line_1_122' title="bbox 1916 1866 2100 1894; baseline -0.011 -6"><span class='ocrx_word' id='word_1_584' title='bbox 1916 1872 1989 1892; x_wconf 79' lang='lat' dir='ltr'>eense,</span> <span class='ocrx_word' id='word_1_585' title='bbox 2004 1866 2100 1894; x_wconf 74' lang='lat' dir='ltr'>vetqune</span> 
     </span>
     <span class='ocr_line' id='line_1_123' title="bbox 1917 1898 2101 1920; baseline -0.016 0"><span class='ocrx_word' id='word_1_586' title='bbox 1917 1898 2036 1920; x_wconf 71' lang='lat' dir='ltr'>infuturum</span> <span class='ocrx_word' id='word_1_587' title='bbox 2052 1898 2101 1918; x_wconf 75' lang='lat' dir='ltr'>ado-</span> 
     </span>
     <span class='ocr_line' id='line_1_124' title="bbox 1930 1928 2085 1957; baseline -0.013 -7"><span class='ocrx_word' id='word_1_588' title='bbox 1930 1932 1986 1957; x_wconf 81' lang='lat' dir='ltr'>ptum</span> <span class='ocrx_word' id='word_1_589' title='bbox 2009 1928 2085 1952; x_wconf 73' lang='lat' dir='ltr'>tuerit.</span> 
     </span>
    </p>

    <p class='ocr_par' dir='ltr' id='par_1_25' title="bbox 1931 1958 2091 2012">
     <span class='ocr_line' id='line_1_125' title="bbox 1931 1958 2091 1981; baseline -0.006 0"><span class='ocrx_word' id='word_1_590' title='bbox 1931 1960 1999 1981; x_wconf 84' lang='lat' dir='ltr'>eidem</span> <span class='ocrx_word' id='word_1_591' title='bbox 2015 1958 2091 1980; x_wconf 81' lang='lat' dir='ltr'>contir-</span> 
     </span>
     <span class='ocr_line' id='line_1_126' title="bbox 1965 1992 2055 2012; baseline -0.022 0"><span class='ocrx_word' id='word_1_592' title='bbox 1965 1992 2055 2012; x_wconf 66' lang='lat' dir='ltr'>mautur-</span> 
     </span>
    </p>
   </div>
   <div class='ocr_carea' id='block_1_20' title="bbox 2129 0 2180 2008">
    <p class='ocr_par' dir='ltr' id='par_1_26' title="bbox 2129 0 2180 2008">
     <span class='ocr_line' id='line_1_127' title="bbox 2129 0 2180 2008; baseline 0 0"><span class='ocrx_word' id='word_1_593' title='bbox 2129 0 2180 2008; x_wconf 95' lang='lat' dir='ltr'> </span> 
     </span>
    </p>
   </div>
  </div>
 </body>
</html>
