2180 3205
35 265 83 292 An.
102 265 120 291 C
157 264 220 291 ttoei

272 334 311 340 —
329 317 406 348 llona
425 318 522 348 omnia
541 319 635 348 eidem
654 320 843 355 contirnians,
858 336 896 341 --
915 318 982 348 l’ro—

274 363 346 401 priis
366 363 517 392 vocabulis
535 363 672 402 exprimit
689 373 754 392 cum
775 363 912 393 omnibus
932 363 980 392 iu-

273 406 356 436 ribus
376 413 402 437 ct
425 408 619 446 pertinentiis.
641 424 680 429 —
695 406 859 436 Nonnnulla
880 407 982 436 statuit

273 461 324 489 pro
340 452 447 490 quiete,
467 452 650 481 immunitato
669 456 697 480 ct
715 451 858 489 regimine
881 461 979 480 inona-

271 496 362 525 sterii.
398 513 437 518 —
468 496 654 535 Sepulturam
689 496 811 526 liberam
846 496 885 525 ibi
914 505 979 525 esse

271 540 419 574 declarat,
442 539 576 569 abbatem
608 549 674 569 vero
694 549 708 569 e
737 540 849 577 gremio
873 549 977 569 mona—

270 584 392 613 cboruin
416 584 593 622 eligendum.
618 601 658 606 —-
679 584 831 614 Decretum
851 593 902 623 pro
925 585 979 613 im-

270 629 413 658 munitate
446 645 484 650 —-
511 628 581 658 Cum
610 628 705 658 solitis
727 629 977 659 conclusionibus.

267 690 306 695 —
328 673 483 702 Alexandri
509 673 562 702 ΡΙ).
582 677 610 702 ot
632 672 660 702 S.
684 673 716 702 tt.
736 672 885 703 Ecclesiae
913 683 978 703 car-

268 717 412 747 dinalium
433 717 681 757 subscriptiones.

228 783 359 814 Alexander
374 784 491 822 episeopus
513 792 589 812 servus
611 792 726 813 servorum
744 783 795 819 noi,
822 783 907 813 dilecto
930 783 978 813 silio

267 828 336 858 Petro
357 827 433 858 abbati
455 829 586 858 monasterii
603 828 758 864 llaziacensis,
780 830 912 867 cunctisque
934 828 977 858 lra-

267 872 348 910 tribus,
375 877 420 902 tani
453 872 610 912 praesentibus
634 882 703 911 quam
726 872 815 911 tuturis,
845 874 976 912 regularem

267 918 336 948 vitain
359 917 475 957 professis,
491 918 510 947 l.
531 917 558 947 N.

276 984 430 1019 Effectum
454 984 531 1019 iusta
550 984 781 1032 postulantibus
800 985 975 1031 indulgere,

227 1042 257 1070 et
279 1035 367 1080 vigor
381 1034 556 1081 aequitatis,
572 1043 603 1069 et
620 1035 697 1069 ordo
716 1035 810 1080 exigit
833 1035 976 1077 rationis,

230 1083 410 1131 praesertim
435 1084 561 1130 quando
589 1084 760 1131 petentium
786 1084 974 1119 voluntatem

228 1141 260 1168 et
274 1134 373 1181 pietas
395 1133 528 1172 adiuvat,
551 1142 582 1168 et
602 1134 714 1168 veritas
734 1146 793 1168 non
817 1135 974 1181 relinquit.

29 1179 214 1235 htgffffffirunsse-
229 1183 415 1230 Eapropter,
436 1182 539 1217 dilecti
563 1183 593 1217 in
621 1183 758 1218 Domino
782 1183 847 1223 lilii,
867 1185 976 1219 restris

29 1245 101 1267 cuono
115 1220 177 1266 seins
189 1249 215 1265 ,x-
229 1233 318 1267 iustis
333 1232 596 1279 postulationibus
610 1233 780 1268 clementer
794 1233 975 1274 annuimus,

29 1275 214 1334 {gssssnsszssfflie'ss}
227 1291 258 1317 et
280 1282 451 1329 praefatum
477 1283 713 1323 monasterinm,
736 1282 765 1316 in
786 1295 848 1329 qno
870 1283 976 1318 «livino

199 1340 205 1347 ·
227 1332 396 1378 mancipati
432 1332 506 1366 estis
539 1331 704 1379 obsequio,
740 1333 776 1366 ad
815 1333 977 1380 exemplar

227 1381 476 1429 praedecessoris
500 1382 594 1416 nostri
610 1389 735 1416 sanctae
755 1382 976 1417 recordationis

226 1431 356 1466 Adriani
379 1431 494 1478 Papae,
522 1431 580 1465 sub
602 1431 683 1466 beati
712 1431 795 1465 Petri
819 1439 847 1465 et
871 1442 974 1467 nosira

228 1480 423 1528 protectione
437 1481 639 1528 suscipimus,
663 1489 692 1515 et
715 1482 888 1528 praesentis
904 1482 977 1516 seri-

227 1531 271 1577 pti
300 1530 464 1578 privilegio
499 1531 749 1570 communimus,
785 1539 974 1573 statuentes,

30 1581 215 1636 gammgjglffj
229 1587 262 1614 ut
282 1591 498 1627 quascumque
519 1581 745 1627 possessiones,
759 1592 976 1628 quaecumque

30 1649 98 1670 mn,
228 1628 309 1664 bona
337 1629 418 1664 idem
442 1631 665 1664 monasterium
685 1630 974 1677 impraesentiarum

227 1679 309 1713 iuste
331 1688 361 1713 et
376 1679 524 1714 canonice
548 1679 696 1726 possidet,
717 1688 770 1714 aut
788 1680 817 1714 in
836 1679 974 1715 futurum

227 1729 432 1764 concessione.
461 1728 658 1770 Pontificum,
677 1729 841 1774 largitione
868 1742 974 1776 regum

228 1777 276 1813 vel
311 1778 508 1826 principum,
544 1778 701 1814 oblatione
728 1779 888 1822 fidelium,
921 1793 974 1814 seu

227 1827 296 1862 aliis
313 1828 404 1863 iustis
426 1828 528 1862 modis
548 1837 725 1875 praestante
754 1829 899 1870 Domino,
920 1842 976 1876 po-

228 1877 298 1912 terit
319 1877 463 1925 adipisci,
484 1878 570 1912 firma
600 1878 687 1913 vobis
713 1879 886 1926 vestrisque
903 1891 977 1913 suc-

226 1927 405 1962 cessoribus
426 1934 456 1961 et
478 1927 593 1962 illibata
613 1937 833 1974 permaneant,
856 1929 886 1962 in
903 1929 976 1975 qui-

29 1976 286 2032 ‚3⁰⁹¹“U‘30rbus
313 1976 389 2011 baec
423 1977 558 2024 propriis
591 1977 739 2012 duximus
773 1978 975 2025 exprimenda

29 2017 84 2064 m:
115 2015 404 2066 ἶξῗζζζζζνουθὺυῆες
438 2027 602 2061 ecclesiam
634 2027 673 2061 de
699 2026 850 2068 Gatteria,
872 2028 976 2062 eccle—

29 2071 214 2126 ffiffjf‘l‘effi·
226 2076 303 2110 siam
327 2075 366 2110 de
392 2075 509 2110 Sancto
531 2076 649 2111 Hilario
671 2089 742 2111 cum
770 2077 901 2123 capella,
929 2090 977 2112 ee-

111 2120 117 2130 ’
226 2125 354 2160 clesiam
383 2124 422 2160 de
448 2124 558 2166 Giaco,
586 2126 751 2161 ecclesiam
779 2127 818 2161 ‹le
850 2126 976 2161 Maren-

227 2174 347 2216 calmis,
369 2174 533 2210 ecclesiam
556 2175 594 2210 de
615 2175 732 2214 Bortis,
753 2176 916 2210 ecclesiam
937 2177 975 2211 de

226 2223 316 2259 Oenc
348 2237 418 2259 eum
453 2225 607 2271 parocbia.
628 2225 666 2260 de
698 2225 840 2266 Faravel,
874 2226 976 2260 eccle-

227 2273 306 2308 siam
328 2273 367 2308 de
388 2273 533 2309 Rubiaco
558 2275 666 2322 Royae
688 2287 759 2309 cum
782 2275 976 2321 appendiciis

226 2323 304 2362 suis,
330 2322 462 2358 ecclesia
485 2323 632 2359 videlicet
652 2324 692 2358 de
713 2323 851 2358 Castello
873 2325 976 2371 pontis

227 2371 366 2413 Gibaldi,
388 2372 553 2407 ecclesiam
575 2373 615 2408 de
629 2373 746 2408 Sancto
764 2373 856 2417 Urso,
872 2374 976 2408 eccle-

227 2422 306 2456 siam
328 2421 368 2456 de
388 2421 549 2457 Montibus
564 2434 636 2457 cum
650 2422 769 2470 capella
792 2422 831 2457 de
853 2423 975 2465 Castro,

228 2475 391 2510 ecclesiam
424 2474 531 2510 Sancti
566 2475 683 2522 Ypoliti
699 2503 708 2520 ,
741 2477 905 2511 ecclesiam
937 2477 975 2512 de

229 2529 355 2564 leico
380 2541 452 2564 cum
480 2529 598 2576 capella
620 2529 753 2565 Sanctae
780 2531 906 2577 Mariae,
928 2545 977 2568 ec-

230 2583 354 2618 clesiam
382 2583 421 2618 de
439 2583 598 2627 Martiaco,
621 2584 784 2619 ecclesiam
813 2585 851 2620 de
867 2586 976 2622 Mone-

230 2637 345 2680 strolo,
372 2637 533 2673 ecclesiam
571 2638 610 2673 de
636 2638 783 2685 Ceresio,
810 2640 974 2676 ecclesiam

60 1041 179 1066 hordium.

830 263 1023 285 AtAEXANDEtt
1049 264 1082 285 lll
1114 263 1158 284 ΙΨ.

1653 253 1724 285 (395
1788 265 1836 291 An.
1852 265 1878 290 C.
1902 265 1967 292 1¹65

1020 318 1058 352 de
1081 318 1326 362 Sana-Cultura,
1349 319 1512 354 ecclesiam
1533 318 1572 354 (le
1591 318 1687 360 Cella,
1711 333 1771 355 ec—

1020 367 1146 401 clesian:
1186 368 1225 402 (lc
1264 368 1427 408 Alncbiis,
1464 369 1627 403 ecclesiam
1662 370 1769 405 Sancti

1021 417 1154 451 Amnem
1177 417 1215 451 (lo
1239 417 1363 458 pathas,
1386 418 1548 452 ecclesiam
1572 418 1679 453 Sancti
1703 420 1770 454 Bo-

1021 467 1074 500 niti
1103 467 1141 500 (le
1175 467 1306 510 (latinis,
1336 468 1499 502 ecclesiam
1527 468 1566 502 de
1590 468 1767 504 Roccaforti

1020 528 1092 550 cum
1120 516 1237 562 capella
1260 517 1297 550 (lo
1324 516 1448 557 Castro,
1475 518 1637 552 ecclesiam
1661 518 1768 554 Sancti

1020 565 1123 599 Boniti
1147 565 1435 601 Montis-Panclicri
1469 579 1538 601 cuni
1575 567 1703 614 capellis
1729 569 1768 604 ‹lc

1019 614 1141 653 Castro,
1174 615 1339 650 ecclesiam
1361 616 1399 650 de
1426 616 1579 661 Boilonia,
1602 617 1766 653 ecclesiam

1019 663 1126 698 Sancti
1153 663 1304 699 Germani
1337 677 1408 700 cum
1431 666 1547 710 capella
1577 666 1616 700 de
1643 666 1767 708 Castro,

1019 714 1181 748 ecclesiam
1208 714 1314 748 Sancti
1350 714 1504 760 Roinigii,
1538 716 1701 751 ecclesiam
1729 718 1768 752 de

1019 763 1125 802 Sulec,
1153 764 1315 798 ecclesiam
1338 764 1376 798 (le
1395 764 1526 804 (Ii-usec,
1548 765 1711 801 ecclesiam
1729 768 1767 802 (le

1019 812 1187 858 Laurigiis,
1216 813 1380 847 ecclesiam
1416 814 1454 848 (le
1492 814 1573 854 Cos,
1601 816 1766 851 ecclesiam

1017 861 1122 896 Sancti
1160 862 1326 901 Desiderii,
1353 863 1515 898 ecclesiam
1545 864 1585 898 de
1612 865 1767 900 Dreituir-

1018 910 1083 945 bias
1106 923 1177 946 cum
1206 912 1337 947 ecclesia
1360 912 1466 947 Sancti
1497 913 1628 948 Proiecti
1651 923 1682 950 et
1715 929 1767 951 ca-

1019 960 1097 1007 pella
1134 961 1172 996 (le
1211 961 1347 1003 Palicia,
1375 962 1524 1009 capellam
1552 963 1591 998 de
1623 964 1766 1007 Botiaco,

1017 1009 1180 1045 ecclesiam
1225 1010 1330 1046 Sancti
1374 1012 1556 1052 Ambrosii,
1600 1014 1766 1050 ecclesiam

1017 1059 1303 1099 Montis—Petrosii,
1330 1061 1494 1096 ecclesian]
1523 1062 1628 1097 Sancti
1651 1063 1768 1112 Diony-

1017 1109 1066 1153 sii,
1102 1110 1264 1144 ecclesiam
1289 1110 1327 1145 de
1354 1110 1470 1146 Sancto
1505 1111 1636 1147 Leontio
1671 1127 1767 1162 prope

1018 1160 1240 1194 monasterium
1270 1169 1427 1204 vestrum,
1461 1161 1625 1196 ecclesiam
1658 1163 1764 1198 Sancti

1018 1207 1191 1252 Laurentii,
1219 1210 1381 1244 ecclesiam
1405 1210 1511 1245 Sancti
1535 1210 1635 1255 Pauli,
1657 1213 1766 1248 eccle—

1016 1258 1093 1291 siam
1110 1257 1214 1293 Sancti
1238 1258 1397 1300 Calmutii,
1420 1269 1449 1294 et
1476 1260 1640 1295 ecclesiam
1657 1262 1763 1298 Sancti

1017 1307 1139 1341 Martini
1171 1321 1243 1342 cum
1280 1310 1478 1355 pertinentiis
1504 1322 1624 1352 earum,
1654 1312 1767 1348 Primi-

1018 1357 1142 1394 liacum.
1165 1357 1399 1398 Tauriniacum,
1433 1359 1644 1406 Mabitiacum,
1667 1361 1766 1397 Salti-

1017 1407 1113 1445 niam,
1137 1406 1361 1447 Plumberiam,
1397 1409 1618 1445 Amanziacum
1654 1420 1684 1446 et
1705 1412 1765 1447 Mi-

1019 1456 1181 1497 rabellum,
1208 1469 1278 1491 cnm
1309 1457 1377 1492 villa
1400 1458 1567 1494 adiacenti:
1603 1467 1700 1496 terras
1726 1463 1765 1498 de

1018 1505 1119 1539 fendis
1141 1505 1248 1540 domni
1273 1506 1310 1540 de
1333 1506 1444 1543 Cresto
1466 1517 1496 1542 et
1517 1509 1624 1544 domni
1647 1510 1685 1545 de
1704 1512 1765 1547 Ro-

1017 1554 1137 1589 chafort
1165 1555 1194 1589 in
1224 1555 1392 1597 Lubartes,
1417 1558 1568 1606 quidquid
1589 1559 1711 1596 habetis
1734 1563 1763 1596 in

1017 1603 1120 1638 feudis
1146 1605 1265 1639 domini
1298 1605 1336 1641 de
1371 1606 1558 1653 Camaleria,
1592 1617 1622 1644 et
1644 1610 1764 1646 domini

1017 1653 1055 1688 de
1084 1653 1199 1689 Ponte:
1229 1663 1326 1690 terras
1365 1656 1404 1691 de
1438 1657 1542 1693 feudis
1578 1658 1697 1695 domini
1726 1661 1765 1696 de

1017 1702 1176 1745 Caslucio‚
1199 1712 1229 1739 et
1255 1704 1373 1740 domini
1396 1706 1435 1741 de
1461 1707 1623 1747 Turnolio,
1645 1710 1764 1746 domini

1017 1752 1055 1787 de
1079 1753 1242 1791 Tauriaco,
1265 1754 1384 1790 domini
1412 1756 1450 1791 de
1468 1757 1764 1804 Monte—Gasconis,

1017 1802 1136 1837 domini
1159 1803 1198 1838 de
1220 1804 1385 1846 Enaziaco,
1408 1814 1439 1841 et
1464 1807 1583 1842 domini
1603 1808 1640 1843 de
1662 1809 1765 1845 Caba-

1017 1852 1115 1897 ziaco,
1138 1861 1247 1898 terraS,
1277 1867 1355 1901 quas
1377 1855 1500 1892 habetis
1522 1857 1551 1892 in
1579 1857 1680 1894 feudis
1707 1859 1765 1894 do-

1018 1902 1094 1936 mini
1130 1902 1168 1937 de
1194 1902 1472 1947 Ponte-pancerio,
1511 1915 1540 1942 et
1579 1908 1698 1943 domini
1726 1910 1763 1943 de

1017 1951 1122 1992 Scola,
1144 1960 1174 1987 et
1195 1952 1314 1988 domini
1337 1954 1376 1990 de
1397 1955 1534 1991 Castello
1556 1956 1662 1992 Sancti
1689 1958 1765 1993 Ger-

1019 2002 1114 2035 mani.
1143 2001 1316 2037 Statnimns
1343 2004 1448 2046 etiam,
1476 2014 1510 2040 ut
1537 2007 1612 2041 nulli
1646 2008 1690 2042 fas
1712 2010 1762 2046 sit.
1791 2029 1893 2050 mm,
1917 2033 1961 2049 m-

1019 2063 1113 2085 novas
1135 2059 1165 2085 et
1187 2051 1342 2087 indebitas
1365 2055 1615 2091 consuetudines
1637 2057 1682 2091 vel
1698 2071 1762 2092 exa-
1778 2062 1815 2095 3⁰³¹
1833 2062 1960 2095 promum:

1017 2100 1137 2135 ctiones
1169 2101 1271 2136 eidem
1310 2105 1500 2139 monasterio
1534 2106 1580 2140 vel
1622 2095 1962 2147 ecclesiis22¹÷¹1¹÷'13¹.'?1¹1¹3¹⁰n‚33

1017 2149 1084 2183 eius
1104 2150 1276 2197 imponere.
1298 2151 1500 2200 Sepulturam
1523 2167 1649 2202 quoque
1665 2154 1874 2204 ipsi11s¹“¹³‘⁶¹'**'

1017 2198 1075 2233 lori
1112 2199 1239 2234 liberam
1272 2213 1340 2236 esse
1378 2215 1558 2247 censemus,
1587 2214 1619 2240 ut
1653 2218 1762 2241 eorum

1017 2247 1173 2283 devotioni
1210 2258 1240 2284 et
1270 2260 1428 2286 extremae
1463 2254 1622 2294 voluntati,
1650 2258 1702 2303 qni
1729 2270 1762 2291 se
1789 2266 1920 2294 Seianum-im
1938 2268 1961 2288 11-

1018 2297 1078 2331 illic
1099 2299 1224 2345 sepeliri
1247 2299 1498 2342 deliberaverint,
1523 2304 1582 2339 nisi
1608 2305 1686 2340 forte
1708 2318 1743 2341 ex
1777 2298 1847 2318 b⁰¹⁸¹¹¹¹
1863 2299 1889 2318 iffi
1911 2305 1959 2319 Μ

1016 2348 1236 2383 communicati
1276 2349 1320 2384 vel
1365 2351 1519 2386 interdicti
1555 2354 1629 2396 sint,
1658 2329 1960 2391 „u11„51¹0⁹ss.'‡2³l¹.352¹‡3-

1738 2407 1743 2412 .
1777 2393 1817 2412 mio
1844 2393 1960 2413 monacho-

1016 2395 1164 2430 obsistat:
1203 2397 1286 2433 salva
1325 2407 1428 2436 tamen
1467 2402 1582 2438 iustitia
1625 2405 1762 2440 matricis
1777 2424 1959 2449 [mongontiam.

1017 2445 1186 2481 Ecclesiae.
1221 2447 1368 2485 Obennte
1396 2463 1467 2486 rero
1495 2461 1534 2494 te,
1563 2466 1647 2490 nunc
1672 2456 1763 2490 eius-

1016 2494 1086 2529 dem
1123 2495 1182 2530 loci
1220 2497 1349 2539 obbate,
1384 2501 1430 2535 vel
1465 2509 1588 2538 tuorum
1622 2506 1763 2552 quolibet

1016 2556 1246 2591 successorum,
1275 2548 1381 2584 nullus
1412 2550 1452 2585 ibi
1485 2553 1624 2599 qualibet
1650 2555 1763 2591 subre-

1017 2594 1132 2640 ptionis
1158 2597 1268 2630 astutia
1291 2610 1344 2632 sen
1370 2599 1512 2634 violentia
1541 2614 1761 2650 praeponatur,

1016 2643 1076 2678 nisi
1099 2657 1190 2691 quem
1214 2646 1322 2682 fratres
1343 2651 1503 2685 communi
1526 2665 1693 2697 consensu,
1715 2656 1761 2691 vel
