2180 3205
15 2778 31 2792 Ἴ

748 271 946 299 PRAEFATIO
1584 270 1642 298 XIX

53 345 69 365 t(
97 330 173 366 tiori
201 341 282 367 aevo
310 329 445 378 uspiam
474 330 604 370 adesse,
627 330 709 365 falso
730 336 761 365 ct
783 342 843 378 per
861 328 1071 364 calumniam
1099 329 1196 365 nobis
1224 329 1446 365 obtrudunt»
1472 330 1512 364 (¹).
1536 329 1642 373 Quae,

48 394 124 425 utut
152 389 285 436 egregie
312 389 421 432 dicta,
448 389 474 424 si
503 388 557 424 cui
595 388 750 434 iugulum
791 387 1002 435 quaestionis
1031 394 1147 434 petere
1176 400 1243 422 non
1273 388 1416 423 omnino
1444 388 1643 432 videantur,

49 447 104 482 ille
119 453 313 494 opportune
330 447 528 482 meminerit
543 446 678 482 critices
693 451 800 481 artem
819 457 856 481 at·
875 445 1128 493 philosophiam
1152 457 1255 492 quani
1277 446 1444 482 [tisim-iae
1463 446 1594 487 dicunt,
1611 447 1642 481 id

49 504 225 552 temporis,
253 517 360 552 quum
389 505 551 551 Magnum
580 503 771 540 Bullarinm
800 503 931 538 editum
959 510 1025 543 est,
1053 504 1240 539 catholicos
1268 504 1451 551 scriptores
1479 510 1644 551 sequntos

48 574 117 598 non
147 563 262 605 fuisse,
289 563 413 599 veritos
441 574 483 598 ne
511 568 630 598 sancta
657 561 863 609 exponendo
891 561 1048 603 canibus,
1070 561 1175 609 impie
1197 568 1397 609 temereque
1425 563 1643 598 violarentur.

48 620 241 657 Maluerunt
271 633 422 668 nanupie
445 621 622 656 thesauros
647 619 871 663 abscondere,
892 631 996 667 quani
1017 620 1177 663 revelare,
1198 632 1284 667 quos
1311 632 1397 655 ausu
1426 620 1582 668 improbo
1604 621 1646 657 ah

49 679 230 715 haereticis
258 685 291 714 et
319 678 551 715 nebulonibus
580 677 798 713 temerandos
826 677 1101 725 suspicabantur.
1131 677 1254 713 Nostra
1282 684 1397 713 autem
1426 684 1548 722 aetate,
1582 679 1647 714 hac

49 742 146 773 tanta
172 736 364 773 litterarum
392 737 479 779 lucc,
507 736 668 783 quisnam
697 741 812 783 posset
838 735 1038 771 clanculum
1066 741 1099 771 et
1127 735 1269 783 impune
1297 736 1535 771 Romanorum
1559 737 1647 772 I'on-

51 794 183 831 tificum
224 794 318 830 abuti
358 793 686 836 constitutionibus,
714 799 770 829 aut
812 793 845 828 in
887 804 959 828 rem
992 804 1090 828 suam
1126 793 1463 840 ‹letorque1·e‘?Quis
1504 795 1573 830 imo
1605 795 1647 829 ad

48 852 234 900 legendum
263 852 441 895 accedens,
470 863 537 887 non
572 852 723 898 quadam
762 851 928 887 suavitate
956 851 1206 899 perfundetur,
1233 863 1331 894 cum,
1359 852 1409 887 vel
1447 852 1648 898 frigescente

49 910 227 954 charitate,
255 921 418 958 praesens
437 910 496 945 Dei
518 909 728 945 adiutorium
751 909 784 944 in
807 909 961 945 Ecclesia
979 909 1154 945 Catliolica
1173 910 1406 956 persenserit?
1435 910 1650 945 primoribus

50 968 155 1016 igitur
180 974 316 1004 tantum
343 967 442 1003 labiis
469 967 725 1014 degustandum
744 966 964 1014 Cocqueliuio
987 967 1060 1010 fuit,
1082 968 1173 1014 quod
1201 968 1313 1015 plenis
1340 967 1523 1003 haustibus
1551 968 1650 1003 nobis

51 1025 95 1062 ad
121 1026 300 1062 Romanae
327 1025 512 1068 Ecclesiae,
540 1025 658 1061 matris
686 1030 834 1069 nostrae,
862 1025 967 1061 decus
995 1030 1046 1061 est
1073 1025 1318 1061 hauriendum.

100 1083 183 1126 Quis
210 1083 305 1119 enim
344 1083 407 1119 sibi
448 1083 639 1119 induxisset
666 1083 701 1118 in
736 1083 910 1125 animum,
938 1095 1022 1130 quas
1061 1083 1283 1119 venditarunt
1316 1084 1489 1130 Ecclesiae
1516 1085 1651 1129 hostes,

52 1141 207 1186 fabellas,
234 1142 262 1178 si
289 1141 498 1177 Pontificum
525 1141 755 1177 Maximorum
782 1153 835 1177 res
862 1147 972 1187 gestas
1013 1153 1201 1189 parumper
1228 1141 1262 1177 in
1296 1143 1482 1190 purissimo
1509 1143 1651 1178 Bullarii

53 1199 148 1236 fonte
181 1199 369 1246 attigisset?
396 1199 478 1241 Quis
518 1199 676 1247 perfricta
712 1199 823 1234 fronte
848 1199 985 1234 Martini
1019 1199 1063 1234 IV
1096 1200 1263 1247 potuisset
1296 1200 1479 1236 calumniis
1520 1213 1652 1237 memo-

54 1257 143 1294 riam
157 1263 332 1305 oppetere,
347 1257 439 1304 quod
455 1256 664 1292 Graecorum
685 1257 929 1304 imperatorem
956 1257 1161 1293 Michaelem
1194 1258 1439 1305 Palaeologum
1465 1270 1652 1307 regemque

55 1314 247 1362 Aragoniae
273 1315 415 1351 Petrum
443 1315 652 1357 damnasset,
672 1314 698 1349 si
726 1314 849 1357 bullas,
877 1315 1111 1350 damnationis
1138 1326 1277 1350 caussas
1305 1316 1407 1363 plene
1434 1316 1653 1360 disserentes,

55 1371 279 1420 perlegisset?
306 1371 388 1413 Quis
415 1371 633 1407 Bonisacium
661 1371 747 1415 VIII,
775 1371 990 1407 Clementem
1017 1371 1056 1415 V,
1083 1372 1286 1418 Gregorium
1314 1372 1384 1415 VII,
1412 1374 1487 1409 sine
1514 1374 1654 1410 sceleris

55 1434 148 1472 nota,
175 1439 316 1476 carpere
344 1428 525 1475 quivisset,
553 1429 644 1475 quod
672 1439 788 1474 regem
815 1428 1030 1476 Philippum,
1058 1435 1287 1475 cognomento
1314 1429 1342 1465 il
1368 1430 1490 1472 Bello,
1519 1431 1654 1467 Andro-

55 1486 174 1522 nicum
201 1491 235 1522 et
261 1486 451 1522 Henricmn
491 1486 717 1533 imperatores
745 1486 818 1521 diro
845 1485 1011 1522 Vaticano
1040 1486 1185 1522 fulmine
1219 1488 1453 1534 perculerint,
1481 1488 1547 1524 nisi
1575 1501 1654 1525 eum

53 1543 143 1580 latae
169 1542 537 1579 excommunicationis
565 1553 669 1578 causa
697 1543 952 1590 praeteriisset?
980 1543 1062 1584 Quis
1090 1543 1197 1579 immo
1226 1544 1379 1591 Gregorii
1407 1545 1451 1580 IX
1481 1545 1588 1581 robur
1620 1546 1655 1581 in

55 1601 299 1649 imperatorem
326 1599 553 1643 Fridericum,
582 1599 700 1635 Italiae
728 1600 863 1635 hostem
891 1600 1185 1643 infensissimum,
1213 1601 1407 1637 Innocentii
1433 1601 1477 1637 IV
1496 1609 1656 1639 constan-

55 1658 140 1694 tiam
166 1657 427 1694 invictissimam
455 1657 490 1692 in
518 1657 662 1705 impiam
689 1657 839 1693 Ezzelini
865 1658 1097 1705 tyrannidem,
1126 1659 1270 1695 Honorii
1298 1659 1327 1694 II
1355 1660 1593 1697 fortitudinem
1622 1662 1655 1697 in

55 1716 259 1760 Fulconem,
278 1715 552 1764 perditissimum
572 1716 764 1759 hominem,
785 1716 974 1752 demiratus
996 1728 1065 1752 non
1086 1717 1229 1752 fuisset?
1250 1717 1531 1754 Incestuosorum
1551 1719 1658 1755 licen-

4 1787 7 1789 *
55 1773 152 1818 tiam,
177 1773 361 1809 simoniam
388 1773 423 1808 in
450 1774 599 1809 Lucensi
627 1774 779 1809 Ecclesia
808 1774 1039 1821 pullulantem
1066 1774 1262 1810 Alexander
1285 1775 1315 1810 Il
1335 1778 1487 1812 coercet:
1517 1777 1659 1813 clericos

57 1831 323 1868 concubinarios
350 1831 568 1879 nefariosque
596 1831 752 1879 percellit
778 1826 962 1878 Gregorius
989 1831 1064 1867 VII:
1093 1831 1268 1868 Abailardi
1294 1840 1503 1878 commenta,
1523 1834 1660 1882 pietatis

56 1889 135 1925 fuco
161 1889 259 1933 illita,
285 1889 446 1925 homines
467 1901 486 1924 a
504 1895 598 1925 recto
625 1889 775 1925 veritatis
802 1890 940 1931 tramite
968 1889 1188 1933 abducentia,
1207 1891 1334 1937 detegit
1360 1892 1573 1939 damnatque
1602 1892 1659 1927 In-

57 1947 240 1983 nocentius
261 1947 307 1985 11:
336 1946 562 1994 Albigenses„
577 1947 778 1992 Patarenos,
805 1947 1038 1983 Provinciales
1066 1953 1099 1983 et
1125 1948 1271 1984 huiusce
1292 1949 1432 1985 furfuris
1452 1949 1660 1993 balatrones,

57 2004 117 2052 qui
142 2004 278 2041 umbris
317 2004 518 2041 nitebantur
556 2004 742 2041 obscurare
781 2005 895 2041 lucem
923 2017 942 2040 a
969 2005 1046 2041 Iesu
1073 2005 1208 2041 Christo
1236 2006 1394 2049 allatam,
1423 2013 1455 2043 et
1482 2007 1661 2054 sanguinis

57 2063 166 2112 ipsius
184 2063 397 2099 beneficium
417 2063 588 2110 obtegere,
610 2063 767 2111 profligat
787 2063 1012 2099 Innocentius
1032 2063 1092 2099 III:
1114 2072 1227 2099 sectae
1247 2064 1311 2099 sub
1339 2065 1495 2112 specioso
1523 2065 1662 2109 Ordinis

57 2119 303 2169 Apostolorum
330 2120 473 2156 nomine
499 2120 579 2156 totis
606 2120 734 2156 viribus
762 2132 797 2156 se
825 2132 861 2156 se
900 2120 1044 2168 opponit
1083 2121 1258 2157 Honorius
1298 2121 1359 2165 1V;
1387 2121 1546 2166 Wiclefo,
1573 2123 1661 2158 Mar-

58 2177 154 2213 tinus
179 2177 226 2222 V;
254 2177 406 2213 Luthero
446 2177 590 2225 eiusque
629 2177 791 2221 asseclis,
818 2178 886 2214 Leo
914 2178 944 2213 X
972 2185 1005 2214 et
1031 2178 1228 2215 Hadrianus
1268 2179 1388 2215 huisce
1428 2180 1579 2216 nominis
1606 2181 1658 2216 Vl.

60 2234 364 2283 Adprobandusue
391 2235 455 2271 fuit
482 2235 573 2271 Ordo
601 2235 838 2279 monasticus,
866 2248 934 2283 quo
961 2236 996 2271 in
1024 2236 1122 2271 Italia
1150 2237 1326 2284 primum,
1355 2249 1434 2273 mox
1462 2238 1497 2273 in
1525 2238 1663 2286 Europa

60 2293 180 2329 lumen
208 2305 394 2329 accensum
430 2300 480 2329 est
514 2294 557 2329 ad
588 2293 695 2329 medii
730 2294 801 2329 aevi
836 2300 975 2330 noctem
1012 2295 1224 2340 fugandam?
1252 2296 1451 2343 adprobavit
1480 2296 1663 2343 Gregorius

61 2351 218 2398 Magnus,
245 2356 356 2387 ratam
383 2351 516 2387 habens
542 2352 710 2398 regulam,
730 2363 835 2399 quam
855 2358 994 2388 sanctus
1015 2352 1224 2388 Benedictus
1251 2353 1435 2400 scripserat
1462 2353 1662 2401 Sublaquei,

46 2414 166 2456 >atque
192 2408 402 2452 Honoratus,
429 2409 699 2456 Sublaqueensis
727 2409 844 2453 abbas,
872 2410 902 2445 ei
930 2410 1101 2446 obtulerat
1122 2411 1409 2446 confirmandam.
1430 2411 1530 2447 Anne
1551 2412 1663 2447 homi-

62 2466 166 2502 nibus
192 2466 318 2503 divitiis
343 2467 648 2515 voluptatibusque
676 2467 891 2503 inhiantibus
912 2468 1088 2516 exemplar
1107 2468 1171 2504 fuit
1190 2469 1401 2505 arctissimae
1428 2469 1663 2517 poenitentiae

63 2531 98 2560 et
131 2525 348 2572 evangelicae
388 2525 600 2573 paupertatis
639 2526 935 2573 proponendum?
962 2533 1215 2574 proposuerunt
1245 2527 1419 2563 Honorius
1447 2527 1492 2562 III
1520 2534 1552 2563 et
1579 2528 1662 2563 Gre-

61 2581 178 2628 gorius
205 2582 269 2626 IX,
296 2583 458 2619 Fratrum
491 2583 665 2619 Minorum
703 2583 831 2619 Ordine
870 2584 1050 2628 instituto,
1078 2590 1180 2632 atque
1208 2585 1243 2620 in
1271 2591 1470 2621 sanctorum
1498 2585 1661 2622 caelitum

62 2651 251 2677 numerum
277 2640 462 2677 Francisco
489 2640 679 2677 Assisinate
699 2647 731 2678 et
750 2641 901 2678 Antonio
927 2642 1093 2678 Patavino
1125 2642 1261 2687 relatis3
1282 2643 1404 2679 eodem
1438 2655 1521 2680 sane
1550 2644 1665 2687 modo,

98 2772 139 2808 (1)
156 2771 223 2800 Vide
242 2772 281 2800 Cl.
300 2772 348 2800 viri
364 2773 568 2809 praefationem,
585 2783 665 2810 quam
681 2782 771 2810 supra,
788 2781 849 2809 pag.
867 2779 900 2800 xv
915 2774 965 2809 (2),
983 2773 1035 2801 iarn
1050 2774 1257 2802 nominavimus.
