2180 3205
442 257 507 292 904

500 339 583 366 rum,
604 329 644 361 ad
661 332 805 360 sanctam
826 325 959 358 Imolen.
981 323 1156 358 Ecclesiam

501 381 741 427 pertinentium,
766 379 843 414 571.

412 436 518 471 XLllI.
534 433 741 469 Confirmatio
760 432 984 466 transactionis
1002 431 1099 464 initae
1111 429 1159 463 in-

501 497 549 523 ter
568 488 756 531 magistrum
779 486 950 530 Hospitalis
970 485 1156 529 Hierosoly-

502 542 625 582 mitani,
645 547 675 575 et
695 540 847 574 comitem
869 538 1086 582 Forcalqucrii
1108 549 1160 570 su-

501 606 558 641 per
579 601 682 629 castro
704 595 742 627 de
760 594 940 631 Manuasca,
963 590 1038 624 573.

412 650 517 686 XLIV.
539 648 744 691 privilegium
776 646 1032 680 confirmationis
1058 645 1161 679 bono-

502 714 574 737 rum
596 700 782 735 monasterii
794 699 1052 733 Valciodorensis
1064 709 1161 742 supra

501 758 620 792 Mosam
642 755 788 794 fluvium,
809 753 885 788 574.

412 810 502 846 XLV.
527 810 736 845 Confirmatio
768 809 930 842 bonorum
964 806 1110 840 onmium
1132 811 1161 839 et

502 864 687 898 libertatum
720 861 906 895 monasterii
926 859 1078 893 Rorensis
1109 869 1162 891 ca-

502 919 695 953 nonicorum
717 914 917 958 regularium
937 914 967 947 S.
993 911 1162 955 Augustini

502 973 711 1008 Ratisbonen.
733 968 901 1007 dioecesis,
925 966 1000 1000 575.

414 1027 520 1064 XLVI.
553 1024 762 1061 Confirmatio
800 1022 958 1067 primatus
992 1020 1163 1054 Toletanae

501 1080 662 1115 Ecclesiae
700 1088 796 1122 super
834 1082 976 1109 caeteras
1005 1073 1164 1108 Ecclesias

503 1133 749 1178 Hispaniarum,
774 1130 848 1163 576.

414 1188 536 1224 XLVII.
557 1187 709 1231 Sequitur
729 1186 768 1218 ad
797 1184 1022 1228 Hispaniarum
1042 1183 1167 1227 episco-

505 1253 563 1287 pos
583 1242 615 1274 in
635 1241 722 1273 idem
743 1244 983 1282 argumentum,
1007 1236 1082 1270 577.

415 1296 552 1332 XLVIII.
580 1293 787 1336 Privilegium
819 1291 1076 1326 confirmationis
1102 1290 1163 1324 bo-

507 1361 648 1390 norum,
672 1347 887 1393 spectantium
919 1346 978 1390 ads-3.
990 1345 1166 1378 Ecclesiam

504 1403 718 1443 Tarvisinam,
731 1412 814 1446 quae
827 1401 886 1434 sul)
900 1400 1101 1444 protectione
1113 1398 1167 1432 Se-

507 1457 555 1491 dis
573 1455 776 1501 Apostolicae
796 1453 982 1498 suscipitur,
1003 1452 1077 1486 578.

418 1510 526 1545 XLIX.
550 1509 739 1544 Invalidatio
760 1507 938 1542 sentcntiae
960 1507 999 1540 ab
1014 1507 1167 1551 episcopo

507 1554 678 1597 Reginensi
699 1554 781 1586 latae
796 1553 826 1585 in
846 1545 1065 1585 controversia
1086 1551 1168 1584 inter

507 1598 740 1632 monasterium
761 1598 808 1631 Ss.
832 1596 1005 1631 Salvatoris
1025 1602 1056 1629 et
1068 1596 1167 1629 Iuliae

507 1655 604 1688 super
624 1641 841 1687 dependentia
862 1646 1002 1684 quatuor
1018 1640 1166 1673 villarum

507 1689 548 1722 ad
577 1686 890 1721 memonasterium
922 1685 1164 1729 pertinentium,

507 1732 583 1767 580.

418 1788 450 1823 L.
494 1785 703 1822 Confirmatio
749 1783 1015 1819 constitutionum
1055 1785 1067 1827 (
1085 1794 1167 1827 quae
1184 1786 1186 1810 t

509 1832 631 1866 Charta
652 1830 810 1864 Caritatis
830 1828 1046 1872 appellantur)
1059 1828 1098 1861 ab
1117 1838 1169 1861 or-

510 1874 793 1910 dineCisterciensi
811 1873 1046 1906 monachorum
1067 1872 1097 1906 S.
1113 1872 1170 1906 Be—

509 1920 627 1954 nedicti
648 1930 707 1963 pro
735 1929 792 1952 suo
813 1918 899 1950 bono
920 1917 1079 1959 regimine
1105 1916 1187 1950 edi-¹

512 1972 629 2005 tarum,
654 1963 729 1997 582.

420 2027 635 2073 Subsequitur
647 2026 761 2060 Charta
772 2025 916 2059 Caritatis
933 2024 1082 2068 superius
1095 2034 1171 2057 con-

511 2082 650 2121 firmata,
671 2079 746 2113 584.

423 2136 471 2170 LI.
495 2134 663 2170 Canonicis
689 2134 840 2167 basilicae
865 2133 895 2166 S.
920 2131 1005 2165 Petri
1031 2131 1190 2175 in1Vati-‚

514 2190 595 2214 cano
626 2178 816 2212 conceditur
846 2182 961 2221 quarta
980 2186 1054 2220 pars
1080 2176 1190 2214 ohla-,

512 2225 637 2258 tionum
659 2223 818 2261 omnium,
834 2232 916 2266 quac
937 2220 969 2253 in
990 2220 1103 2253 eadem
1117 2221 1173 2253 Ec·
1189 2239 1190 2242 =

514 2269 612 2302 clesia
631 2268 728 2308 fiunt,
753 2266 827 2300 587.

425 2323 488 2357 LII.
516 2321 744 2356 Monasterium
777 2320 958 2354 Sarlatense
985 2320 1091 2363 (nunc
1117 2319 1175 2352 Ec-

515 2366 611 2400 clesia
637 2365 855 2407 Sarlatensis)‚
885 2375 903 2397 a
931 2363 1045 2407 Pipino
1066 2369 1096 2397 et
1119 2363 1175 2397 Ca-

516 2412 586 2444 rolo
603 2410 804 2454 principibus
825 2409 1007 2447 fundatum,
1023 2407 1081 2441 sub
1097 2408 1175 2441 San-

517 2455 561 2488 cti·
575 2455 660 2488 Petri
683 2455 782 2487 tutela
803 2453 971 2496 recipitur,
995 2451 1070 2485 588.

429 2508 506 2543 LIII.
530 2508 739 2542 Confirmatio
767 2507 930 2540 bonorum
963 2505 1122 2545 omnium,
1146 2511 1176 2538 et

518 2553 636 2586 iurium
668 2557 796 2585 sanctae
830 2550 972 2585 Astensis
1000 2549 1172 2589 Ecclesiae,

519 2607 657 2641 quorum
672 2597 829 2629 directum
844 2595 1026 2629 dominium
1037 2594 1096 2627 soli
1110 2594 1176 2637 epi·
1191 2601 1193 2612 ¹

519 2651 616 2684 scopo
638 2640 836 2678 conceditur,
861 2638 935 2673 590.

430 2693 506 2732 LIV.
532 2693 761 2727 Monasterium
787 2693 817 2726 S.
842 2692 1006 2739 Benedicti
1036 2693 1076 2726 de
1096 2691 1177 2726 Saxo

998 261 1181 287 BULLARIUM
1198 260 1350 285 ROMANUM

1281 323 1436 356 Laterone
1450 321 1596 356 Clusinac
1610 321 1765 354 dioecesis
1785 320 1844 354 sub
1863 330 1937 364 pro-

1284 375 1421 409 tectione
1441 375 1531 409 Sedis
1549 374 1750 419 Apostolicae
1770 372 1935 417 recipitur,

1245 432 1252 437 ’
1283 429 1416 473 eiusque
1444 429 1530 462 bona
1560 428 1669 461 onmia
1691 427 1936 466 confirmantur,

1282 482 1356 516 593.
1678 479 1681 482 ’

1194 536 1254 570 LV.
1270 538 1462 571 Monasterio
1475 537 1624 571 Bcccensi
1642 536 1853 570 confirmatur
1869 545 1940 578 pos-

1283 591 1381 624 sessio
1393 591 1553 624 Ecclesiae
1573 591 1707 624 Sanctae
1727 589 1889 623 Trinitatis
1901 590 1942 624 de

1284 644 1504 681 Bello-Monte,
1529 643 1603 677 593.

1196 696 1271 730 LVI.
1289 697 1440 741 Sequitur
1454 698 1495 730 in'
1508 698 1591 731 idem
1611 703 1850 741 argumentum,
1863 696 1937 730 594.

1196 750 1285 784 LVII.
1318 752 1508 785 Bituricensi
1538 752 1699 786 Ecclesiae
1726 752 1883 796 primatus
1910 751 1942 784 in

1285 805 1517 839 Bituricensem
1536 812 1566 839 et
1583 805 1847 848 Burdigalensem
1869 816 1942 849 pro-

1286 859 1405 892 vincias
1426 859 1648 900 confirmatur,
1672 859 1747 893 594.

1197 912 1303 946 LVIII.
1328 913 1533 946 Canonizatio
1553 914 1583 947 S.
1607 913 1761 946 Henricil
1782 913 1943 947 Romano-

1288 976 1358 999 rum
1382 966 1598 1010 impcratoris‚
1621 965 1695 1000 595.

1415 1091 1652 1125 ANASTASIL‘S
1676 1091 1724 1125 IV.

1200 1201 1223 1234 1.
1247 1200 1457 1234 Confirmatio
1477 1199 1777 1243 praerogativarum
1798 1199 1944 1233 omnium

1291 1265 1308 1287 a
1328 1253 1469 1288 Summis
1490 1253 1644 1287 Romanis
1664 1252 1874 1286 Pontificibus
1896 1263 1947 1286 ca-

1291 1308 1414 1341 nonicis
1425 1307 1546 1341 Pisanis
1556 1317 1794 1348 concessarum,
1809 1317 1946 1351 acprae-

1290 1362 1383 1406 cipue
1404 1361 1616 1394 donationum
1638 1360 1759 1394 eisdem
1785 1360 1824 1393 ab
1845 1360 1947 1403 Euge-

1290 1416 1344 1449 nio
1369 1416 1426 1449 1³1³.
1452 1416 1489 1449 111
1511 1416 1680 1455 factarum,
1704 1414 1778 1449 596.

1202 1471 1236 1504 ll.
1262 1469 1469 1511 Privilegium
1498 1469 1741 1502 Beneventanae
1767 1469 1944 1510 Ecclesiae,

1291 1524 1424 1567 eiusque
1438 1522 1691 1566 archiepiscopis
1706 1533 1893 1556 concessum
1907 1522 1947 1556 ab

1292 1577 1459 1610 Anastasio
1480 1576 1538 1609 PP.
1563 1576 1612 1615 IV,
1636 1575 1710 1609 599.

1201 1633 1250 1666 III.
1283 1631 1490 1673 Privilegium
1522 1629 1745 1670 immunitatis,
1779 1630 1943 1664 omnimo-

1291 1676 1417 1718 daeque
1448 1674 1662 1718 exemptionis
1694 1674 1882 1707 monasterii
1913 1674 1944 1708 S.

1293 1719 1435 1753 Antliimi
1472 1719 1586 1752 Montis
1623 1718 1737 1758 licini,
1773 1729 1949 1762 rerumque

1291 1764 1437 1798 omnium
1454 1764 1493 1796 ad
1514 1763 1591 1795 illud
1613 1762 1844 1807 pertinentium
1866 1773 1946 1796 con-

1293 1808 1445 1849 firmatio,
1470 1806 1544 1840 600.

1204 1863 1252 1897 IV.
1277 1861 1488 1896 Confirmatio
1519 1861 1681 1894 honorum
1713 1861 1876 1901 omnium,
1909 1861 1948 1894 ad

1293 1907 1513 1940 Arelatensem
1530 1906 1704 1939 Ecclesiam
1719 1905 1946 1949 spectantium,

1293 1962 1330 1984 ac
1348 1950 1573 1984 transactionis
1592 1949 1689 1983 initae
1702 1950 1950 1983 interRaimun-

1294 1997 1370 2029 dum
1407 1994 1688 2038 archiepiscopum
1727 2000 1758 2027 et
1795 1994 1950 2028 Anfosum

1294 2040 1449 2075 ,Comitem
1469 2039 1676 2078 Tolosanum,
1701 2037 1776 2072 602.

1187 2094 1240 2128 iv.
1264 2093 1470 2135 Privilegium
1501 2092 1757 2125 confirmationis
1786 2092 1949 2125 bonorum

1294 2138 1456 2177 omnium,
1482 2143 1510 2169 ct
1539 2137 1658 2169 iurium
1685 2136 1715 2170 S.
1750 2136 1952 2170 Massiliensis

1297 2182 1473 2222 Ecclesiae,
1497 2179 1571 2214 603.

1209 2237 1257 2270 Vl.
1278 2235 1485 2278 Privilegium
1514 2234 1771 2268 confirmationis
1791 2234 1952 2267 bonorum

1296 2280 1443 2314 onmium
1469 2280 1499 2313 S.
1523 2279 1699 2312 Fesulanae
1718 2278 1890 2317 Ecclesiae,
1915 2289 1952 2312 ao

1297 2324 1551 2369 privilegiorum,
1576 2323 1680 2356 eidem
1701 2334 1717 2356 a
1730 2322 1871 2368 Summis
1884 2323 1949 2356 Ro-

1298 2369 1400 2402 manis
1442 2367 1653 2401 Pontificibus
1698 2377 1949 2406 concessorum,

1298 2413 1372 2447 605.

1297 2469 1483 2506 Decretum,
1508 2472 1542 2499 ut
1563 2466 1794 2499 monasterium
1808 2466 1950 2499 Glanna-

1300 2512 1433 2545 soliense
1459 2511 1566 2545 Sancti
1588 2510 1687 2544 Mauri
1713 2510 1950 2544 Antisiodoren.

1300 2556 1455 2590 dioecesis
1486 2555 1690 2599 Apostolicae
1725 2554 1799 2588 Sedi
1832 2554 1951 2587 imme-

1300 2601 1384 2634 diate
1411 2600 1591 2634 subiectum
1619 2599 1658 2632 sit
1678 2609 1751 2632 cum
1776 2598 1870 2632 bonis
1889 2597 1955 2632 suis

1300 2645 1468 2682 omnibus,
1484 2644 1542 2677 sub
1561 2643 1746 2677 obedientia
1767 2650 1874 2676 tamen
1886 2651 1955 2676 1110·

1300 2689 1432 2724 nasterii
1453 2688 1660 2729 Cassiuensis,
1681 2686 1755 2720 606.

1210 2468 1275 2502 Vll.
