2180 3205
170 250 223 278 An.
240 248 269 277 C.
285 249 352 276 lifts)

212 1326 334 1347 omnimoda

200 1359 306 1384 exemptio
328 1357 352 1377 ab

183 1390 238 1408 ouini
254 1388 365 1411 molestia,

183 1421 208 1441 ri,
220 1420 366 1443 diminutione,

183 1456 228 1470 cuin
254 1450 367 1469 continna-

183 1481 240 1499 tione
261 1478 365 1505 prixilegii

183 1510 251 1530 huius.

417 233 486 269 530

367 300 498 339 dorum,
527 297 678 333 Sanctum
711 293 832 329 Zoilum
855 291 894 327 de
921 290 1115 333 Quarrione‚

367 353 518 388 Sanctum
546 351 727 384 Romanuin
755 347 794 381 de
816 345 945 385 Pennis,
980 342 1118 377 Villam-

366 405 526 447 Vir-idem,
562 400 865 439 Villam-Francam,
893 396 1120 433 Vallam-Viri-

369 459 452 499 darn.
466 456 702 496 Palumbarum,
718 453 890 493 Bodinum,
904 451 1119 491 Vimineriam,

370 512 520 547 Sanctum
546 510 716 545 Mai-tinum
745 509 783 543 de
811 507 934 550 Nelida,
968 505 1120 540 Sanctum

370 565 571 600 Vincentinm
598 564 637 598 de
669 562 889 602 salamantica,
916 560 951 595 S.
981 558 1122 594 Colum-

372 619 442 653 bam
471 618 509 652 de
536 617 662 664 Burgis,
696 615 916 656 Corvilauain,
943 625 1022 660 quae
1050 624 1122 659 pro-

372 672 437 719 prie
464 671 667 706 Cluniae-ensi
699 669 887 705 monasterio
915 668 1005 702 datae
1033 673 1120 701 sunt:

373 726 446 759 item
471 726 500 759 in
529 724 714 759 Nivernensi
750 723 934 770 episcopatu
963 727 1124 754 monaste-

373 779 452 812 rium
487 778 526 812 de
553 778 735 821 Albiniaco,
770 775 856 823 quod
877 776 915 810 ad
943 774 1122 809 caritatem:

373 832 403 866 in
420 831 551 866 Francia
565 831 789 866 monasterium
803 829 843 864 de
856 829 1023 867 causiaco,
1039 825 1123 873 quod

373 885 411 919 atl
433 886 466 919 S.
490 885 661 920 Martinam
678 885 716 919 de
738 883 878 930 Campis,
900 880 1124 917 Canonicalem

373 939 412 972 de
451 938 614 973 Abberilla
652 937 809 983 pertinet:
849 935 983 970 insulam
1024 933 1125 968 Grave

189 1002 313 1023 Decretum.
334 991 467 1036 nelonge
495 1003 568 1025 enni
602 991 809 1037 pertinentiis.
840 989 1048 1024 prohibemus
1070 999 1127 1021 au—

177 1034 198 1052 in
215 1033 320 1058 p-norlnis
337 1032 361 1051 ad

191 1064 341 1083 monasterinm

193 1093 348 1120 spectantibus,

179 1125 300 1146 ecclesi-ie,
331 1130 354 1143 re

180 1154 274 1181 capella·v
285 1154 335 1180 ..tssq

180 1184 261 1205 abb-nis
278 1185 332 1203 lii-en

180 1219 336 1235 construantur.

376 1053 450 1084 teni,
479 1054 513 1077 ut
535 1044 612 1078 insi-a
642 1044 818 1091 parochias,
851 1043 888 1077 ad
920 1043 970 1077 ius
995 1041 1128 1077 Clunia-

358 1100 480 1143 lcensis
526 1098 706 1133 monasterii
750 1098 963 1144 pertinentes,
1007 1095 1128 1142 absque

336 1159 365 1204 ἒξ
379 1152 599 1187 Cluniacensis
632 1151 751 1186 abbatis
778 1163 909 1185 assensu
944 1149 1049 1183 nullus
1075 1160 1129 1183 ec-

379 1207 507 1242 elesiam
531 1207 576 1241 vel
604 1206 757 1253 capellam
789 1204 956 1240 aedificare
993 1214 1130 1250 praesu—

380 1270 457 1295 mat:
481 1261 563 1295 salva
586 1260 617 1295 in
641 1260 790 1294 omnibns
811 1258 1012 1306 Apostolicae
1038 1256 1131 1291 Sedis

380 1316 574 1350 auctoritate.
617 1313 826 1348 Decernimus
861 1325 953 1359 erg,0‚
985 1320 1018 1346 ut
1053 1311 1130 1345 nulli

381 1370 511 1403 omnino
542 1368 705 1402 bominum
729 1368 840 1408 liceat,
868 1366 1040 1414 praefatum
1064 1377 1132 1399 mo-

382 1423 552 1457 nasterium
588 1430 704 1456 temere
740 1421 939 1468 perturbare,
979 1428 1030 1454 aut
1064 1420 1133 1454 eius

382 1478 600 1523 possessiones
621 1476 755 1520 auferre⁷
780 1475 826 1510 vel
849 1474 966 1509 ablatas
987 1473 1133 1513 retinere,

383 1532 545 1575 minuere,
568 1538 620 1565 aut
637 1530 795 1576 aliquibus
822 1527 1038 1563 vexationibus
1058 1527 1133 1561 fati-

383 1596 473 1632 gare,
508 1585 562 1619 sed
597 1585 702 1619 omnia
737 1584 856 1628 integra
892 1589 1134 1621 conserventur,

384 1650 507 1682 eoi-uin,
530 1650 586 1684 pro
612 1650 747 1684 quorum
770 1636 997 1683 gubernatione
1015 1643 1044 1670 et
1060 1634 1136 1669 sub-

385 1694 572 1727 stentatione
598 1703 748 1726 concessa
779 1699 868 1731 sunt,
901 1690 1011 1725 usibus
1038 1689 1139 1723 omni·

386 1746 490 1781 modis
510 1746 681 1793 profutura.
704 1745 738 1779 Si
761 1757 820 1792 qua
837 1745 931 1792 igitur
946 1745 975 1778 in
996 1744 1135 1778 futurum

387 1800 597 1835 ecclesiastica
631 1798 839 1833 saecularisve
875 1809 1028 1845 persona,
1059 1797 1139 1832 lianc

388 1862 513 1888 nostrae
526 1852 760 1888 constitutionis
777 1851 920 1899 paginam
934 1852 1048 1896 sciens⁷
1070 1863 1140 1886 con-

389 1916 435 1942 tra
457 1919 525 1942 eam
544 1914 659 1941 temere
679 1907 784 1941 venire
801 1906 975 1945 tentaverit,
998 1905 1140 1941 secundo

389 1961 518 1996 tertiove
545 1960 734 1994 commonita
768 1960 792 1993 si
834 1971 897 1994 non
930 1958 1142 1994 satisfactione

390 2026 530 2061 congrua
538 2013 763 2057 emendaverit,
779 2013 1142 2060 potestatislionorisque

392 2070 439 2104 sni
462 2069 613 2115 dignitate
635 2076 756 2112 careat,
788 2079 936 2114 reamque
969 2079 1002 2101 se
1037 2066 1143 2101 divino

392 2124 508 2157 iudicio
540 2123 674 2157 existere
703 2121 741 2156 de
768 2129 945 2168 perpetrata
980 2121 1144 2167 iniquitate

394 2184 561 2222 cognoscat
591 2184 620 2210 et
651 2187 668 2210 a
699 2175 910 2210 sacratissimo
943 2174 1083 2222 Corpore
1115 2182 1146 2209 et

395 2229 557 2276 Sanguine
589 2229 648 2264 Dei
684 2238 714 2264 ct
748 2229 876 2263 Domini
925 2228 1147 2276 Redemptoris

397 2285 492 2318 nostri
521 2284 590 2318 Iesu
618 2283 734 2318 Christi
758 2283 858 2318 aliena
886 2282 955 2328 fiat,
990 2292 1082 2330 atque
1116 2283 1147 2316 in

397 2346 536 2373 extremo
558 2339 700 2372 examine
724 2337 882 2372 districtae
911 2337 1019 2372 ultioni
1038 2337 1148 2372 subia-

398 2400 474 2427 ceat.
498 2392 630 2427 Cunctis
651 2400 754 2426 autem
774 2391 876 2426 eidem
899 2391 968 2425 loco
990 2391 1069 2425 iusta
1087 2403 1148 2426 ser-

399 2446 543 2480 vantibus
554 2447 593 2480 sit
610 2459 668 2493 pax
683 2446 809 2480 Domini
824 2445 921 2480 nostri
937 2445 1005 2479 lesu
1019 2444 1148 2486 Cliristi3

398 2509 554 2546 quatenus
580 2509 610 2534 et
638 2500 689 2535 liic
722 2499 857 2534 fructum
888 2498 988 2533 bonae
1016 2497 1149 2532 actionis

400 2549 590 2596 percipiant,
625 2558 654 2584 et
688 2550 769 2596 apud
801 2548 977 2583 districtum
1011 2547 1148 2581 Iudicem

400 2599 534 2645 praemia
563 2607 704 2633 aeternae
730 2599 816 2645 pacis
839 2598 1008 2632 inveniant.
1037 2599 1148 2631 Anien.

954 233 1141 260 BULLAmtm
1167 230 1331 258 Romanum

1922 226 1973 253 An.
1991 225 2022 253 C.
2037 225 2104 254 Ηῑιῦ

1209 295 1280 330 Euo
1324 294 1490 329 Euassmns
1533 290 1705 328 catholicae
1749 289 1909 327 Ecclesiae
1945 298 2086 328 augemur.

1160 345 1330 393 episcopus
1351 342 1533 389 subscripsi.
1750 346 1753 348 “

1218 913 1286 959 Ego
1307 912 1472 947 Conradus
1494 912 1679 947 Sabinensis
1704 911 1801 958 episc.
1825 924 1867 946 ss.
1933 929 1954 946 ei
1972 924 1993 945 s.
2014 923 2038 944 ιι.
2058 922 2114 944 aeci.

1217 962 1285 1008 Ego
1312 961 1478 996 Albericus
1503 960 1662 996 Ostiensis
1688 962 1787 1008 episc.
1813 973 1854 995 ss.
1933 955 2110 1012 „ffigffffiffim

1219 1011 1287 1057 Ego
1310 1010 1429 1045 {marus
1456 1010 1655 1045 Tusculanus
1680 1011 1849 1057 episcopus
1876 1022 1917 1044 ss,

1218 1060 1286 1106 Ego
1299 1059 1472 1105 Gregorius
1487 1060 1590 1107 presb.
1606 1060 1690 1094 card.
1705 1058 1861 1094 S.Calixti
1876 1072 1919 1093 ss.

1219 1109 1286 1155 Ego
1312 1108 1417 1143 Guido
1439 1108 1544 1156 presb.
1575 1108 1742 1144 cardinalis
1763 1107 1797 1142 S.
1824 1107 1922 1155 Chry-

1171 1170 1282 1205 sogoni
1308 1170 1350 1192 ss.

1220 1207 1289 1254 Ego
1322 1206 1466 1241 Ubaldus
1508 1206 1610 1254 presb.
1646 1206 1731 1242 card.
1768 1206 1849 1241 tituli
1884 1205 1920 1241 S.

1172 1256 1323 1292 Praxedis
1348 1268 1390 1290 ss.

1221 1305 1290 1352 Ego
1312 1304 1456 1340 Ubaldus
1480 1304 1584 1352 presb.
1607 1304 1692 1340 card.
1720 1306 1766 1340 tit.
1793 1305 1843 1339 Ss.
1872 1304 1924 1339 Io-

1173 1356 1264 1390 annis
1284 1362 1314 1389 et
1336 1354 1436 1389 Pauli.

1223 1404 1291 1449 Ego
1323 1402 1485 1438 Gilbertus
1523 1403 1672 1450 indignus
1708 1402 1856 1438 sacerdos
1887 1401 1922 1437 S.

1175 1453 1337 1488 Romanae
1363 1452 1522 1487 Ecclesiae
1548 1464 1591 1486 ss.

1224 1502 1293 1548 Ego
1319 1501 1426 1536 Guido
1453 1501 1556 1548 presb.
1584 1501 1668 1536 card.
1694 1502 1741 1537 tit.
1768 1501 1802 1535 S.

1176 1552 1268 1587 rentii
1291 1551 1321 1584 in
1348 1549 1485 1585 Damaso
1499 1562 1541 1585 ss.

1226 1600 1294 1647 Ego
1325 1599 1475 1634 'Nicolaus
1514 1599 1617 1647 presb.
1656 1599 1743 1635 card.
1777 1599 1857 1633 tituli
1891 1599 1925 1633 S.

1178 1648 1299 1696 Cyriaci
1326 1661 1368 1683 ss.

1227 1710 1296 1757 Ego
1317 1709 1499 1746 mantredus
1524 1711 1628 1758 presb.
1663 1711 1750 1746 card.
1784 1712 1864 1746 tituli
1891 1709 1927 1745 S.

1180 1760 1317 1796 Sabinae
1345 1772 1385 1794 ss.

1230 1809 1298 1855 Ego
1324 1808 1489 1844 Aribertns
1521 1809 1625 1857 presb.
1662 1809 1746 1844 card.
1779 1808 1813 1845 S.
1844 1809 1931 1845 Ana-

1182 1867 1295 1893 stasiae
1317 1870 1360 1892 ss.

1231 1907 1299 1953 Ego
1318 1905 1459 1941 Ubaldus
1477 1907 1581 1954 presb.
1600 1907 1685 1942 card.
1703 1908 1752 1942 tit.
1768 1907 1804 1944 S.
1818 1907 1931 1943 Crucis

1184 1956 1214 1991 in
1238 1955 1435 1991 Hierusalem
1458 1968 1500 1990 :s.

1233 2005 1301 2052 Ego
1322 2004 1466 2039 Villanus
1488 2004 1591 2052 presb.
1619 2005 1704 2041 card.
1727 2005 1774 2041 tit.
1799 2005 1832 2041 S.
1860 2006 1934 2042 Ste-

1186 2054 1279 2102 phani
1308 2054 1338 2088 in
1362 2054 1471 2088 Coei-i..
1495 2063 1600 2089 monte
1621 2067 1662 2090 ss.

1235 2103 1303 2149 Ego
1324 2103 1505 2138 Bernardus
1535 2104 1640 2150 presb.
1674 2103 1758 2139 card.
1788 2104 1867 2139 tituli
1895 2104 1931 2139 S.

1187 2152 1362 2187 Clementis
1388 2165 1431 2187 ss.

1236 2202 1305 2248 Ego
1332 2201 1483 2237 lordanus
1501 2202 1606 2249 presb.
1634 2202 1719 2238 card.
1742 2202 1788 2237 tit.
1809 2202 1844 2238 S.
1871 2201 1937 2237 Su-

1187 2263 1302 2286 sannae
1324 2262 1366 2296 ss.

1239 2300 1307 2346 Ego
1339 2299 1415 2335 Otto
1448 2299 1601 2335 diaconus
1632 2300 1719 2336 card.
1747 2300 1780 2335 S.
1807 2300 1937 2348 Georgii

1189 2350 1226 2385 ad
1254 2349 1367 2384 Velum
1393 2349 1534 2385 Aureum
1561 2362 1602 2384 ss.

1238 2398 1305 2446 Ego
1322 2397 1429 2433 Gnido
1451 2399 1605 2434 diaconus
1625 2398 1711 2434 card.
1730 2397 1781 2434 Ss.
1803 2398 1938 2434 Cosmae

1190 2457 1221 2483 et
1243 2448 1387 2483 Damiani
1403 2460 1445 2483 ss.

1240 2497 1308 2543 Ego
1330 2496 1524 2532 Octavianus
1545 2497 1624 2533 diac.
1648 2497 1734 2532 card.
1760 2496 1792 2531 S.
1815 2495 1935 2532 Nicolai

1192 2547 1223 2581 in
1251 2548 1384 2581 Carrei-e
1406 2547 1551 2581 Tulliano
1573 2559 1614 2581 ss.

1243 2596 1310 2642 ligo
1328 2596 1500 2641 Gregorius
1515 2597 1594 2631 diac.
1611 2595 1695 2631 card.
1712 2594 1746 2628 S.
1761 2594 1873 2642 Angeli
1894 2607 1935 2629 ss.

1840 1501 1926 1537 Lau-
