2180 3205
13 253 61 278 Au.
82 251 109 276 l'..
131 250 196 277 l‘t'iti

40 490 160 512 Exordium.

40 675 138 702 Ray-nerii
154 675 200 695 Flo-

16 705 68 723 renti
63 703 90 723 ini
106 703 159 728 epis(
158 701 199 728 'opi

16 729 69 750 insta
72 730 124 750 utit.

45 990 60 1011 Α
68 989 155 1010 Nicolao
164 988 202 1009 Pr.

19 1016 36 1037 11
52 1016 120 1037 factae
137 1015 203 1036 dona-

19 1043 104 1066 tiones
118 1048 181 1063 conce
172 1047 203 1062 ι-ε

20 1069 204 1117 ἓὶῖἓῖἒᾞίὲὲῗ“

36 1437 171 1462 praepositus
187 1438 208 1457 et

7 1471 10 1474 >
23 1463 118 1485 ramuici
132 1463 170 1484 sub
182 1464 206 1484 Α·

24 1489 207 1516 pustoticaeSedis

23 1516 135 1538 truiimine
173 1522 206 1537 su-

23 1543 150 1570 scipiuntuiw

51 1639 150 1665 Bonaque
166 1645 208 1659 nm-

24 1666 59 1686 iit
73 1666 98 1686 ad
115 1671 152 1686 eos
161 1671 208 1690 per-

24 1693 111 1713 tinentia
134 1692 209 1714 confir-

24 1721 113 1740 maniur.

827 232 853 256 S.
881 232 1066 255 cums-01:111<
1090 232 1133 253 x'tt
1159 232 1205 254 [Ψ.

224 296 366 332 Gregorius
386 295 527 331 opiscopus
547 301 642 323 servus
671 299 809 321 servorum
833 292 888 324 Dei,
905 292 974 319 mar-

267 342 326 370 tino
336 341 360 368 S.
369 340 537 368 Florentinae
548 339 680 367 Ecclesiae
688 337 851 373 Praeposito,
859 336 975 371 aliisque

267 385 451 414 connatrtbus
474 383 621 416 canonicis.
637 383 746 418 tuisque
765 381 973 413 successorihus.

267 431 295 459 ln
315 431 485 466 perpetuum.

271 483 305 518 Si
349 483 440 517 iustis
479 494 640 518 servorum
680 481 739 516 Dei
769 478 975 526 petitionibus

222 532 489 575 satisfecerimus,
527 531 633 578 procul
672 530 768 565 dubio
803 528 973 576 apostoliea

223 590 389 630 praecepta
414 593 584 616 servamus.
612 580 813 626 Quapropter
840 578 976 612 interve-

223 632 330 666 niente
351 631 507 666 confratre
524 637 632 664 nostro
648 628 803 676 Rajnerio
825 628 975 674 episcopo

223 689 325 716 xcstro
352 680 587 719 confirmamus,
614 686 707 724 atque
735 677 976 712 coimioboiamus

223 730 294 767 tibi.
330 730 456 775 tuisque
487 728 737 783 successoribus,
760 726 915 773 quidquid
945 726 974 759 iu

225 779 338 825 pagina
383 777 596 812 concessionis
635 784 665 811 et
707 775 975 814 confirmationis,

224 840 318 875 quam
346 835 447 861 vester
477 827 548 861 l'ecit
580 826 668 860 mbis
696 825 872 863 Ger-ardus,
900 833 976 858 tune

224 877 407 923 episcopus,
430 884 535 922 postea
564 876 728 910 Romanae
750 874 843 909 Sedis
864 874 976 908 Ponti-

226 925 288 968 fex,
324 925 509 971 rescriptum
533 937 602 959 esse
624 931 761 968 constat,
783 924 829 958 vel
858 931 976 958 vestrae

224 974 414 1010 Canonicae.
429 974 530 1016 Quam
546 974 663 1008 scilicet
680 973 873 1008 Canonicam
891 980 941 1006 tut
946 985 977 1006 n-

225 1023 296 1059 dam
320 1031 350 1059 et
372 1023 603 1058 defendendam
626 1035 683 1077 per
715 1022 858 1057 eamdem
888 1022 977 1076 pagi-3

226 1085 298 1107 nam
340 1073 405 1119 ipse
446 1081 549 1107 vester
583 1073 751 1126 episeopus
787 1071 976 1105 sanctissimi

226 1121 480 1169 praedecessoris
502 1121 562 1155 mei
586 1121 702 1155 leonis
717 1121 751 1155 P
744 1132 820 1167 ipae
834 1132 977 1154 suorum-

227 1183 289 1217 que
316 1182 533 1205 suecessorum
569 1170 741 1204 auctoritati
778 1169 924 1204 tuendam
948 1177 977 1203 et

228 1219 457 1254 defendendam
485 1220 656 1262 commisit,
678 1227 772 1265 atque
799 1219 977 1265 supposuit,

229 1276 264 1302 ut
286 1269 382 1315 quieti
411 1275 441 1302 ct
468 1268 568 1303 securi
588 1268 626 1302 ab
644 1269 727 1301 omui
752 1268 888 1302 laesione
908 1280 978 1313 per-

227 1329 357 1352 manere
379 1317 516 1351 valeatis.
538 1317 704 1351 Desiderio
727 1317 830 1363 itaque
848 1329 883 1351 ae
900 1317 979 1362 peti-

229 1366 316 1400 tione
344 1374 406 1405 tua,
429 1375 461 1399 ut
483 1366 628 1405 diximus,
652 1366 803 1405 inclinati,
830 1373 860 1399 et
882 1377 979 1411 prae-

230 1414 372 1461 positum
394 1421 488 1460 atque
510 1426 708 1449 successores
734 1414 915 1448 canonicam
940 1414 980 1448 vi-

228 1471 290 1497 tam
331 1463 483 1498 ducturos
528 1463 587 1497 sub
626 1465 754 1498 nostrae*
790 1463 981 1510 apostolicae

228 1511 425 1547 defensionis
477 1512 651 1547 munimine
695 1512 906 1559 suscipimus:
949 1521 980 1546 et

230 1562 310 1597 bona
338 1562 456 1602 omnia,
483 1573 563 1608 quae
584 1569 683 1596 vestra
713 1561 807 1596 habet
833 1570 863 1596 et
889 1561 980 1595 babi-

229 1619 297 1645 tura
319 1619 378 1655 est⁷
392 1618 422 1645 et
440 1611 498 1645 sibi
515 1611 683 1657 pertinent,
706 1610 877 1650 Canonica,
891 1611 980 1645 vide-

229 1659 343 1695 delicet
375 1669 495 1704 curtes,
526 1667 639 1699 terras,
672 1669 701 1694 et
729 1661 813 1694 iuxta
847 1659 980 1694 Floren-

230 1709 326 1743 tiuam
366 1709 475 1743 urbem
516 1717 637 1755 pratum
670 1709 792 1755 Regis,
833 1721 978 1756 campum

230 1757 328 1804 Regis
361 1766 459 1792 totum
493 1770 565 1792 cum
603 1759 721 1792 mansis
755 1766 785 1792 et
818 1759 980 1792 territoriis

231 1807 391 1846 omuibus,
418 1819 498 1853 quae
525 1807 554 1840 in
578 1807 759 1841 Florentina
781 1815 868 1841 curte
886 1807 980 1842 habet

231 1864 262 1890 et
290 1856 426 1899 retinet,
458 1855 507 1889 vel
538 1856 596 1890 sibi
629 1857 796 1902 pertinent,
825 1857 979 1902 praedicta

231 1913 332 1940 vestra
357 1904 535 1940 Canonica:
556 1914 675 1939 curtem
691 1905 723 1939 S.
747 1905 891 1940 Andreae
909 1919 979 1940 cum

232 1953 381 1988 omnibus
416 1953 475 1988 sibi
513 1954 758 2000 pertinentibus:
794 1963 913 1989 curtem
942 1955 980 1988 de

232 2003 365 2044 Quinto:
389 2010 508 2037 curtem
525 2003 563 2037 de
582 2003 722 2038 Cintoria
745 2015 817 2037 cum
834 2004 982 2038 omnibus

234 2051 300 2086 suis
327 2051 538 2098 pertinentiis,
560 2060 589 2086 et
613 2052 696 2086 illam
726 2061 861 2099 partem,
887 2066 980 2099 quam

234 2100 347 2134 Petrus
372 2100 570 2147 primicerius
596 2109 701 2135 contra
724 2102 874 2136 canoniea
894 2103 983 2139 iusti-

182 2157 187 2159 ·
235 2156 299 2183 tuta
321 2161 473 2195 usurpare
488 2149 574 2183 visus
587 2157 650 2183 est:
668 2149 790 2196 plebem
807 2150 845 2184 (le
864 2151 981 2184 Exiuea

235 2210 307 2233 cum
335 2206 422 2232 curte
450 2205 480 2231 et
507 2199 625 2232 mansis
654 2206 684 2232 et
711 2199 859 2233 omuibus
888 2200 984 2233 terri—

236 2247 347 2290 toriis,
373 2246 661 2288 decimationibus,
696 2259 915 2302 quaecumque
945 2248 982 2282 ad

235 2296 378 2339 eamdem
417 2295 540 2350 plebem
581 2296 627 2330 vel
668 2305 787 2331 curtem
829 2297 984 2342 pertinere

235 2345 398 2380 sidentur:
427 2345 556 2391 insuper
583 2352 704 2385 totum,
739 2346 822 2399 quod
857 2346 985 2380 I'lieuzo

238 2394 320 2428 lilius
349 2393 456 2439 Lepizi
493 2405 548 2440 pro
581 2394 680 2428 salute
707 2395 829 2428 animae
856 2407 932 2429 suae
955 2396 984 2429 in

237 2442 368 2477 ecclesia
392 2442 425 2477 S.
454 2441 578 2476 Ioannis
593 2443 734 2482 contulit,
758 2444 803 2478 vel
824 2443 853 2477 in
875 2444 984 2478 eadem

238 2491 412 2526 Canonica:
437 2499 549 2525 terram
574 2491 606 2524 S.
632 2491 755 2525 Proculi
780 2492 810 2526 in
831 2493 986 2539 praedicta

240 2540 344 2586 plebe:
383 2548 503 2575 curtem
540 2540 579 2574 ‹le
616 2541 700 2579 lacu,
728 2553 808 2587 quae
835 2549 880 2575 est
909 2542 986 2576 infra

239 2588 363 2636 plebem
386 2588 419 2624 S.
448 2589 530 2624 Petri
565 2589 638 2631 sita;
666 2589 788 2624 Valiam
817 2602 889 2625 cum
917 2603 987 2625 om—

1684 220 1720 250 Π

1021 286 1113 320 nibus
1153 286 1337 320 adiacentiis
1375 294 1403 320 et
1447 284 1645 331 pertinentiis
1684 285 1766 319 suis:

1018 347 1164 382 eampum
1206 335 1414 370 nihilominus
1457 334 1582 369 Randi:
1623 334 1769 371 similiter

1017 383 1180 419 ecclesiam
1209 384 1242 418 S.
1267 384 1362 425 Petri,
1384 396 1464 431 quae
1485 383 1600 419 <licitur
1621 383 1768 419 Cantuari

1017 446 1088 468 cum
1123 433 1190 467 suis
1226 433 1445 480 pertinentiis,
1479 445 1572 480 quam
1606 432 1769 468 Gerardus

1019 482 1204 517 venerabilis
1226 482 1393 529 episcopus
1428 482 1626 517 Florentiuae
1655 482 1767 517 Eccle-

1017 532 1080 566 siae
1103 532 1292 579 praelibatae
1314 532 1445 565 eontulit
1467 532 1662 572 Canonicae:
1687 545 1768 567 nec-

1018 594 1079 615 non
1098 581 1288 627 ubicumque
1303 581 1428 627 aliquod
1454 581 1567 615 babere
1587 581 1632 614 vel
1650 590 1767 624 tenere,

1017 638 1071 664 aut
1112 630 1172 664 sibi
1210 630 1365 676 pertinere
1401 629 1522 663 videtur
1561 630 1626 676 ipsa
1669 639 1767 665 vestra

1017 679 1195 714 Canonica:
1224 687 1254 713 et
1291 678 1445 725 quidquid
1471 679 1631 714 Gerardus
1657 680 1768 714 archi-

1020 729 1179 776 presbyter
1199 740 1255 775 pro
1278 728 1431 763 beneficio
1454 728 1483 762 in
1508 728 1572 774 ipsa
1590 728 1769 764 Florentina

1018 778 1158 812 Ecclesia
1194 778 1310 818 tenuit,
1344 786 1404 811 tam
1435 777 1464 811 in
1492 777 1768 819 decimationibus,

1017 839 1173 874 quamque
1196 827 1226 861 in
1250 826 1367 861 mansis
1397 834 1427 861 et
1456 826 1485 860 in
1510 827 1662 873 praediis:
1689 840 1767 862 nee-

1018 888 1080 911 non
1124 884 1154 910 et
1194 887 1414 923 quaecumque
1453 875 1635 923 Stephanus
1672 876 1769 912 abbas

1017 938 1054 960 ex
1071 926 1224 960 beneficio
1247 925 1361 959 tenuit:
1377 925 1532 966 similiter,
1551 933 1581 959 et
1596 938 1770 972 quaecum—

1018 987 1080 1022 que
1103 974 1271 1021 primicerii
1300 974 1450 1009 beneficia
1473 974 1574 1015 fuere3
1591 984 1685 1022 atque
1701 976 1770 1022 ple-

1019 1024 1089 1058 bem
1119 1024 1153 1059 S.
1181 1023 1334 1071 Hippoliti
1368 1023 1459 1058 sitam
1494 1023 1601 1058 Elsae:
1632 1025 1770 1072 itemque

1018 1086 1163 1120 campum
1191 1082 1221 1107 et
1244 1073 1380 1113 hortum,
1408 1072 1462 1119 qui
1484 1081 1531 1107 est
1562 1074 1644 1108 iuxta
1665 1075 1769 1109 eccle-

1018 1123 1095 1156 siam
1119 1122 1152 1156 S.
1177 1122 1366 1169 Reparatae:
1390 1134 1445 1156 scu
1468 1122 1560 1157 etiam
1594 1131 1709 1163 curtes,
1737 1132 1768 1158 ct

1019 1171 1183 1211 ecelesias,
1217 1179 1310 1217 atque
1344 1171 1506 1205 castellum
1543 1172 1572 1206 iu
1613 1173 1769 1207 territorio

1021 1220 1161 1267 plebium
1189 1220 1224 1254 S.
1248 1220 1374 1254 Ioannis
1404 1220 1542 1259 Maioris,
1570 1229 1598 1255 et
1622 1221 1654 1254 S.
1683 1221 1770 1255 Lau-

1020 1269 1123 1309 rentii,
1150 1276 1180 1303 et
1203 1269 1236 1303 S.
1260 1268 1415 1313 Cassiani,
1438 1281 1452 1303 a
1479 1269 1593 1304 linibus
1615 1270 1676 1314 iugi
1705 1271 1770 1304 At-

1021 1318 1108 1362 pium
1144 1318 1382 1352 Mucellensium
1426 1331 1524 1364 usque
1565 1319 1593 1353 iu
1635 1319 1764 1354 fluvium

1019 1366 1130 1407 Sevae,
1157 1379 1237 1413 quae
1263 1367 1438 1401 Hieremias
1472 1368 1553 1401 lilius
1588 1368 1767 1414 llclepraudi

1022 1428 1077 1462 pro
1103 1427 1158 1449 sua
1187 1415 1303 1462 filiique
1329 1416 1376 1449 sui
1397 1416 1499 1449 anima
1517 1429 1572 1462 per
1594 1417 1767 1452 chartulam

1020 1464 1234 1499 concessionis
1258 1465 1448 1511 praelibatae
1471 1466 1603 1499 contulit
1629 1466 1772 1501 Canoni-

1020 1526 1089 1548 cae:
1117 1521 1233 1553 curtes,
1261 1522 1290 1548 et
1312 1526 1410 1552 casas,
1437 1522 1550 1554 sortes,
1577 1523 1608 1549 et
1635 1516 1773 1550 ‹lomini-

1020 1572 1114 1606 catas,
1141 1571 1172 1596 et
1204 1563 1367 1597 eeclesiam
1393 1563 1426 1597 S.
1450 1563 1574 1598 Martini
1601 1577 1673 1598 cum
1701 1578 1773 1599 om-

1021 1612 1113 1646 nibus
1146 1612 1211 1646 suis
1243 1612 1472 1658 pertinentibus
1508 1613 1601 1647 rebus
1637 1614 1667 1648 in
1702 1614 1769 1648 villa

1020 1661 1059 1695 de
1080 1661 1234 1706 Baguolo,
1266 1674 1347 1707 quae
1378 1661 1478 1695 scitur
1500 1674 1568 1697 esse
1596 1663 1673 1697 infra
1705 1663 1773 1708 ple-

1021 1710 1091 1744 bem
1126 1711 1159 1744 S.
1190 1710 1306 1745 Mariae
1340 1709 1378 1744 de
1406 1710 1521 1753 Pinita,
1549 1724 1629 1758 quae
1656 1712 1773 1747 dedere

1022 1759 1166 1793 homines
1188 1759 1227 1793 de
1242 1759 1355 1793 Rulina
1375 1759 1404 1793 in
1422 1760 1578 1806 praedicta
1595 1760 1771 1796 Canonica:

1021 1808 1187 1843 eeclesiam
1222 1808 1255 1843 S.
1290 1808 1447 1843 Ambrosii
1483 1822 1554 1843 cum
1584 1810 1649 1844 suis
1677 1812 1774 1857 perti-

1022 1858 1154 1892 nentiis:
1196 1858 1361 1892 ecclesiam
1404 1857 1438 1892 S.
1474 1858 1589 1893 Mariae
1627 1859 1775 1894 Novellae

1023 1919 1095 1941 cum
1124 1906 1217 1941 rebus
1243 1907 1324 1941 suis:
1352 1915 1489 1941 castrum
1516 1907 1555 1942 de
1581 1907 1770 1943 Scaraboni:

1024 1968 1168 1990 mansum
1193 1967 1290 1989 unum
1311 1956 1341 1989 in
1364 1955 1543 1991 Conciano:
1567 1965 1597 1991 et
1612 1957 1768 2004 quidquid

1024 2005 1053 2038 in
1078 2004 1234 2051 praedicta
1257 2004 1415 2039 Canonica
1432 2005 1518 2040 (ledit
1540 2005 1656 2040 Imelda
1681 2007 1710 2040 in
1731 2007 1773 2041 ei-

1025 2054 1115 2088 vitate
1143 2053 1299 2088 Fesulana
1315 2054 1400 2088 intus
1422 2062 1452 2088 et
1473 2064 1574 2089 extra:
1598 2063 1717 2089 curtem
1734 2056 1773 2090 de

1024 2103 1196 2136 petramala
1214 2114 1286 2137 cun]
1302 2103 1451 2138 omnibus
1463 2103 1522 2137 sibi
1543 2104 1774 2150 pertinentibus

1026 2151 1134 2186 rebus:
1163 2159 1192 2186 et
1214 2159 1341 2193 terram,
1364 2164 1459 2198 quam
1482 2152 1569 2186 (ledit
1595 2152 1773 2198 Thetberga

1026 2212 1104 2234 uxor
1125 2200 1304 2247 Rodutphi:
1328 2209 1358 2235 et
1374 2209 1546 2247 praeterea,
1560 2201 1641 2235 sicut
1662 2214 1775 2248 supra-

1027 2249 1188 2291 diximus,
1223 2261 1442 2296 quaecumque
1481 2258 1580 2284 vestra
1615 2249 1776 2285 Canonica

1028 2298 1106 2332 iuste
1129 2309 1214 2332 nunc
1236 2298 1346 2338 babet,
1369 2307 1422 2332 aut
1444 2299 1472 2332 in
1501 2307 1680 2345 posterum,
1709 2300 1776 2334 Do-

1029 2347 1114 2381 mino
1136 2355 1305 2391 annuente,
1332 2347 1447 2381 habere
1462 2348 1640 2393 contigerit,
1663 2349 1693 2382 in
1712 2349 1776 2395 qui·

1029 2395 1165 2430 buslibet
1191 2395 1285 2430 rebus
1312 2397 1358 2430 vel
1386 2396 1622 2437 immobilibus,
1649 2397 1713 2432 sive
1739 2398 1777 2432 ab

1028 2445 1168 2479 eiusdem
1196 2445 1327 2479 civitatis
1355 2445 1504 2492 episcopo
1536 2445 1628 2486 datis,
1651 2447 1716 2481 sive
1737 2447 1777 2480 ab

1029 2494 1096 2528 aliis
1118 2494 1299 2528 bominibus
1327 2494 1460 2541 publicis
1487 2494 1534 2529 vel
1554 2495 1693 2541 privatis,
1722 2495 1776 2530 tibi

1030 2543 1154 2589 tuisque
1176 2543 1413 2577 successoribus
1432 2544 1657 2577 confirmamus
1672 2553 1703 2578 et
1715 2556 1778 2579 sta—

1029 2593 1157 2626 bilimus
1179 2593 1208 2626 iu
1230 2600 1428 2639 perpetuum.
1444 2592 1527 2627 Hace
1548 2593 1641 2639 igitur
1660 2605 1778 2639 omma,

1792 240 1839 265 An.
1860 238 1887 264 C.
1908 236 1974 263 107⁶}
