<?xml version="1.0" encoding="UTF-8"?>
<!DOCTYPE html PUBLIC "-//W3C//DTD XHTML 1.0 Transitional//EN"
    "http://www.w3.org/TR/xhtml1/DTD/xhtml1-transitional.dtd">
<html xmlns="http://www.w3.org/1999/xhtml" xml:lang="en" lang="en">
 <head>
  <title>
</title>
<meta http-equiv="Content-Type" content="text/html;charset=utf-8" />
  <meta name='ocr-system' content='tesseract 3.04.00' />
  <meta name='ocr-capabilities' content='ocr_page ocr_carea ocr_par ocr_line ocrx_word'/>
</head>
<body>
  <div class='ocr_page' id='page_1' title='image "./bullarumdiplomat02cath/bullarumdiplomat02cath_0705.png"; bbox 0 0 2180 3205; ppageno 0'>
   <div class='ocr_carea' id='block_1_1' title="bbox 63 292 243 322">
    <p class='ocr_par' dir='ltr' id='par_1_1' title="bbox 63 292 243 322">
     <span class='ocr_line' id='line_1_1' title="bbox 63 292 243 322; baseline -0.017 0"><span class='ocrx_word' id='word_1_1' title='bbox 63 293 111 322; x_wconf 74' lang='lat' dir='ltr'>An.</span> <span class='ocrx_word' id='word_1_2' title='bbox 129 292 157 320; x_wconf 90' lang='lat' dir='ltr'>C.</span> <span class='ocrx_word' id='word_1_3' title='bbox 177 292 243 320; x_wconf 65' lang='lat'>116&amp;</span> 
     </span>
    </p>
   </div>
   <div class='ocr_carea' id='block_1_2' title="bbox 74 1147 192 1170">
    <p class='ocr_par' dir='ltr' id='par_1_2' title="bbox 74 1147 192 1170">
     <span class='ocr_line' id='line_1_2' title="bbox 74 1147 192 1170; baseline 0 0"><span class='ocrx_word' id='word_1_4' title='bbox 74 1147 192 1170; x_wconf 76' lang='lat' dir='ltr'>Exordium.</span> 
     </span>
    </p>
   </div>
   <div class='ocr_carea' id='block_1_3' title="bbox 42 1300 226 1453">
    <p class='ocr_par' dir='ltr' id='par_1_3' title="bbox 42 1300 226 1453">
     <span class='ocr_line' id='line_1_3' title="bbox 75 1300 191 1323; baseline 0.009 -1"><span class='ocrx_word' id='word_1_5' title='bbox 75 1300 191 1323; x_wconf 68' lang='lat' dir='ltr'>Rei-,tesiam</span> 
     </span>
     <span class='ocr_line' id='line_1_4' title="bbox 43 1331 226 1360; baseline 0.011 -8"><span class='ocrx_word' id='word_1_6' title='bbox 43 1331 96 1353; x_wconf 75' lang='lat' dir='ltr'>lunc</span> <span class='ocrx_word' id='word_1_7' title='bbox 117 1333 155 1354; x_wconf 76' lang='lat' dir='ltr'>suh</span> <span class='ocrx_word' id='word_1_8' title='bbox 174 1339 226 1360; x_wconf 78' lang='lat' dir='ltr'>pro-</span> 
     </span>
     <span class='ocr_line' id='line_1_5' title="bbox 43 1364 226 1385; baseline 0.005 -1"><span class='ocrx_word' id='word_1_9' title='bbox 43 1365 135 1385; x_wconf 71' lang='lat' dir='ltr'>tectione</span> <span class='ocrx_word' id='word_1_10' title='bbox 164 1364 226 1385; x_wconf 66' lang='lat' dir='ltr'>svats</span> 
     </span>
     <span class='ocr_line' id='line_1_6' title="bbox 43 1395 226 1422; baseline -0.005 -6"><span class='ocrx_word' id='word_1_11' title='bbox 43 1395 178 1422; x_wconf 62' lang='lat' dir='ltr'>apostoticae</span> <span class='ocrx_word' id='word_1_12' title='bbox 189 1402 226 1415; x_wconf 79' lang='lat' dir='ltr'>su-</span> 
     </span>
     <span class='ocr_line' id='line_1_7' title="bbox 42 1425 224 1453; baseline -0.011 -5"><span class='ocrx_word' id='word_1_13' title='bbox 42 1427 104 1453; x_wconf 67' lang='lat' dir='ltr'>ncipit</span> <span class='ocrx_word' id='word_1_14' title='bbox 118 1425 224 1452; x_wconf 77' lang='lat' dir='ltr'>Pontifex;</span> 
     </span>
    </p>
   </div>
   <div class='ocr_carea' id='block_1_4' title="bbox 41 1990 226 2112">
    <p class='ocr_par' dir='ltr' id='par_1_4' title="bbox 41 1990 226 2112">
     <span class='ocr_line' id='line_1_8' title="bbox 54 1990 225 2020; baseline 0.006 -7"><span class='ocrx_word' id='word_1_15' title='bbox 54 1990 152 2020; x_wconf 73' lang='lat' dir='ltr'>Donaque</span> <span class='ocrx_word' id='word_1_16' title='bbox 177 1998 225 2014; x_wconf 82' lang='lat' dir='ltr'>oni—</span> 
     </span>
     <span class='ocr_line' id='line_1_9' title="bbox 41 2023 224 2047; baseline 0.005 -3"><span class='ocrx_word' id='word_1_17' title='bbox 41 2023 83 2047; x_wconf 74' lang='lat' dir='ltr'>nia.</span> <span class='ocrx_word' id='word_1_18' title='bbox 98 2025 224 2045; x_wconf 81' lang='lat' dir='ltr'>concessio-</span> 
     </span>
     <span class='ocr_line' id='line_1_10' title="bbox 42 2055 226 2082; baseline 0.016 -9"><span class='ocrx_word' id='word_1_19' title='bbox 42 2058 88 2079; x_wconf 79' lang='lat' dir='ltr'>nes,</span> <span class='ocrx_word' id='word_1_20' title='bbox 97 2055 185 2082; x_wconf 80' lang='lat' dir='ltr'>iuraque</span> <span class='ocrx_word' id='word_1_21' title='bbox 195 2056 226 2076; x_wconf 79' lang='lat' dir='ltr'>ei-</span> 
     </span>
     <span class='ocr_line' id='line_1_11' title="bbox 42 2084 224 2112; baseline 0.005 -7"><span class='ocrx_word' id='word_1_22' title='bbox 42 2084 88 2105; x_wconf 77' lang='lat' dir='ltr'>dem</span> <span class='ocrx_word' id='word_1_23' title='bbox 102 2087 224 2112; x_wconf 49' lang='lat' dir='ltr'>contii-man</span> 
     </span>
    </p>
   </div>
   <div class='ocr_carea' id='block_1_5' title="bbox 857 289 1188 314">
    <p class='ocr_par' dir='ltr' id='par_1_5' title="bbox 857 289 1188 314">
     <span class='ocr_line' id='line_1_12' title="bbox 857 289 1188 314; baseline -0.006 0"><span class='ocrx_word' id='word_1_24' title='bbox 857 290 1054 314; x_wconf 65' lang='lat' dir='ltr'>Afflxammtt</span> <span class='ocrx_word' id='word_1_25' title='bbox 1077 289 1116 313; x_wconf 84' lang='grc' dir='ltr'>ῘΙΙ</span> <span class='ocrx_word' id='word_1_26' title='bbox 1139 290 1188 313; x_wconf 75' lang='lat'>1¹1³.</span> 
     </span>
    </p>
   </div>
   <div class='ocr_carea' id='block_1_6' title="bbox 1691 277 1761 311">
    <p class='ocr_par' dir='ltr' id='par_1_6' title="bbox 1691 277 1761 311">
     <span class='ocr_line' id='line_1_13' title="bbox 1691 277 1761 311; baseline -0.014 0"><span class='ocrx_word' id='word_1_27' title='bbox 1691 277 1761 311; x_wconf 83' lang='lat'>687</span> 
     </span>
    </p>
   </div>
   <div class='ocr_carea' id='block_1_7' title="bbox 297 341 1810 490">
    <p class='ocr_par' dir='ltr' id='par_1_7' title="bbox 297 341 1810 490">
     <span class='ocr_line' id='line_1_14' title="bbox 301 341 1810 390; baseline -0.003 -10"><span class='ocrx_word' id='word_1_28' title='bbox 301 346 366 380; x_wconf 75' lang='lat' dir='ltr'>dam</span> <span class='ocrx_word' id='word_1_29' title='bbox 391 355 508 385; x_wconf 83' lang='lat' dir='ltr'>quoque</span> <span class='ocrx_word' id='word_1_30' title='bbox 532 346 560 376; x_wconf 86' lang='lat' dir='ltr'>in</span> <span class='ocrx_word' id='word_1_31' title='bbox 588 346 714 376; x_wconf 80' lang='lat' dir='ltr'>ecclesia</span> <span class='ocrx_word' id='word_1_32' title='bbox 744 345 772 376; x_wconf 86' lang='lat' dir='ltr'>S.</span> <span class='ocrx_word' id='word_1_33' title='bbox 795 345 946 384; x_wconf 76' lang='lat' dir='ltr'>Stephani.</span> <span class='ocrx_word' id='word_1_34' title='bbox 973 361 1012 367; x_wconf 93' lang='lat'>—</span> <span class='ocrx_word' id='word_1_35' title='bbox 1057 344 1222 380; x_wconf 75' lang='lat' dir='ltr'>ecelesiam</span> <span class='ocrx_word' id='word_1_36' title='bbox 1238 343 1345 379; x_wconf 83' lang='lat' dir='ltr'>Sancti</span> <span class='ocrx_word' id='word_1_37' title='bbox 1358 343 1620 390; x_wconf 77' lang='lat' dir='ltr'>iterii,capellam</span> <span class='ocrx_word' id='word_1_38' title='bbox 1636 341 1670 377; x_wconf 92' lang='lat' dir='ltr'>S.</span> <span class='ocrx_word' id='word_1_39' title='bbox 1686 342 1810 388; x_wconf 83' lang='lat' dir='ltr'>Hilarii,</span> 
     </span>
     <span class='ocr_line' id='line_1_15' title="bbox 298 389 1809 441; baseline -0.001 -13"><span class='ocrx_word' id='word_1_40' title='bbox 298 389 386 428; x_wconf 67' lang='lat' dir='ltr'>liurgt</span> <span class='ocrx_word' id='word_1_41' title='bbox 410 390 460 420; x_wconf 65' lang='grc' dir='ltr'>ΠΜ</span> <span class='ocrx_word' id='word_1_42' title='bbox 480 390 552 420; x_wconf 66' lang='lat'>‘³00¹-</span> <span class='ocrx_word' id='word_1_43' title='bbox 573 390 601 419; x_wconf 76' lang='lat' dir='ltr'>S·</span> <span class='ocrx_word' id='word_1_44' title='bbox 622 390 714 428; x_wconf 61' lang='lat' dir='ltr'>Sami</span> <span class='ocrx_word' id='word_1_45' title='bbox 734 390 786 419; x_wconf 80' lang='lat' dir='ltr'>sita</span> <span class='ocrx_word' id='word_1_46' title='bbox 808 394 851 438; x_wconf 65' lang='lat' dir='ltr'>est</span> <span class='ocrx_word' id='word_1_47' title='bbox 867 390 940 438; x_wconf 60' lang='lat' dir='ltr'>sines</span> <span class='ocrx_word' id='word_1_48' title='bbox 959 398 1010 437; x_wconf 31' lang='lat'>²¹⁴³·</span> <span class='ocrx_word' id='word_1_49' title='bbox 1054 406 1135 441; x_wconf 88' lang='lat' dir='ltr'>quae</span> <span class='ocrx_word' id='word_1_50' title='bbox 1158 401 1204 428; x_wconf 89' lang='lat' dir='ltr'>est</span> <span class='ocrx_word' id='word_1_51' title='bbox 1228 393 1258 427; x_wconf 94' lang='lat' dir='ltr'>in</span> <span class='ocrx_word' id='word_1_52' title='bbox 1284 402 1368 428; x_wconf 89' lang='lat' dir='ltr'>turre</span> <span class='ocrx_word' id='word_1_53' title='bbox 1390 393 1525 435; x_wconf 83' lang='lat' dir='ltr'>comitis,</span> <span class='ocrx_word' id='word_1_54' title='bbox 1541 401 1570 427; x_wconf 85' lang='lat' dir='ltr'>ct</span> <span class='ocrx_word' id='word_1_55' title='bbox 1589 392 1708 436; x_wconf 88' lang='lat' dir='ltr'>omnia,</span> <span class='ocrx_word' id='word_1_56' title='bbox 1730 405 1809 439; x_wconf 86' lang='lat' dir='ltr'>quac</span> 
     </span>
     <span class='ocr_line' id='line_1_16' title="bbox 297 432 1806 490; baseline 0 -27"><span class='ocrx_word' id='word_1_57' title='bbox 297 432 676 473; x_wconf 76' lang='lat' dir='ltr'>signantur.—Nonnulla</span> <span class='ocrx_word' id='word_1_58' title='bbox 696 434 1010 473; x_wconf 69' lang='lat' dir='ltr'>conceditpririlegia,</span> <span class='ocrx_word' id='word_1_59' title='bbox 1055 444 1084 477; x_wconf 61' lang='lat' dir='ltr'>jn</span> <span class='ocrx_word' id='word_1_60' title='bbox 1122 443 1190 490; x_wconf 64' lang='lat' dir='ltr'>ipso</span> <span class='ocrx_word' id='word_1_61' title='bbox 1224 451 1326 477; x_wconf 51' lang='lat' dir='ltr'>castro</span> <span class='ocrx_word' id='word_1_62' title='bbox 1357 443 1422 477; x_wconf 52' lang='lat' dir='ltr'>Sive</span> <span class='ocrx_word' id='word_1_63' title='bbox 1459 443 1487 477; x_wconf 62' lang='lat' dir='ltr'>in</span> <span class='ocrx_word' id='word_1_64' title='bbox 1522 455 1642 483; x_wconf 45' lang='lat' dir='ltr'>censu,</span> <span class='ocrx_word' id='word_1_65' title='bbox 1679 442 1743 476; x_wconf 62' lang='lat' dir='ltr'>33oe</span> <span class='ocrx_word' id='word_1_66' title='bbox 1776 443 1806 477; x_wconf 72' lang='lat' dir='ltr'>jn</span> 
     </span>
    </p>
   </div>
   <div class='ocr_carea' id='block_1_8' title="bbox 286 477 1008 827">
    <p class='ocr_par' dir='ltr' id='par_1_8' title="bbox 286 477 1008 827">
     <span class='ocr_line' id='line_1_17' title="bbox 295 477 1008 518; baseline -0.001 -10"><span class='ocrx_word' id='word_1_67' title='bbox 295 480 453 518; x_wconf 82' lang='lat' dir='ltr'>statuitque</span> <span class='ocrx_word' id='word_1_68' title='bbox 476 479 573 517; x_wconf 87' lang='lat' dir='ltr'>aliqua</span> <span class='ocrx_word' id='word_1_69' title='bbox 597 487 648 517; x_wconf 82' lang='lat' dir='ltr'>pro</span> <span class='ocrx_word' id='word_1_70' title='bbox 671 477 805 507; x_wconf 85' lang='lat' dir='ltr'>coenobii</span> <span class='ocrx_word' id='word_1_71' title='bbox 825 478 934 516; x_wconf 75' lang='lat' dir='ltr'>quiete,</span> <span class='ocrx_word' id='word_1_72' title='bbox 958 486 1008 507; x_wconf 81' lang='lat' dir='ltr'>re-</span> 
     </span>
     <span class='ocr_line' id='line_1_18' title="bbox 294 522 1006 561; baseline -0.004 -8"><span class='ocrx_word' id='word_1_73' title='bbox 294 524 404 561; x_wconf 70' lang='lat' dir='ltr'>gimine</span> <span class='ocrx_word' id='word_1_74' title='bbox 427 528 456 553; x_wconf 84' lang='lat' dir='ltr'>et</span> <span class='ocrx_word' id='word_1_75' title='bbox 478 523 619 553; x_wconf 85' lang='lat' dir='ltr'>libertate.</span> <span class='ocrx_word' id='word_1_76' title='bbox 637 539 676 544; x_wconf 91' lang='lat'><strong>—</strong></span> <span class='ocrx_word' id='word_1_77' title='bbox 697 522 797 552; x_wconf 73' lang='lat' dir='ltr'>Abbas</span> <span class='ocrx_word' id='word_1_78' title='bbox 820 531 853 551; x_wconf 81' lang='lat' dir='ltr'>ex</span> <span class='ocrx_word' id='word_1_79' title='bbox 876 522 977 551; x_wconf 48' lang='lat' dir='ltr'>maline</span> <span class='ocrx_word' id='word_1_80' title='bbox 993 531 1006 550; x_wconf 87' lang='lat' dir='ltr'>a</span> 
     </span>
     <span class='ocr_line' id='line_1_19' title="bbox 293 566 1006 605; baseline -0.004 -8"><span class='ocrx_word' id='word_1_81' title='bbox 293 566 435 597; x_wconf 79' lang='lat' dir='ltr'>fratribus</span> <span class='ocrx_word' id='word_1_82' title='bbox 462 567 629 605; x_wconf 74' lang='lat' dir='ltr'>eligendus.</span> <span class='ocrx_word' id='word_1_83' title='bbox 661 583 701 589; x_wconf 88' lang='lat'>-</span> <span class='ocrx_word' id='word_1_84' title='bbox 722 566 919 596; x_wconf 82' lang='lat' dir='ltr'>immunitatis</span> <span class='ocrx_word' id='word_1_85' title='bbox 952 566 1006 595; x_wconf 77' lang='lat' dir='ltr'>‹le-</span> 
     </span>
     <span class='ocr_line' id='line_1_20' title="bbox 291 610 1008 650; baseline -0.003 -9"><span class='ocrx_word' id='word_1_86' title='bbox 291 617 404 641; x_wconf 87' lang='lat' dir='ltr'>cretum</span> <span class='ocrx_word' id='word_1_87' title='bbox 430 621 481 650; x_wconf 87' lang='lat' dir='ltr'>pro</span> <span class='ocrx_word' id='word_1_88' title='bbox 510 611 649 641; x_wconf 90' lang='lat' dir='ltr'>omnibus</span> <span class='ocrx_word' id='word_1_89' title='bbox 677 611 933 649; x_wconf 73' lang='lat' dir='ltr'>st1p1·a‹tictis;-</span> <span class='ocrx_word' id='word_1_90' title='bbox 952 610 1008 648; x_wconf 75' lang='lat' dir='ltr'>Ap-</span> 
     </span>
     <span class='ocr_line' id='line_1_21' title="bbox 290 654 1007 694; baseline -0.003 -10"><span class='ocrx_word' id='word_1_91' title='bbox 290 656 395 694; x_wconf 90' lang='lat' dir='ltr'>positis</span> <span class='ocrx_word' id='word_1_92' title='bbox 415 656 560 685; x_wconf 78' lang='lat' dir='ltr'>clausulis</span> <span class='ocrx_word' id='word_1_93' title='bbox 577 655 751 694; x_wconf 84' lang='lat' dir='ltr'>poenalibus</span> <span class='ocrx_word' id='word_1_94' title='bbox 765 664 817 694; x_wconf 86' lang='lat' dir='ltr'>pro</span> <span class='ocrx_word' id='word_1_95' title='bbox 834 654 1007 684; x_wconf 80' lang='lat' dir='ltr'>inobedien-</span> 
     </span>
     <span class='ocr_line' id='line_1_22' title="bbox 288 699 1008 738; baseline -0.001 -9"><span class='ocrx_word' id='word_1_96' title='bbox 288 700 382 736; x_wconf 70' lang='lat' dir='ltr'>tibus,</span> <span class='ocrx_word' id='word_1_97' title='bbox 403 717 443 723; x_wconf 94' lang='grc'>--</span> <span class='ocrx_word' id='word_1_98' title='bbox 462 699 670 730; x_wconf 83' lang='lat' dir='ltr'>Benedictione</span> <span class='ocrx_word' id='word_1_99' title='bbox 690 704 718 728; x_wconf 86' lang='lat' dir='ltr'>et</span> <span class='ocrx_word' id='word_1_100' title='bbox 740 709 811 738; x_wconf 85' lang='lat' dir='ltr'>pace</span> <span class='ocrx_word' id='word_1_101' title='bbox 831 709 882 738; x_wconf 92' lang='lat' dir='ltr'>pro</span> <span class='ocrx_word' id='word_1_102' title='bbox 906 699 1008 728; x_wconf 78' lang='lat' dir='ltr'>obser-</span> 
     </span>
     <span class='ocr_line' id='line_1_23' title="bbox 286 743 1004 783; baseline -0.001 -10"><span class='ocrx_word' id='word_1_103' title='bbox 286 744 436 774; x_wconf 79' lang='lat' dir='ltr'>vantibus.</span> <span class='ocrx_word' id='word_1_104' title='bbox 454 761 494 766; x_wconf 98' lang='lat'><strong>—</strong></span> <span class='ocrx_word' id='word_1_105' title='bbox 525 744 681 774; x_wconf 80' lang='lat' dir='ltr'>Alexandri</span> <span class='ocrx_word' id='word_1_106' title='bbox 705 743 768 779; x_wconf 59' lang='lat'>1‘1‘„</span> <span class='ocrx_word' id='word_1_107' title='bbox 797 744 1004 783; x_wconf 82' lang='lat' dir='ltr'>episcoporum</span> 
     </span>
     <span class='ocr_line' id='line_1_24' title="bbox 287 787 1004 827; baseline -0.001 -9"><span class='ocrx_word' id='word_1_108' title='bbox 287 794 315 818; x_wconf 86' lang='lat' dir='ltr'>et</span> <span class='ocrx_word' id='word_1_109' title='bbox 334 788 362 818; x_wconf 83' lang='lat' dir='ltr'>S.</span> <span class='ocrx_word' id='word_1_110' title='bbox 387 788 419 818; x_wconf 68' lang='lat' dir='ltr'>tt.</span> <span class='ocrx_word' id='word_1_111' title='bbox 442 788 520 818; x_wconf 86' lang='lat' dir='ltr'>Eccl.</span> <span class='ocrx_word' id='word_1_112' title='bbox 539 788 736 818; x_wconf 81' lang='lat' dir='ltr'>cardinalium</span> <span class='ocrx_word' id='word_1_113' title='bbox 757 787 1004 827; x_wconf 78' lang='lat' dir='ltr'>subscriptiones.</span> 
     </span>
    </p>
   </div>
   <div class='ocr_carea' id='block_1_9' title="bbox 243 854 1003 1073">
    <p class='ocr_par' dir='ltr' id='par_1_9' title="bbox 243 854 1003 1073">
     <span class='ocr_line' id='line_1_25' title="bbox 243 854 1003 894; baseline 0 -10"><span class='ocrx_word' id='word_1_114' title='bbox 243 854 378 885; x_wconf 67' lang='lat' dir='ltr'>Ateiander</span> <span class='ocrx_word' id='word_1_115' title='bbox 396 855 517 894; x_wconf 81' lang='lat' dir='ltr'>episcopus</span> <span class='ocrx_word' id='word_1_116' title='bbox 532 864 610 884; x_wconf 80' lang='lat' dir='ltr'>sertus</span> <span class='ocrx_word' id='word_1_117' title='bbox 628 863 744 884; x_wconf 79' lang='lat' dir='ltr'>servorum</span> <span class='ocrx_word' id='word_1_118' title='bbox 763 854 814 892; x_wconf 83' lang='lat' dir='ltr'>Dei,</span> <span class='ocrx_word' id='word_1_119' title='bbox 831 854 924 884; x_wconf 80' lang='lat' dir='ltr'>dilectis</span> <span class='ocrx_word' id='word_1_120' title='bbox 940 854 1003 892; x_wconf 86' lang='lat' dir='ltr'>tiliis,</span> 
     </span>
     <span class='ocr_line' id='line_1_26' title="bbox 283 899 1003 939; baseline 0.001 -11"><span class='ocrx_word' id='word_1_121' title='bbox 283 899 363 928; x_wconf 84' lang='lat' dir='ltr'>loanni</span> <span class='ocrx_word' id='word_1_122' title='bbox 390 899 468 929; x_wconf 86' lang='lat' dir='ltr'>abbati</span> <span class='ocrx_word' id='word_1_123' title='bbox 497 899 614 929; x_wconf 70' lang='lat' dir='ltr'>Ecclesiae</span> <span class='ocrx_word' id='word_1_124' title='bbox 638 900 714 929; x_wconf 77' lang='lat' dir='ltr'>Sancti</span> <span class='ocrx_word' id='word_1_125' title='bbox 743 900 831 939; x_wconf 72' lang='lat' dir='ltr'>Satyri,</span> <span class='ocrx_word' id='word_1_126' title='bbox 857 909 915 938; x_wconf 85' lang='lat' dir='ltr'>quae</span> <span class='ocrx_word' id='word_1_127' title='bbox 941 900 1003 929; x_wconf 60' lang='lat' dir='ltr'>iuxta</span> 
     </span>
     <span class='ocr_line' id='line_1_27' title="bbox 283 943 1002 983; baseline 0.001 -11"><span class='ocrx_word' id='word_1_128' title='bbox 283 943 495 974; x_wconf 75' lang='lat' dir='ltr'>Sarrum-Caesaris</span> <span class='ocrx_word' id='word_1_129' title='bbox 513 944 551 983; x_wconf 83' lang='lat' dir='ltr'>(l)</span> <span class='ocrx_word' id='word_1_130' title='bbox 564 945 606 974; x_wconf 85' lang='lat' dir='ltr'>sita</span> <span class='ocrx_word' id='word_1_131' title='bbox 624 949 666 981; x_wconf 86' lang='lat' dir='ltr'>est,</span> <span class='ocrx_word' id='word_1_132' title='bbox 683 954 734 973; x_wconf 83' lang='lat' dir='ltr'>cum</span> <span class='ocrx_word' id='word_1_133' title='bbox 750 943 857 974; x_wconf 76' lang='lat' dir='ltr'>fratribus</span> <span class='ocrx_word' id='word_1_134' title='bbox 875 948 920 973; x_wconf 87' lang='lat' dir='ltr'>tam</span> <span class='ocrx_word' id='word_1_135' title='bbox 936 953 1002 983; x_wconf 85' lang='lat' dir='ltr'>prae-</span> 
     </span>
     <span class='ocr_line' id='line_1_28' title="bbox 279 987 1002 1028; baseline 0.001 -11"><span class='ocrx_word' id='word_1_136' title='bbox 279 987 385 1018; x_wconf 75' lang='lat' dir='ltr'>seuthus</span> <span class='ocrx_word' id='word_1_137' title='bbox 403 997 472 1026; x_wconf 84' lang='lat' dir='ltr'>quam</span> <span class='ocrx_word' id='word_1_138' title='bbox 495 988 576 1018; x_wconf 74' lang='lat' dir='ltr'>futuris</span> <span class='ocrx_word' id='word_1_139' title='bbox 599 989 730 1027; x_wconf 70' lang='lat' dir='ltr'>regularem</span> <span class='ocrx_word' id='word_1_140' title='bbox 753 990 821 1019; x_wconf 79' lang='lat' dir='ltr'>titum</span> <span class='ocrx_word' id='word_1_141' title='bbox 845 988 959 1028; x_wconf 75' lang='lat' dir='ltr'>professis,</span> <span class='ocrx_word' id='word_1_142' title='bbox 979 989 1002 1018; x_wconf 92' lang='lat' dir='ltr'>in</span> 
     </span>
     <span class='ocr_line' id='line_1_29' title="bbox 279 1036 427 1073; baseline 0 -11"><span class='ocrx_word' id='word_1_143' title='bbox 279 1036 427 1073; x_wconf 82' lang='lat' dir='ltr'>perpetuum.</span> 
     </span>
    </p>
   </div>
   <div class='ocr_carea' id='block_1_10' title="bbox 241 1098 1002 1296">
    <p class='ocr_par' dir='ltr' id='par_1_10' title="bbox 241 1098 1002 1296">
     <span class='ocr_line' id='line_1_30' title="bbox 289 1098 1002 1148; baseline 0.003 -14"><span class='ocrx_word' id='word_1_144' title='bbox 289 1099 489 1135; x_wconf 87' lang='lat' dir='ltr'>Desiderium</span> <span class='ocrx_word' id='word_1_145' title='bbox 508 1127 515 1140; x_wconf 89' lang='lat'>,</span> <span class='ocrx_word' id='word_1_146' title='bbox 544 1100 628 1147; x_wconf 91' lang='lat' dir='ltr'>quod</span> <span class='ocrx_word' id='word_1_147' title='bbox 663 1100 700 1135; x_wconf 91' lang='lat' dir='ltr'>ad</span> <span class='ocrx_word' id='word_1_148' title='bbox 739 1100 903 1147; x_wconf 80' lang='lat' dir='ltr'>religionis</span> <span class='ocrx_word' id='word_1_149' title='bbox 931 1098 1002 1148; x_wconf 74' lang='lat' dir='ltr'>pro&#39;</span> 
     </span>
     <span class='ocr_line' id='line_1_31' title="bbox 241 1149 997 1197; baseline 0.001 -13"><span class='ocrx_word' id='word_1_150' title='bbox 241 1149 392 1197; x_wconf 89' lang='lat' dir='ltr'>positum,</span> <span class='ocrx_word' id='word_1_151' title='bbox 413 1158 443 1184; x_wconf 89' lang='lat' dir='ltr'>et</span> <span class='ocrx_word' id='word_1_152' title='bbox 465 1150 641 1184; x_wconf 84' lang='lat' dir='ltr'>animarum</span> <span class='ocrx_word' id='word_1_153' title='bbox 669 1150 802 1185; x_wconf 85' lang='lat' dir='ltr'>salutem</span> <span class='ocrx_word' id='word_1_154' title='bbox 839 1151 997 1197; x_wconf 84' lang='lat' dir='ltr'>pertinere</span> 
     </span>
     <span class='ocr_line' id='line_1_32' title="bbox 241 1199 998 1240; baseline 0 -6"><span class='ocrx_word' id='word_1_155' title='bbox 241 1207 446 1240; x_wconf 90' lang='lat' dir='ltr'>monstratur,</span> <span class='ocrx_word' id='word_1_156' title='bbox 468 1199 574 1233; x_wconf 89' lang='lat' dir='ltr'>animo</span> <span class='ocrx_word' id='word_1_157' title='bbox 598 1212 655 1234; x_wconf 86' lang='lat' dir='ltr'>nos</span> <span class='ocrx_word' id='word_1_158' title='bbox 677 1200 767 1234; x_wconf 88' lang='lat' dir='ltr'>decet</span> <span class='ocrx_word' id='word_1_159' title='bbox 792 1199 899 1234; x_wconf 88' lang='lat' dir='ltr'>libenti</span> <span class='ocrx_word' id='word_1_160' title='bbox 925 1212 998 1234; x_wconf 91' lang='lat' dir='ltr'>con-</span> 
     </span>
     <span class='ocr_line' id='line_1_33' title="bbox 241 1249 994 1296; baseline 0.001 -13"><span class='ocrx_word' id='word_1_161' title='bbox 241 1249 365 1292; x_wconf 78' lang='lat' dir='ltr'>cedere,</span> <span class='ocrx_word' id='word_1_162' title='bbox 383 1256 413 1283; x_wconf 91' lang='lat' dir='ltr'>et</span> <span class='ocrx_word' id='word_1_163' title='bbox 432 1249 604 1296; x_wconf 84' lang='lat' dir='ltr'>petentium</span> <span class='ocrx_word' id='word_1_164' title='bbox 633 1249 800 1284; x_wconf 78' lang='lat' dir='ltr'>desideriis</span> <span class='ocrx_word' id='word_1_165' title='bbox 822 1262 994 1296; x_wconf 86' lang='lat' dir='ltr'>congruum</span> 
     </span>
    </p>
   </div>
   <div class='ocr_carea' id='block_1_11' title="bbox 234 1298 993 1346">
    <p class='ocr_par' dir='ltr' id='par_1_11' title="bbox 234 1298 993 1346">
     <span class='ocr_line' id='line_1_34' title="bbox 234 1298 993 1346; baseline 0.003 -15"><span class='ocrx_word' id='word_1_166' title='bbox 234 1298 422 1344; x_wconf 82' lang='lat' dir='ltr'>-suss&#39;ragium</span> <span class='ocrx_word' id='word_1_167' title='bbox 447 1299 611 1345; x_wconf 84' lang='lat' dir='ltr'>impertiri.</span> <span class='ocrx_word' id='word_1_168' title='bbox 632 1298 819 1346; x_wconf 77' lang='lat' dir='ltr'>Eapropter‚</span> <span class='ocrx_word' id='word_1_169' title='bbox 842 1299 947 1334; x_wconf 85' lang='lat' dir='ltr'>dilecti</span> <span class='ocrx_word' id='word_1_170' title='bbox 963 1300 993 1334; x_wconf 88' lang='lat' dir='ltr'>in</span> 
     </span>
    </p>
   </div>
   <div class='ocr_carea' id='block_1_12' title="bbox 238 1347 994 2711">
    <p class='ocr_par' dir='ltr' id='par_1_12' title="bbox 238 1347 994 2711">
     <span class='ocr_line' id='line_1_35' title="bbox 241 1347 994 1396; baseline 0.001 -14"><span class='ocrx_word' id='word_1_171' title='bbox 241 1347 378 1383; x_wconf 91' lang='lat' dir='ltr'>Domino</span> <span class='ocrx_word' id='word_1_172' title='bbox 405 1347 597 1392; x_wconf 74' lang='lat' dir='ltr'>lilii,vestris</span> <span class='ocrx_word' id='word_1_173' title='bbox 619 1349 708 1383; x_wconf 86' lang='lat' dir='ltr'>iustis</span> <span class='ocrx_word' id='word_1_174' title='bbox 732 1348 994 1396; x_wconf 86' lang='lat' dir='ltr'>postulationibus</span> 
     </span>
     <span class='ocr_line' id='line_1_36' title="bbox 241 1397 994 1445; baseline 0.003 -14"><span class='ocrx_word' id='word_1_175' title='bbox 241 1397 414 1432; x_wconf 88' lang='lat' dir='ltr'>clementer</span> <span class='ocrx_word' id='word_1_176' title='bbox 434 1398 619 1436; x_wconf 73' lang='lat' dir='ltr'>annuimus,</span> <span class='ocrx_word' id='word_1_177' title='bbox 643 1406 672 1433; x_wconf 82' lang='lat' dir='ltr'>et</span> <span class='ocrx_word' id='word_1_178' title='bbox 700 1398 869 1445; x_wconf 74' lang='lat' dir='ltr'>praefatam</span> <span class='ocrx_word' id='word_1_179' title='bbox 891 1399 994 1433; x_wconf 84' lang='lat' dir='ltr'>eccle-</span> 
     </span>
     <span class='ocr_line' id='line_1_37' title="bbox 240 1446 993 1494; baseline 0.003 -14"><span class='ocrx_word' id='word_1_180' title='bbox 240 1447 317 1481; x_wconf 84' lang='lat' dir='ltr'>siam</span> <span class='ocrx_word' id='word_1_181' title='bbox 345 1446 451 1482; x_wconf 89' lang='lat' dir='ltr'>Sancti</span> <span class='ocrx_word' id='word_1_182' title='bbox 479 1446 592 1494; x_wconf 59' lang='lat' dir='ltr'>Satyri,</span> <span class='ocrx_word' id='word_1_183' title='bbox 627 1448 656 1482; x_wconf 90' lang='lat' dir='ltr'>in</span> <span class='ocrx_word' id='word_1_184' title='bbox 685 1460 746 1494; x_wconf 88' lang='lat' dir='ltr'>qua</span> <span class='ocrx_word' id='word_1_185' title='bbox 780 1447 885 1482; x_wconf 74' lang='lat' dir='ltr'>divino</span> <span class='ocrx_word' id='word_1_186' title='bbox 907 1460 993 1482; x_wconf 90' lang='lat' dir='ltr'>man-</span> 
     </span>
     <span class='ocr_line' id='line_1_38' title="bbox 240 1495 992 1544; baseline 0.003 -15"><span class='ocrx_word' id='word_1_187' title='bbox 240 1496 331 1542; x_wconf 85' lang='lat' dir='ltr'>cipati</span> <span class='ocrx_word' id='word_1_188' title='bbox 354 1497 429 1531; x_wconf 90' lang='lat' dir='ltr'>estis</span> <span class='ocrx_word' id='word_1_189' title='bbox 455 1495 621 1544; x_wconf 84' lang='lat' dir='ltr'>obsequio,</span> <span class='ocrx_word' id='word_1_190' title='bbox 644 1497 680 1532; x_wconf 90' lang='lat' dir='ltr'>ad</span> <span class='ocrx_word' id='word_1_191' title='bbox 709 1498 869 1544; x_wconf 84' lang='lat' dir='ltr'>exemplar</span> <span class='ocrx_word' id='word_1_192' title='bbox 896 1498 992 1543; x_wconf 85' lang='lat' dir='ltr'>patris</span> 
     </span>
     <span class='ocr_line' id='line_1_39' title="bbox 239 1546 992 1592; baseline 0.004 -13"><span class='ocrx_word' id='word_1_193' title='bbox 239 1553 270 1580; x_wconf 90' lang='lat' dir='ltr'>et</span> <span class='ocrx_word' id='word_1_194' title='bbox 292 1546 542 1592; x_wconf 78' lang='lat' dir='ltr'>praedecessoris</span> <span class='ocrx_word' id='word_1_195' title='bbox 571 1547 666 1581; x_wconf 90' lang='lat' dir='ltr'>nostri</span> <span class='ocrx_word' id='word_1_196' title='bbox 693 1556 819 1581; x_wconf 89' lang='lat' dir='ltr'>sanctae</span> <span class='ocrx_word' id='word_1_197' title='bbox 843 1547 992 1582; x_wconf 84' lang='lat' dir='ltr'>recorda-</span> 
     </span>
     <span class='ocr_line' id='line_1_40' title="bbox 240 1594 990 1643; baseline 0.003 -14"><span class='ocrx_word' id='word_1_198' title='bbox 240 1595 335 1629; x_wconf 89' lang='lat' dir='ltr'>tionis</span> <span class='ocrx_word' id='word_1_199' title='bbox 344 1595 477 1642; x_wconf 85' lang='lat' dir='ltr'>Eugenii</span> <span class='ocrx_word' id='word_1_200' title='bbox 492 1594 608 1643; x_wconf 78' lang='lat' dir='ltr'>Papae,</span> <span class='ocrx_word' id='word_1_201' title='bbox 622 1596 681 1631; x_wconf 90' lang='lat' dir='ltr'>sub</span> <span class='ocrx_word' id='word_1_202' title='bbox 696 1596 777 1631; x_wconf 88' lang='lat' dir='ltr'>beati</span> <span class='ocrx_word' id='word_1_203' title='bbox 793 1598 873 1632; x_wconf 74' lang='lat' dir='ltr'>l&#39;etri</span> <span class='ocrx_word' id='word_1_204' title='bbox 889 1606 917 1631; x_wconf 89' lang='lat' dir='ltr'>et</span> <span class='ocrx_word' id='word_1_205' title='bbox 933 1609 990 1631; x_wconf 92' lang='lat' dir='ltr'>no-</span> 
     </span>
     <span class='ocr_line' id='line_1_41' title="bbox 239 1645 990 1693; baseline 0.003 -15"><span class='ocrx_word' id='word_1_206' title='bbox 239 1652 301 1679; x_wconf 89' lang='lat' dir='ltr'>stra</span> <span class='ocrx_word' id='word_1_207' title='bbox 325 1645 519 1692; x_wconf 87' lang='lat' dir='ltr'>protectione</span> <span class='ocrx_word' id='word_1_208' title='bbox 534 1646 736 1693; x_wconf 82' lang='lat' dir='ltr'>suscipimus.</span> <span class='ocrx_word' id='word_1_209' title='bbox 759 1655 788 1681; x_wconf 88' lang='lat' dir='ltr'>et</span> <span class='ocrx_word' id='word_1_210' title='bbox 818 1647 990 1693; x_wconf 88' lang='lat' dir='ltr'>praesentis</span> 
     </span>
     <span class='ocr_line' id='line_1_42' title="bbox 239 1693 990 1743; baseline 0.003 -15"><span class='ocrx_word' id='word_1_211' title='bbox 239 1694 348 1741; x_wconf 89' lang='lat' dir='ltr'>scripti</span> <span class='ocrx_word' id='word_1_212' title='bbox 371 1693 535 1742; x_wconf 70' lang='lat' dir='ltr'>privilegio</span> <span class='ocrx_word' id='word_1_213' title='bbox 562 1697 811 1737; x_wconf 84' lang='lat' dir='ltr'>communimus;</span> <span class='ocrx_word' id='word_1_214' title='bbox 834 1697 864 1730; x_wconf 93' lang='lat' dir='ltr'>in</span> <span class='ocrx_word' id='word_1_215' title='bbox 880 1697 990 1743; x_wconf 87' lang='lat' dir='ltr'>primis</span> 
     </span>
     <span class='ocr_line' id='line_1_43' title="bbox 239 1743 989 1791; baseline 0.005 -14"><span class='ocrx_word' id='word_1_216' title='bbox 239 1743 395 1791; x_wconf 85' lang='lat' dir='ltr'>siquidem</span> <span class='ocrx_word' id='word_1_217' title='bbox 430 1752 614 1787; x_wconf 70' lang='lat' dir='ltr'>statuentes,</span> <span class='ocrx_word' id='word_1_218' title='bbox 646 1753 679 1779; x_wconf 86' lang='lat' dir='ltr'>ut</span> <span class='ocrx_word' id='word_1_219' title='bbox 706 1745 784 1780; x_wconf 92' lang='lat' dir='ltr'>ordo</span> <span class='ocrx_word' id='word_1_220' title='bbox 806 1747 989 1785; x_wconf 88' lang='lat' dir='ltr'>canonicus,</span> 
     </span>
     <span class='ocr_line' id='line_1_44' title="bbox 239 1793 988 1841; baseline 0.003 -13"><span class='ocrx_word' id='word_1_221' title='bbox 239 1793 292 1840; x_wconf 94' lang='lat' dir='ltr'>qui</span> <span class='ocrx_word' id='word_1_222' title='bbox 314 1793 490 1828; x_wconf 88' lang='lat' dir='ltr'>secundum</span> <span class='ocrx_word' id='word_1_223' title='bbox 513 1793 653 1838; x_wconf 78' lang='lat' dir='ltr'>Domini,</span> <span class='ocrx_word' id='word_1_224' title='bbox 668 1803 697 1829; x_wconf 87' lang='lat' dir='ltr'>et</span> <span class='ocrx_word' id='word_1_225' title='bbox 717 1795 795 1829; x_wconf 86' lang='lat' dir='ltr'>beati</span> <span class='ocrx_word' id='word_1_226' title='bbox 820 1796 988 1841; x_wconf 83' lang='lat' dir='ltr'>Augustini</span> 
     </span>
     <span class='ocr_line' id='line_1_45' title="bbox 238 1842 988 1889; baseline 0.004 -12"><span class='ocrx_word' id='word_1_227' title='bbox 238 1842 380 1889; x_wconf 86' lang='lat' dir='ltr'>regulam</span> <span class='ocrx_word' id='word_1_228' title='bbox 403 1844 433 1877; x_wconf 92' lang='lat' dir='ltr'>in</span> <span class='ocrx_word' id='word_1_229' title='bbox 456 1842 565 1877; x_wconf 85' lang='lat' dir='ltr'>eadem</span> <span class='ocrx_word' id='word_1_230' title='bbox 581 1843 720 1879; x_wconf 77' lang='lat' dir='ltr'>Ecclesia</span> <span class='ocrx_word' id='word_1_231' title='bbox 740 1845 902 1880; x_wconf 89' lang='lat' dir='ltr'>institutus</span> <span class='ocrx_word' id='word_1_232' title='bbox 920 1858 988 1880; x_wconf 86' lang='lat' dir='ltr'>esse</span> 
     </span>
     <span class='ocr_line' id='line_1_46' title="bbox 239 1891 989 1941; baseline 0.005 -15"><span class='ocrx_word' id='word_1_233' title='bbox 239 1891 445 1939; x_wconf 80' lang='lat' dir='ltr'>dignoscitur,</span> <span class='ocrx_word' id='word_1_234' title='bbox 468 1894 628 1940; x_wconf 63' lang='lat' dir='ltr'>perpetuis</span> <span class='ocrx_word' id='word_1_235' title='bbox 650 1894 767 1928; x_wconf 84' lang='lat' dir='ltr'>ibidem</span> <span class='ocrx_word' id='word_1_236' title='bbox 792 1895 989 1941; x_wconf 85' lang='lat' dir='ltr'>temporibus</span> 
     </span>
     <span class='ocr_line' id='line_1_47' title="bbox 239 1941 989 1992; baseline 0.007 -17"><span class='ocrx_word' id='word_1_237' title='bbox 239 1941 459 1976; x_wconf 79' lang='lat' dir='ltr'>inviolabiliter</span> <span class='ocrx_word' id='word_1_238' title='bbox 480 1942 674 1977; x_wconf 79' lang='lat' dir='ltr'>observetur.</span> <span class='ocrx_word' id='word_1_239' title='bbox 700 1943 862 1979; x_wconf 83' lang='lat' dir='ltr'>Praeterea</span> <span class='ocrx_word' id='word_1_240' title='bbox 895 1958 989 1992; x_wconf 85' lang='lat' dir='ltr'>quas-</span> 
     </span>
     <span class='ocr_line' id='line_1_48' title="bbox 239 1993 988 2041; baseline 0.004 -15"><span class='ocrx_word' id='word_1_241' title='bbox 239 2003 378 2038; x_wconf 86' lang='lat' dir='ltr'>cumque</span> <span class='ocrx_word' id='word_1_242' title='bbox 400 1993 627 2038; x_wconf 82' lang='lat' dir='ltr'>possessiones,</span> <span class='ocrx_word' id='word_1_243' title='bbox 649 2005 868 2041; x_wconf 83' lang='lat' dir='ltr'>quaecumque</span> <span class='ocrx_word' id='word_1_244' title='bbox 894 1995 988 2033; x_wconf 81' lang='lat' dir='ltr'>bona,</span> 
     </span>
     <span class='ocr_line' id='line_1_49' title="bbox 239 2040 989 2089; baseline 0.005 -14"><span class='ocrx_word' id='word_1_245' title='bbox 239 2040 347 2075; x_wconf 87' lang='lat' dir='ltr'>eadem</span> <span class='ocrx_word' id='word_1_246' title='bbox 370 2040 511 2076; x_wconf 80' lang='lat' dir='ltr'>Ecclesia</span> <span class='ocrx_word' id='word_1_247' title='bbox 540 2041 834 2089; x_wconf 80' lang='lat' dir='ltr'>impraesentiarum</span> <span class='ocrx_word' id='word_1_248' title='bbox 858 2045 938 2079; x_wconf 87' lang='lat' dir='ltr'>iuste</span> <span class='ocrx_word' id='word_1_249' title='bbox 960 2053 989 2079; x_wconf 84' lang='lat' dir='ltr'>et</span> 
     </span>
     <span class='ocr_line' id='line_1_50' title="bbox 240 2091 989 2137; baseline 0.007 -13"><span class='ocrx_word' id='word_1_250' title='bbox 240 2091 391 2125; x_wconf 88' lang='lat' dir='ltr'>canonice</span> <span class='ocrx_word' id='word_1_251' title='bbox 420 2091 570 2137; x_wconf 77' lang='lat' dir='ltr'>possidet,</span> <span class='ocrx_word' id='word_1_252' title='bbox 597 2100 648 2126; x_wconf 88' lang='lat' dir='ltr'>aut</span> <span class='ocrx_word' id='word_1_253' title='bbox 683 2093 713 2126; x_wconf 93' lang='lat' dir='ltr'>in</span> <span class='ocrx_word' id='word_1_254' title='bbox 750 2093 888 2128; x_wconf 82' lang='lat' dir='ltr'>futurum</span> <span class='ocrx_word' id='word_1_255' title='bbox 912 2106 989 2128; x_wconf 92' lang='lat' dir='ltr'>con-</span> 
     </span>
     <span class='ocr_line' id='line_1_51' title="bbox 240 2139 987 2189; baseline 0.005 -15"><span class='ocrx_word' id='word_1_256' title='bbox 240 2140 384 2175; x_wconf 87' lang='lat' dir='ltr'>cessione</span> <span class='ocrx_word' id='word_1_257' title='bbox 409 2139 613 2182; x_wconf 79' lang='lat' dir='ltr'>Pontificum,</span> <span class='ocrx_word' id='word_1_258' title='bbox 633 2142 795 2188; x_wconf 75' lang='lat' dir='ltr'>largitione</span> <span class='ocrx_word' id='word_1_259' title='bbox 818 2155 925 2189; x_wconf 76' lang='lat' dir='ltr'>regum</span> <span class='ocrx_word' id='word_1_260' title='bbox 943 2144 987 2178; x_wconf 75' lang='lat' dir='ltr'>rel</span> 
     </span>
     <span class='ocr_line' id='line_1_52' title="bbox 241 2189 989 2236; baseline 0.004 -13"><span class='ocrx_word' id='word_1_261' title='bbox 241 2189 433 2236; x_wconf 82' lang='lat' dir='ltr'>principum,</span> <span class='ocrx_word' id='word_1_262' title='bbox 460 2190 617 2225; x_wconf 86' lang='lat' dir='ltr'>oblatione</span> <span class='ocrx_word' id='word_1_263' title='bbox 656 2192 809 2231; x_wconf 73' lang='lat' dir='ltr'>fidelium,</span> <span class='ocrx_word' id='word_1_264' title='bbox 836 2205 890 2227; x_wconf 82' lang='lat' dir='ltr'>scu</span> <span class='ocrx_word' id='word_1_265' title='bbox 922 2192 989 2226; x_wconf 83' lang='lat' dir='ltr'>aliis</span> 
     </span>
     <span class='ocr_line' id='line_1_53' title="bbox 240 2238 989 2289; baseline 0.004 -16"><span class='ocrx_word' id='word_1_266' title='bbox 240 2238 330 2273; x_wconf 87' lang='lat' dir='ltr'>iustis</span> <span class='ocrx_word' id='word_1_267' title='bbox 349 2239 463 2283; x_wconf 90' lang='lat' dir='ltr'>modis,</span> <span class='ocrx_word' id='word_1_268' title='bbox 491 2249 677 2286; x_wconf 79' lang='lat' dir='ltr'>procurante</span> <span class='ocrx_word' id='word_1_269' title='bbox 699 2241 849 2281; x_wconf 77' lang='lat' dir='ltr'>Domino,</span> <span class='ocrx_word' id='word_1_270' title='bbox 878 2243 989 2289; x_wconf 87' lang='lat' dir='ltr'>poterit</span> 
     </span>
     <span class='ocr_line' id='line_1_54' title="bbox 240 2287 990 2337; baseline 0.001 -15"><span class='ocrx_word' id='word_1_271' title='bbox 240 2287 387 2335; x_wconf 80' lang='lat' dir='ltr'>adipisci,</span> <span class='ocrx_word' id='word_1_272' title='bbox 409 2289 497 2323; x_wconf 86' lang='lat' dir='ltr'>firma</span> <span class='ocrx_word' id='word_1_273' title='bbox 520 2289 609 2324; x_wconf 71' lang='lat' dir='ltr'>vobis</span> <span class='ocrx_word' id='word_1_274' title='bbox 637 2291 809 2337; x_wconf 71' lang='lat' dir='ltr'>vestrisque</span> <span class='ocrx_word' id='word_1_275' title='bbox 831 2304 990 2325; x_wconf 82' lang='lat' dir='ltr'>successo-</span> 
     </span>
     <span class='ocr_line' id='line_1_55' title="bbox 241 2337 990 2387; baseline 0.004 -16"><span class='ocrx_word' id='word_1_276' title='bbox 241 2337 328 2372; x_wconf 92' lang='lat' dir='ltr'>ribus</span> <span class='ocrx_word' id='word_1_277' title='bbox 355 2346 385 2372; x_wconf 88' lang='lat' dir='ltr'>et</span> <span class='ocrx_word' id='word_1_278' title='bbox 411 2337 528 2373; x_wconf 90' lang='lat' dir='ltr'>illibata</span> <span class='ocrx_word' id='word_1_279' title='bbox 558 2349 782 2385; x_wconf 68' lang='lat' dir='ltr'>permaneantz</span> <span class='ocrx_word' id='word_1_280' title='bbox 816 2340 847 2374; x_wconf 93' lang='lat' dir='ltr'>in</span> <span class='ocrx_word' id='word_1_281' title='bbox 875 2341 990 2387; x_wconf 85' lang='lat' dir='ltr'>quibus</span> 
     </span>
     <span class='ocr_line' id='line_1_56' title="bbox 240 2385 991 2435; baseline 0.004 -14"><span class='ocrx_word' id='word_1_282' title='bbox 240 2385 319 2421; x_wconf 85' lang='lat' dir='ltr'>haec</span> <span class='ocrx_word' id='word_1_283' title='bbox 342 2388 477 2434; x_wconf 90' lang='lat' dir='ltr'>propriis</span> <span class='ocrx_word' id='word_1_284' title='bbox 503 2388 650 2423; x_wconf 78' lang='lat' dir='ltr'>duximus</span> <span class='ocrx_word' id='word_1_285' title='bbox 672 2390 874 2435; x_wconf 79' lang='lat' dir='ltr'>exprimenda</span> <span class='ocrx_word' id='word_1_286' title='bbox 903 2402 991 2424; x_wconf 74' lang='lat' dir='ltr'>voca-</span> 
     </span>
     <span class='ocr_line' id='line_1_57' title="bbox 241 2435 988 2473; baseline 0.004 -3"><span class='ocrx_word' id='word_1_287' title='bbox 241 2435 342 2471; x_wconf 89' lang='lat' dir='ltr'>bulis:</span> <span class='ocrx_word' id='word_1_288' title='bbox 365 2436 396 2471; x_wconf 91' lang='lat' dir='ltr'>in</span> <span class='ocrx_word' id='word_1_289' title='bbox 415 2444 516 2472; x_wconf 88' lang='lat' dir='ltr'>castro</span> <span class='ocrx_word' id='word_1_290' title='bbox 538 2437 802 2472; x_wconf 79' lang='lat' dir='ltr'>Caesaris-Sacro</span> <span class='ocrx_word' id='word_1_291' title='bbox 824 2439 988 2473; x_wconf 79' lang='lat' dir='ltr'>ecclesiam</span> 
     </span>
     <span class='ocr_line' id='line_1_58' title="bbox 241 2485 990 2536; baseline 0.003 -16"><span class='ocrx_word' id='word_1_292' title='bbox 241 2485 386 2521; x_wconf 79' lang='lat' dir='ltr'>videlicet</span> <span class='ocrx_word' id='word_1_293' title='bbox 408 2485 441 2521; x_wconf 92' lang='lat' dir='ltr'>S.</span> <span class='ocrx_word' id='word_1_294' title='bbox 469 2486 574 2526; x_wconf 85' lang='lat' dir='ltr'>Petri,</span> <span class='ocrx_word' id='word_1_295' title='bbox 600 2488 764 2522; x_wconf 87' lang='lat' dir='ltr'>ecclesiam</span> <span class='ocrx_word' id='word_1_296' title='bbox 783 2487 815 2522; x_wconf 91' lang='lat' dir='ltr'>S.</span> <span class='ocrx_word' id='word_1_297' title='bbox 836 2488 990 2536; x_wconf 64' lang='lat' dir='ltr'>Dionysii,</span> 
     </span>
     <span class='ocr_line' id='line_1_59' title="bbox 277 2551 991 2587; baseline 0.004 -9"><span class='ocrx_word' id='word_1_298' title='bbox 277 2551 317 2587; x_wconf 89' lang='lat' dir='ltr'>(l)</span> <span class='ocrx_word' id='word_1_299' title='bbox 337 2551 429 2579; x_wconf 87' lang='lat' dir='ltr'>Obiter</span> <span class='ocrx_word' id='word_1_300' title='bbox 445 2556 568 2579; x_wconf 87' lang='lat' dir='ltr'>notamus</span> <span class='ocrx_word' id='word_1_301' title='bbox 578 2554 689 2579; x_wconf 78' lang='lat' dir='ltr'>Sacrum</span> <span class='ocrx_word' id='word_1_302' title='bbox 706 2554 818 2586; x_wconf 78' lang='lat' dir='ltr'>Cereris,</span> <span class='ocrx_word' id='word_1_303' title='bbox 830 2554 887 2581; x_wconf 69' lang='lat' dir='ltr'>sive</span> <span class='ocrx_word' id='word_1_304' title='bbox 895 2555 991 2581; x_wconf 77' lang='lat' dir='ltr'>Sacro-</span> 
     </span>
     <span class='ocr_line' id='line_1_60' title="bbox 242 2591 991 2629; baseline 0.007 -12"><span class='ocrx_word' id='word_1_305' title='bbox 242 2591 434 2618; x_wconf 68' lang='lat' dir='ltr'>caesarianum</span> <span class='ocrx_word' id='word_1_306' title='bbox 451 2591 578 2626; x_wconf 87' lang='lat' dir='ltr'>oppidum</span> <span class='ocrx_word' id='word_1_307' title='bbox 599 2594 727 2619; x_wconf 63' lang='lat' dir='ltr'>Sanco-re</span> <span class='ocrx_word' id='word_1_308' title='bbox 746 2593 808 2625; x_wconf 87' lang='lat' dir='ltr'>dici,</span> <span class='ocrx_word' id='word_1_309' title='bbox 830 2597 858 2620; x_wconf 84' lang='lat' dir='ltr'>ut</span> <span class='ocrx_word' id='word_1_310' title='bbox 883 2595 991 2629; x_wconf 86' lang='lat' dir='ltr'>proinde</span> 
     </span>
     <span class='ocr_line' id='line_1_61' title="bbox 243 2631 991 2669; baseline 0.005 -11"><span class='ocrx_word' id='word_1_311' title='bbox 243 2631 451 2668; x_wconf 71' lang='lat' dir='ltr'>typographicus</span> <span class='ocrx_word' id='word_1_312' title='bbox 467 2632 585 2660; x_wconf 77' lang='lat' dir='ltr'>fortassis</span> <span class='ocrx_word' id='word_1_313' title='bbox 604 2632 645 2660; x_wconf 81' lang='lat' dir='ltr'>hic</span> <span class='ocrx_word' id='word_1_314' title='bbox 655 2641 730 2661; x_wconf 87' lang='lat' dir='ltr'>error</span> <span class='ocrx_word' id='word_1_315' title='bbox 746 2634 884 2669; x_wconf 83' lang='lat' dir='ltr'>irrepsisse</span> <span class='ocrx_word' id='word_1_316' title='bbox 901 2635 991 2662; x_wconf 76' lang='lat' dir='ltr'>ridea-</span> 
     </span>
     <span class='ocr_line' id='line_1_62' title="bbox 242 2675 956 2711; baseline 0.003 -11"><span class='ocrx_word' id='word_1_317' title='bbox 242 2675 286 2700; x_wconf 83' lang='lat' dir='ltr'>tur</span> <span class='ocrx_word' id='word_1_318' title='bbox 857 2676 896 2711; x_wconf 75' lang='lat' dir='ltr'>(n.</span> <span class='ocrx_word' id='word_1_319' title='bbox 917 2676 956 2711; x_wconf 89' lang='lat' dir='ltr'>T.)</span> 
     </span>
    </p>
   </div>
   <div class='ocr_carea' id='block_1_13' title="bbox 1031 491 1807 2715">
    <p class='ocr_par' dir='ltr' id='par_1_13' title="bbox 1031 491 1807 2715">
     <span class='ocr_line' id='line_1_63' title="bbox 1053 491 1804 532; baseline 0 -6"><span class='ocrx_word' id='word_1_320' title='bbox 1053 492 1159 532; x_wconf 90' lang='lat' dir='ltr'>lerdis,</span> <span class='ocrx_word' id='word_1_321' title='bbox 1187 500 1217 527; x_wconf 86' lang='lat' dir='ltr'>et</span> <span class='ocrx_word' id='word_1_322' title='bbox 1235 493 1264 526; x_wconf 90' lang='lat' dir='ltr'>in</span> <span class='ocrx_word' id='word_1_323' title='bbox 1284 492 1417 527; x_wconf 85' lang='lat' dir='ltr'>caeteris</span> <span class='ocrx_word' id='word_1_324' title='bbox 1438 491 1735 530; x_wconf 77' lang='lat' dir='ltr'>consuetudinibus,</span> <span class='ocrx_word' id='word_1_325' title='bbox 1749 504 1804 526; x_wconf 84' lang='lat' dir='ltr'>seu</span> 
     </span>
     <span class='ocr_line' id='line_1_64' title="bbox 1052 541 1805 588; baseline 0 -12"><span class='ocrx_word' id='word_1_326' title='bbox 1052 542 1082 576; x_wconf 94' lang='lat' dir='ltr'>in</span> <span class='ocrx_word' id='word_1_327' title='bbox 1105 541 1237 576; x_wconf 86' lang='lat' dir='ltr'>decimis</span> <span class='ocrx_word' id='word_1_328' title='bbox 1265 541 1430 588; x_wconf 82' lang='lat' dir='ltr'>parochiae</span> <span class='ocrx_word' id='word_1_329' title='bbox 1454 541 1634 588; x_wconf 65' lang='lat' dir='ltr'>possim-tis,</span> <span class='ocrx_word' id='word_1_330' title='bbox 1657 541 1805 576; x_wconf 88' lang='lat' dir='ltr'>reditum-</span> 
     </span>
     <span class='ocr_line' id='line_1_65' title="bbox 1050 590 1802 638; baseline 0.001 -13"><span class='ocrx_word' id='word_1_331' title='bbox 1050 603 1111 637; x_wconf 83' lang='lat' dir='ltr'>que</span> <span class='ocrx_word' id='word_1_332' title='bbox 1139 591 1204 625; x_wconf 87' lang='lat' dir='ltr'>iure</span> <span class='ocrx_word' id='word_1_333' title='bbox 1227 591 1504 625; x_wconf 85' lang='lat' dir='ltr'>consuetudinario</span> <span class='ocrx_word' id='word_1_334' title='bbox 1527 591 1557 624; x_wconf 89' lang='lat' dir='ltr'>in</span> <span class='ocrx_word' id='word_1_335' title='bbox 1573 590 1695 638; x_wconf 82' lang='lat' dir='ltr'>Ligeris</span> <span class='ocrx_word' id='word_1_336' title='bbox 1709 591 1802 626; x_wconf 72' lang='lat' dir='ltr'>fluvio</span> 
     </span>
     <span class='ocr_line' id='line_1_66' title="bbox 1051 640 1801 687; baseline 0.004 -14"><span class='ocrx_word' id='word_1_337' title='bbox 1051 640 1235 687; x_wconf 86' lang='lat' dir='ltr'>possidetis:</span> <span class='ocrx_word' id='word_1_338' title='bbox 1264 640 1429 675; x_wconf 77' lang='lat' dir='ltr'>ecclesiam</span> <span class='ocrx_word' id='word_1_339' title='bbox 1463 640 1503 674; x_wconf 88' lang='lat' dir='ltr'>de</span> <span class='ocrx_word' id='word_1_340' title='bbox 1529 640 1743 682; x_wconf 78' lang='lat' dir='ltr'>Talvemiaco,</span> <span class='ocrx_word' id='word_1_341' title='bbox 1771 650 1801 676; x_wconf 86' lang='lat' dir='ltr'>ct</span> 
     </span>
     <span class='ocr_line' id='line_1_67' title="bbox 1049 689 1798 737; baseline 0.001 -13"><span class='ocrx_word' id='word_1_342' title='bbox 1049 689 1201 737; x_wconf 86' lang='lat' dir='ltr'>quidquid</span> <span class='ocrx_word' id='word_1_343' title='bbox 1231 689 1260 723; x_wconf 92' lang='lat' dir='ltr'>in</span> <span class='ocrx_word' id='word_1_344' title='bbox 1285 689 1349 736; x_wconf 88' lang='lat' dir='ltr'>ipsa</span> <span class='ocrx_word' id='word_1_345' title='bbox 1379 689 1525 736; x_wconf 83' lang='lat' dir='ltr'>parocbia</span> <span class='ocrx_word' id='word_1_346' title='bbox 1554 697 1616 724; x_wconf 89' lang='lat' dir='ltr'>tam</span> <span class='ocrx_word' id='word_1_347' title='bbox 1646 690 1675 724; x_wconf 93' lang='lat' dir='ltr'>in</span> <span class='ocrx_word' id='word_1_348' title='bbox 1703 703 1798 725; x_wconf 88' lang='lat' dir='ltr'>censu</span> 
     </span>
     <span class='ocr_line' id='line_1_68' title="bbox 1048 738 1798 785; baseline 0.003 -13"><span class='ocrx_word' id='word_1_349' title='bbox 1048 751 1141 784; x_wconf 82' lang='lat' dir='ltr'>quam</span> <span class='ocrx_word' id='word_1_350' title='bbox 1171 739 1200 772; x_wconf 89' lang='lat' dir='ltr'>in</span> <span class='ocrx_word' id='word_1_351' title='bbox 1224 738 1355 773; x_wconf 86' lang='lat' dir='ltr'>decimis</span> <span class='ocrx_word' id='word_1_352' title='bbox 1371 738 1554 785; x_wconf 85' lang='lat' dir='ltr'>possidetis:</span> <span class='ocrx_word' id='word_1_353' title='bbox 1579 739 1743 774; x_wconf 86' lang='lat' dir='ltr'>ecclesiam</span> <span class='ocrx_word' id='word_1_354' title='bbox 1759 740 1798 775; x_wconf 88' lang='lat' dir='ltr'>de</span> 
     </span>
     <span class='ocr_line' id='line_1_69' title="bbox 1046 787 1798 836; baseline 0.001 -13"><span class='ocrx_word' id='word_1_355' title='bbox 1046 788 1162 823; x_wconf 87' lang='lat' dir='ltr'>Sancto</span> <span class='ocrx_word' id='word_1_356' title='bbox 1184 787 1349 828; x_wconf 86' lang='lat' dir='ltr'>Baudelio,</span> <span class='ocrx_word' id='word_1_357' title='bbox 1377 796 1407 822; x_wconf 86' lang='lat' dir='ltr'>et</span> <span class='ocrx_word' id='word_1_358' title='bbox 1428 788 1582 836; x_wconf 88' lang='lat' dir='ltr'>quidquid</span> <span class='ocrx_word' id='word_1_359' title='bbox 1610 789 1642 823; x_wconf 87' lang='lat' dir='ltr'>in</span> <span class='ocrx_word' id='word_1_360' title='bbox 1667 789 1732 835; x_wconf 89' lang='lat' dir='ltr'>ipsa</span> <span class='ocrx_word' id='word_1_361' title='bbox 1747 802 1798 836; x_wconf 91' lang='lat' dir='ltr'>pa-</span> 
     </span>
     <span class='ocr_line' id='line_1_70' title="bbox 1048 837 1798 879; baseline 0.004 -8"><span class='ocrx_word' id='word_1_362' title='bbox 1048 838 1152 872; x_wconf 81' lang='lat' dir='ltr'>rocliia</span> <span class='ocrx_word' id='word_1_363' title='bbox 1188 838 1216 872; x_wconf 93' lang='lat' dir='ltr'>in</span> <span class='ocrx_word' id='word_1_364' title='bbox 1246 837 1390 877; x_wconf 85' lang='lat' dir='ltr'>decimis,</span> <span class='ocrx_word' id='word_1_365' title='bbox 1419 838 1448 872; x_wconf 91' lang='lat' dir='ltr'>in</span> <span class='ocrx_word' id='word_1_366' title='bbox 1476 850 1585 879; x_wconf 88' lang='lat' dir='ltr'>censu,</span> <span class='ocrx_word' id='word_1_367' title='bbox 1613 838 1643 872; x_wconf 87' lang='lat' dir='ltr'>in</span> <span class='ocrx_word' id='word_1_368' title='bbox 1667 851 1798 874; x_wconf 86' lang='lat' dir='ltr'>consuc-</span> 
     </span>
     <span class='ocr_line' id='line_1_71' title="bbox 1045 887 1795 934; baseline 0.004 -13"><span class='ocrx_word' id='word_1_369' title='bbox 1045 887 1231 927; x_wconf 87' lang='lat' dir='ltr'>tudinibus,</span> <span class='ocrx_word' id='word_1_370' title='bbox 1267 887 1296 921; x_wconf 90' lang='lat' dir='ltr'>in</span> <span class='ocrx_word' id='word_1_371' title='bbox 1326 887 1435 934; x_wconf 84' lang='lat' dir='ltr'>pratis,</span> <span class='ocrx_word' id='word_1_372' title='bbox 1463 895 1493 921; x_wconf 90' lang='lat' dir='ltr'>et</span> <span class='ocrx_word' id='word_1_373' title='bbox 1523 887 1553 921; x_wconf 92' lang='lat' dir='ltr'>in</span> <span class='ocrx_word' id='word_1_374' title='bbox 1582 895 1662 923; x_wconf 90' lang='lat' dir='ltr'>terra</span> <span class='ocrx_word' id='word_1_375' title='bbox 1688 889 1795 924; x_wconf 84' lang='lat' dir='ltr'>arabili</span> 
     </span>
     <span class='ocr_line' id='line_1_72' title="bbox 1046 935 1795 985; baseline 0.001 -14"><span class='ocrx_word' id='word_1_376' title='bbox 1046 936 1228 983; x_wconf 77' lang='lat' dir='ltr'>possideti83</span> <span class='ocrx_word' id='word_1_377' title='bbox 1244 936 1410 971; x_wconf 86' lang='lat' dir='ltr'>ecclesiam</span> <span class='ocrx_word' id='word_1_378' title='bbox 1432 936 1471 971; x_wconf 90' lang='lat' dir='ltr'>de</span> <span class='ocrx_word' id='word_1_379' title='bbox 1487 935 1643 983; x_wconf 83' lang='lat' dir='ltr'>Dergicis,</span> <span class='ocrx_word' id='word_1_380' title='bbox 1661 947 1690 972; x_wconf 90' lang='lat' dir='ltr'>et</span> <span class='ocrx_word' id='word_1_381' title='bbox 1706 938 1795 985; x_wconf 90' lang='lat' dir='ltr'>quid-</span> 
     </span>
     <span class='ocr_line' id='line_1_73' title="bbox 1043 985 1795 1033; baseline 0.004 -13"><span class='ocrx_word' id='word_1_382' title='bbox 1043 986 1119 1032; x_wconf 92' lang='lat' dir='ltr'>quid</span> <span class='ocrx_word' id='word_1_383' title='bbox 1149 987 1179 1020; x_wconf 92' lang='lat' dir='ltr'>in</span> <span class='ocrx_word' id='word_1_384' title='bbox 1203 986 1268 1033; x_wconf 88' lang='lat' dir='ltr'>ipsa</span> <span class='ocrx_word' id='word_1_385' title='bbox 1304 985 1450 1032; x_wconf 82' lang='lat' dir='ltr'>parocbia</span> <span class='ocrx_word' id='word_1_386' title='bbox 1485 986 1668 1033; x_wconf 87' lang='lat' dir='ltr'>possidetis:</span> <span class='ocrx_word' id='word_1_387' title='bbox 1697 989 1795 1023; x_wconf 85' lang='lat' dir='ltr'>eccle-</span> 
     </span>
     <span class='ocr_line' id='line_1_74' title="bbox 1043 1035 1792 1084; baseline 0.003 -14"><span class='ocrx_word' id='word_1_388' title='bbox 1043 1036 1120 1070; x_wconf 84' lang='lat' dir='ltr'>siam</span> <span class='ocrx_word' id='word_1_389' title='bbox 1148 1035 1188 1071; x_wconf 88' lang='lat' dir='ltr'>de</span> <span class='ocrx_word' id='word_1_390' title='bbox 1223 1035 1385 1076; x_wconf 86' lang='lat' dir='ltr'>Herriaco,</span> <span class='ocrx_word' id='word_1_391' title='bbox 1416 1043 1446 1070; x_wconf 87' lang='lat' dir='ltr'>ct</span> <span class='ocrx_word' id='word_1_392' title='bbox 1479 1035 1633 1083; x_wconf 89' lang='lat' dir='ltr'>quidquid</span> <span class='ocrx_word' id='word_1_393' title='bbox 1665 1037 1696 1071; x_wconf 94' lang='lat' dir='ltr'>in</span> <span class='ocrx_word' id='word_1_394' title='bbox 1725 1038 1792 1084; x_wconf 84' lang='lat' dir='ltr'>ipsa</span> 
     </span>
     <span class='ocr_line' id='line_1_75' title="bbox 1043 1085 1792 1131; baseline 0.007 -13"><span class='ocrx_word' id='word_1_395' title='bbox 1043 1085 1190 1131; x_wconf 88' lang='lat' dir='ltr'>parocbia</span> <span class='ocrx_word' id='word_1_396' title='bbox 1217 1085 1246 1119; x_wconf 91' lang='lat' dir='ltr'>in</span> <span class='ocrx_word' id='word_1_397' title='bbox 1276 1097 1384 1125; x_wconf 88' lang='lat' dir='ltr'>censu,</span> <span class='ocrx_word' id='word_1_398' title='bbox 1419 1085 1450 1119; x_wconf 90' lang='lat' dir='ltr'>in</span> <span class='ocrx_word' id='word_1_399' title='bbox 1478 1086 1621 1127; x_wconf 88' lang='lat' dir='ltr'>decimis,</span> <span class='ocrx_word' id='word_1_400' title='bbox 1657 1086 1689 1121; x_wconf 89' lang='lat' dir='ltr'>in</span> <span class='ocrx_word' id='word_1_401' title='bbox 1713 1095 1792 1123; x_wconf 89' lang='lat' dir='ltr'>terra</span> 
     </span>
     <span class='ocr_line' id='line_1_76' title="bbox 1040 1134 1792 1181; baseline 0.005 -13"><span class='ocrx_word' id='word_1_402' title='bbox 1040 1134 1162 1175; x_wconf 85' lang='lat' dir='ltr'>arabili,</span> <span class='ocrx_word' id='word_1_403' title='bbox 1194 1143 1223 1169; x_wconf 90' lang='lat' dir='ltr'>et</span> <span class='ocrx_word' id='word_1_404' title='bbox 1252 1134 1282 1168; x_wconf 89' lang='lat' dir='ltr'>in</span> <span class='ocrx_word' id='word_1_405' title='bbox 1316 1146 1443 1169; x_wconf 86' lang='lat' dir='ltr'>nemore</span> <span class='ocrx_word' id='word_1_406' title='bbox 1479 1135 1659 1181; x_wconf 89' lang='lat' dir='ltr'>possidetis:</span> <span class='ocrx_word' id='word_1_407' title='bbox 1694 1137 1792 1173; x_wconf 85' lang='lat' dir='ltr'>eccle-</span> 
     </span>
     <span class='ocr_line' id='line_1_77' title="bbox 1040 1183 1792 1233; baseline 0.004 -15"><span class='ocrx_word' id='word_1_408' title='bbox 1040 1183 1117 1218; x_wconf 90' lang='lat' dir='ltr'>siam</span> <span class='ocrx_word' id='word_1_409' title='bbox 1142 1184 1181 1219; x_wconf 91' lang='lat' dir='ltr'>de</span> <span class='ocrx_word' id='word_1_410' title='bbox 1207 1183 1356 1228; x_wconf 77' lang='lat' dir='ltr'>Vinonto,</span> <span class='ocrx_word' id='word_1_411' title='bbox 1378 1191 1408 1218; x_wconf 86' lang='lat' dir='ltr'>et</span> <span class='ocrx_word' id='word_1_412' title='bbox 1430 1184 1582 1232; x_wconf 87' lang='lat' dir='ltr'>quidquid</span> <span class='ocrx_word' id='word_1_413' title='bbox 1607 1185 1636 1219; x_wconf 92' lang='lat' dir='ltr'>in</span> <span class='ocrx_word' id='word_1_414' title='bbox 1661 1186 1726 1233; x_wconf 85' lang='lat' dir='ltr'>ipsa</span> <span class='ocrx_word' id='word_1_415' title='bbox 1742 1199 1792 1233; x_wconf 90' lang='lat' dir='ltr'>pa-</span> 
     </span>
     <span class='ocr_line' id='line_1_78' title="bbox 1039 1233 1788 1282; baseline 0.007 -16"><span class='ocrx_word' id='word_1_416' title='bbox 1039 1233 1144 1268; x_wconf 86' lang='lat' dir='ltr'>rocbia</span> <span class='ocrx_word' id='word_1_417' title='bbox 1168 1233 1197 1268; x_wconf 91' lang='lat' dir='ltr'>in</span> <span class='ocrx_word' id='word_1_418' title='bbox 1222 1233 1354 1268; x_wconf 88' lang='lat' dir='ltr'>decimis</span> <span class='ocrx_word' id='word_1_419' title='bbox 1377 1242 1407 1268; x_wconf 90' lang='lat' dir='ltr'>et</span> <span class='ocrx_word' id='word_1_420' title='bbox 1428 1233 1459 1267; x_wconf 92' lang='lat' dir='ltr'>in</span> <span class='ocrx_word' id='word_1_421' title='bbox 1482 1246 1579 1269; x_wconf 87' lang='lat' dir='ltr'>ceusu</span> <span class='ocrx_word' id='word_1_422' title='bbox 1604 1235 1788 1282; x_wconf 86' lang='lat' dir='ltr'>possidetis:</span> 
     </span>
     <span class='ocr_line' id='line_1_79' title="bbox 1039 1282 1788 1332; baseline 0.005 -16"><span class='ocrx_word' id='word_1_423' title='bbox 1039 1282 1205 1318; x_wconf 86' lang='lat' dir='ltr'>ecclesiam</span> <span class='ocrx_word' id='word_1_424' title='bbox 1234 1282 1273 1317; x_wconf 83' lang='lat' dir='ltr'>de</span> <span class='ocrx_word' id='word_1_425' title='bbox 1300 1282 1392 1323; x_wconf 86' lang='lat' dir='ltr'>Iocis,</span> <span class='ocrx_word' id='word_1_426' title='bbox 1415 1291 1444 1318; x_wconf 90' lang='lat' dir='ltr'>et</span> <span class='ocrx_word' id='word_1_427' title='bbox 1477 1283 1633 1331; x_wconf 90' lang='lat' dir='ltr'>quidquid</span> <span class='ocrx_word' id='word_1_428' title='bbox 1661 1285 1693 1319; x_wconf 90' lang='lat' dir='ltr'>iu</span> <span class='ocrx_word' id='word_1_429' title='bbox 1722 1285 1788 1332; x_wconf 87' lang='lat' dir='ltr'>ipsa</span> 
     </span>
     <span class='ocr_line' id='line_1_80' title="bbox 1038 1332 1787 1379; baseline 0.005 -13"><span class='ocrx_word' id='word_1_430' title='bbox 1038 1332 1184 1379; x_wconf 85' lang='lat' dir='ltr'>parocbia</span> <span class='ocrx_word' id='word_1_431' title='bbox 1205 1332 1390 1379; x_wconf 79' lang='lat' dir='ltr'>possidetis:</span> <span class='ocrx_word' id='word_1_432' title='bbox 1413 1333 1576 1368; x_wconf 85' lang='lat' dir='ltr'>ecclesiam</span> <span class='ocrx_word' id='word_1_433' title='bbox 1599 1334 1638 1369; x_wconf 90' lang='lat' dir='ltr'>de</span> <span class='ocrx_word' id='word_1_434' title='bbox 1656 1334 1787 1375; x_wconf 88' lang='lat' dir='ltr'>Grellia,</span> 
     </span>
     <span class='ocr_line' id='line_1_81' title="bbox 1035 1381 1787 1429; baseline 0.005 -14"><span class='ocrx_word' id='word_1_435' title='bbox 1035 1389 1065 1416; x_wconf 86' lang='lat' dir='ltr'>et</span> <span class='ocrx_word' id='word_1_436' title='bbox 1092 1381 1246 1428; x_wconf 88' lang='lat' dir='ltr'>quidquid</span> <span class='ocrx_word' id='word_1_437' title='bbox 1271 1382 1300 1416; x_wconf 91' lang='lat' dir='ltr'>in</span> <span class='ocrx_word' id='word_1_438' title='bbox 1332 1382 1397 1429; x_wconf 89' lang='lat' dir='ltr'>ipsa</span> <span class='ocrx_word' id='word_1_439' title='bbox 1429 1382 1573 1428; x_wconf 86' lang='lat' dir='ltr'>parocbia</span> <span class='ocrx_word' id='word_1_440' title='bbox 1601 1384 1632 1418; x_wconf 92' lang='lat' dir='ltr'>in</span> <span class='ocrx_word' id='word_1_441' title='bbox 1654 1384 1787 1419; x_wconf 89' lang='lat' dir='ltr'>decimis</span> 
     </span>
     <span class='ocr_line' id='line_1_82' title="bbox 1035 1431 1788 1477; baseline 0.007 -13"><span class='ocrx_word' id='word_1_442' title='bbox 1035 1438 1065 1465; x_wconf 85' lang='lat' dir='ltr'>et</span> <span class='ocrx_word' id='word_1_443' title='bbox 1093 1431 1123 1465; x_wconf 90' lang='lat' dir='ltr'>in</span> <span class='ocrx_word' id='word_1_444' title='bbox 1152 1443 1250 1466; x_wconf 90' lang='lat' dir='ltr'>censu</span> <span class='ocrx_word' id='word_1_445' title='bbox 1279 1432 1461 1477; x_wconf 85' lang='lat' dir='ltr'>possidetis:</span> <span class='ocrx_word' id='word_1_446' title='bbox 1489 1432 1655 1468; x_wconf 89' lang='lat' dir='ltr'>ecclesiam</span> <span class='ocrx_word' id='word_1_447' title='bbox 1685 1434 1723 1469; x_wconf 89' lang='lat' dir='ltr'>de</span> <span class='ocrx_word' id='word_1_448' title='bbox 1743 1434 1788 1469; x_wconf 87' lang='lat' dir='ltr'>la-</span> 
     </span>
     <span class='ocr_line' id='line_1_83' title="bbox 1035 1479 1784 1530; baseline 0.005 -16"><span class='ocrx_word' id='word_1_449' title='bbox 1035 1479 1151 1521; x_wconf 88' lang='lat' dir='ltr'>lonnia,</span> <span class='ocrx_word' id='word_1_450' title='bbox 1185 1489 1215 1515; x_wconf 89' lang='lat' dir='ltr'>et</span> <span class='ocrx_word' id='word_1_451' title='bbox 1243 1480 1398 1527; x_wconf 87' lang='lat' dir='ltr'>quidquid</span> <span class='ocrx_word' id='word_1_452' title='bbox 1427 1481 1457 1515; x_wconf 90' lang='lat' dir='ltr'>iu</span> <span class='ocrx_word' id='word_1_453' title='bbox 1486 1481 1551 1528; x_wconf 90' lang='lat' dir='ltr'>ipsa</span> <span class='ocrx_word' id='word_1_454' title='bbox 1579 1484 1727 1530; x_wconf 88' lang='lat' dir='ltr'>parochia</span> <span class='ocrx_word' id='word_1_455' title='bbox 1755 1484 1784 1518; x_wconf 91' lang='lat' dir='ltr'>in</span> 
     </span>
     <span class='ocr_line' id='line_1_84' title="bbox 1033 1529 1785 1578; baseline 0.007 -15"><span class='ocrx_word' id='word_1_456' title='bbox 1033 1529 1176 1570; x_wconf 78' lang='lat' dir='ltr'>decimis,</span> <span class='ocrx_word' id='word_1_457' title='bbox 1205 1530 1234 1564; x_wconf 90' lang='lat' dir='ltr'>in</span> <span class='ocrx_word' id='word_1_458' title='bbox 1264 1542 1383 1574; x_wconf 87' lang='lat' dir='ltr'>censu,</span> <span class='ocrx_word' id='word_1_459' title='bbox 1418 1530 1448 1564; x_wconf 91' lang='lat' dir='ltr'>in</span> <span class='ocrx_word' id='word_1_460' title='bbox 1482 1540 1561 1566; x_wconf 87' lang='lat' dir='ltr'>terra</span> <span class='ocrx_word' id='word_1_461' title='bbox 1596 1533 1718 1578; x_wconf 83' lang='lat' dir='ltr'>arabili,</span> <span class='ocrx_word' id='word_1_462' title='bbox 1753 1534 1785 1568; x_wconf 89' lang='lat' dir='ltr'>in</span> 
     </span>
     <span class='ocr_line' id='line_1_85' title="bbox 1035 1579 1783 1626; baseline 0.007 -14"><span class='ocrx_word' id='word_1_463' title='bbox 1035 1579 1140 1625; x_wconf 78' lang='lat' dir='ltr'>pratis,</span> <span class='ocrx_word' id='word_1_464' title='bbox 1169 1587 1199 1614; x_wconf 88' lang='lat' dir='ltr'>et</span> <span class='ocrx_word' id='word_1_465' title='bbox 1236 1580 1265 1613; x_wconf 91' lang='lat' dir='ltr'>in</span> <span class='ocrx_word' id='word_1_466' title='bbox 1295 1592 1424 1614; x_wconf 82' lang='lat' dir='ltr'>nemore</span> <span class='ocrx_word' id='word_1_467' title='bbox 1458 1581 1641 1626; x_wconf 85' lang='lat' dir='ltr'>possidetis:</span> <span class='ocrx_word' id='word_1_468' title='bbox 1670 1590 1783 1617; x_wconf 87' lang='lat' dir='ltr'>terram</span> 
     </span>
     <span class='ocr_line' id='line_1_86' title="bbox 1033 1628 1784 1678; baseline 0.008 -17"><span class='ocrx_word' id='word_1_469' title='bbox 1033 1636 1061 1662; x_wconf 86' lang='lat' dir='ltr'>et</span> <span class='ocrx_word' id='word_1_470' title='bbox 1090 1637 1175 1674; x_wconf 85' lang='lat' dir='ltr'>prata</span> <span class='ocrx_word' id='word_1_471' title='bbox 1214 1628 1254 1663; x_wconf 87' lang='lat' dir='ltr'>de</span> <span class='ocrx_word' id='word_1_472' title='bbox 1292 1629 1423 1669; x_wconf 63' lang='lat' dir='ltr'>Boi-(tis,</span> <span class='ocrx_word' id='word_1_473' title='bbox 1459 1639 1489 1664; x_wconf 87' lang='lat' dir='ltr'>et</span> <span class='ocrx_word' id='word_1_474' title='bbox 1522 1630 1677 1678; x_wconf 87' lang='lat' dir='ltr'>quidquid</span> <span class='ocrx_word' id='word_1_475' title='bbox 1707 1632 1784 1667; x_wconf 89' lang='lat' dir='ltr'>inibi</span> 
     </span>
     <span class='ocr_line' id='line_1_87' title="bbox 1033 1677 1783 1724; baseline 0.011 -15"><span class='ocrx_word' id='word_1_476' title='bbox 1033 1677 1218 1724; x_wconf 84' lang='lat' dir='ltr'>possidetis:</span> <span class='ocrx_word' id='word_1_477' title='bbox 1253 1686 1366 1713; x_wconf 88' lang='lat' dir='ltr'>terram</span> <span class='ocrx_word' id='word_1_478' title='bbox 1393 1678 1540 1714; x_wconf 86' lang='lat' dir='ltr'>arabilem</span> <span class='ocrx_word' id='word_1_479' title='bbox 1558 1707 1566 1723; x_wconf 91' lang='lat'>,</span> <span class='ocrx_word' id='word_1_480' title='bbox 1599 1694 1730 1716; x_wconf 88' lang='lat' dir='ltr'>censum</span> <span class='ocrx_word' id='word_1_481' title='bbox 1754 1691 1783 1717; x_wconf 88' lang='lat' dir='ltr'>et</span> 
     </span>
     <span class='ocr_line' id='line_1_88' title="bbox 1031 1727 1807 1775; baseline 0.009 -15"><span class='ocrx_word' id='word_1_482' title='bbox 1031 1727 1276 1762; x_wconf 82' lang='lat' dir='ltr'>consuetudines</span> <span class='ocrx_word' id='word_1_483' title='bbox 1297 1728 1380 1775; x_wconf 85' lang='lat' dir='ltr'>apud</span> <span class='ocrx_word' id='word_1_484' title='bbox 1396 1728 1609 1764; x_wconf 85' lang='lat' dir='ltr'>Elutnolium:</span> <span class='ocrx_word' id='word_1_485' title='bbox 1626 1730 1781 1773; x_wconf 81' lang='lat' dir='ltr'>homines,</span> <span class='ocrx_word' id='word_1_486' title='bbox 1798 1736 1807 1749; x_wconf 67' lang='lat'>*</span> 
     </span>
     <span class='ocr_line' id='line_1_89' title="bbox 1031 1782 1782 1823; baseline 0.011 -14"><span class='ocrx_word' id='word_1_487' title='bbox 1031 1788 1173 1817; x_wconf 63' lang='lat' dir='ltr'>censum,</span> <span class='ocrx_word' id='word_1_488' title='bbox 1210 1785 1307 1823; x_wconf 77' lang='lat' dir='ltr'>prata,</span> <span class='ocrx_word' id='word_1_489' title='bbox 1336 1790 1459 1822; x_wconf 78' lang='lat' dir='ltr'>uetnttS,</span> <span class='ocrx_word' id='word_1_490' title='bbox 1485 1787 1514 1813; x_wconf 87' lang='lat' dir='ltr'>et</span> <span class='ocrx_word' id='word_1_491' title='bbox 1543 1788 1654 1815; x_wconf 74' lang='lat' dir='ltr'>terrant</span> <span class='ocrx_word' id='word_1_492' title='bbox 1682 1782 1782 1816; x_wconf 85' lang='lat' dir='ltr'>arabi-</span> 
     </span>
     <span class='ocr_line' id='line_1_90' title="bbox 1032 1825 1780 1878; baseline 0.009 -19"><span class='ocrx_word' id='word_1_493' title='bbox 1032 1825 1091 1859; x_wconf 82' lang='lat' dir='ltr'>lem</span> <span class='ocrx_word' id='word_1_494' title='bbox 1119 1826 1202 1871; x_wconf 87' lang='lat' dir='ltr'>apud</span> <span class='ocrx_word' id='word_1_495' title='bbox 1228 1826 1330 1861; x_wconf 73' lang='lat' dir='ltr'>villam</span> <span class='ocrx_word' id='word_1_496' title='bbox 1354 1826 1483 1869; x_wconf 86' lang='lat' dir='ltr'>Donati,</span> <span class='ocrx_word' id='word_1_497' title='bbox 1509 1836 1622 1864; x_wconf 88' lang='lat' dir='ltr'>terram</span> <span class='ocrx_word' id='word_1_498' title='bbox 1646 1839 1676 1865; x_wconf 87' lang='lat' dir='ltr'>et</span> <span class='ocrx_word' id='word_1_499' title='bbox 1696 1841 1780 1878; x_wconf 87' lang='lat' dir='ltr'>prata</span> 
     </span>
     <span class='ocr_line' id='line_1_91' title="bbox 1031 1875 1782 1928; baseline 0.008 -19"><span class='ocrx_word' id='word_1_500' title='bbox 1031 1875 1112 1920; x_wconf 72' lang='lat' dir='ltr'>apud</span> <span class='ocrx_word' id='word_1_501' title='bbox 1136 1876 1343 1911; x_wconf 73' lang='lat' dir='ltr'>Genevreiam</span> <span class='ocrx_word' id='word_1_502' title='bbox 1370 1884 1400 1911; x_wconf 86' lang='lat' dir='ltr'>et</span> <span class='ocrx_word' id='word_1_503' title='bbox 1426 1880 1682 1921; x_wconf 78' lang='lat' dir='ltr'>consuetudines,</span> <span class='ocrx_word' id='word_1_504' title='bbox 1704 1893 1782 1928; x_wconf 89' lang='lat' dir='ltr'>quas</span> 
     </span>
     <span class='ocr_line' id='line_1_92' title="bbox 1033 1924 1780 1973; baseline 0.009 -15"><span class='ocrx_word' id='word_1_505' title='bbox 1033 1924 1072 1958; x_wconf 82' lang='lat' dir='ltr'>ibi</span> <span class='ocrx_word' id='word_1_506' title='bbox 1102 1924 1238 1959; x_wconf 84' lang='lat' dir='ltr'>habetis:</span> <span class='ocrx_word' id='word_1_507' title='bbox 1267 1925 1315 1960; x_wconf 89' lang='lat' dir='ltr'>ius</span> <span class='ocrx_word' id='word_1_508' title='bbox 1341 1926 1426 1973; x_wconf 85' lang='lat' dir='ltr'>quod</span> <span class='ocrx_word' id='word_1_509' title='bbox 1460 1927 1582 1963; x_wconf 84' lang='lat' dir='ltr'>habetis</span> <span class='ocrx_word' id='word_1_510' title='bbox 1615 1930 1646 1964; x_wconf 89' lang='lat' dir='ltr'>in</span> <span class='ocrx_word' id='word_1_511' title='bbox 1679 1930 1780 1964; x_wconf 88' lang='lat' dir='ltr'>reditu</span> 
     </span>
     <span class='ocr_line' id='line_1_93' title="bbox 1032 1973 1780 2023; baseline 0.009 -16"><span class='ocrx_word' id='word_1_512' title='bbox 1032 1973 1183 2008; x_wconf 72' lang='lat' dir='ltr'>ecclesiae</span> <span class='ocrx_word' id='word_1_513' title='bbox 1208 1974 1246 2008; x_wconf 86' lang='lat' dir='ltr'>de</span> <span class='ocrx_word' id='word_1_514' title='bbox 1273 1974 1404 2010; x_wconf 83' lang='lat' dir='ltr'>Sancio:</span> <span class='ocrx_word' id='word_1_515' title='bbox 1433 1977 1598 2012; x_wconf 84' lang='lat' dir='ltr'>ecclesiam</span> <span class='ocrx_word' id='word_1_516' title='bbox 1639 1979 1677 2014; x_wconf 89' lang='lat' dir='ltr'>de</span> <span class='ocrx_word' id='word_1_517' title='bbox 1705 1979 1780 2023; x_wconf 74' lang='lat' dir='ltr'>lars,</span> 
     </span>
     <span class='ocr_line' id='line_1_94' title="bbox 1032 2023 1780 2071; baseline 0.011 -16"><span class='ocrx_word' id='word_1_518' title='bbox 1032 2031 1060 2056; x_wconf 89' lang='lat' dir='ltr'>et</span> <span class='ocrx_word' id='word_1_519' title='bbox 1083 2023 1236 2070; x_wconf 83' lang='lat' dir='ltr'>quidquid</span> <span class='ocrx_word' id='word_1_520' title='bbox 1265 2024 1294 2058; x_wconf 94' lang='lat' dir='ltr'>in</span> <span class='ocrx_word' id='word_1_521' title='bbox 1319 2025 1385 2071; x_wconf 85' lang='lat' dir='ltr'>ipsa</span> <span class='ocrx_word' id='word_1_522' title='bbox 1406 2027 1550 2071; x_wconf 86' lang='lat' dir='ltr'>parocbia</span> <span class='ocrx_word' id='word_1_523' title='bbox 1581 2029 1609 2062; x_wconf 90' lang='lat' dir='ltr'>in</span> <span class='ocrx_word' id='word_1_524' title='bbox 1637 2028 1780 2069; x_wconf 84' lang='lat' dir='ltr'>decimis,</span> 
     </span>
     <span class='ocr_line' id='line_1_95' title="bbox 1032 2072 1781 2119; baseline 0.012 -14"><span class='ocrx_word' id='word_1_525' title='bbox 1032 2072 1061 2106; x_wconf 89' lang='lat' dir='ltr'>iu</span> <span class='ocrx_word' id='word_1_526' title='bbox 1085 2085 1180 2107; x_wconf 75' lang='lat' dir='ltr'>censu</span> <span class='ocrx_word' id='word_1_527' title='bbox 1205 2073 1386 2119; x_wconf 86' lang='lat' dir='ltr'>possidetis:</span> <span class='ocrx_word' id='word_1_528' title='bbox 1410 2075 1546 2110; x_wconf 87' lang='lat' dir='ltr'>alodium</span> <span class='ocrx_word' id='word_1_529' title='bbox 1571 2078 1609 2112; x_wconf 84' lang='lat' dir='ltr'>de</span> <span class='ocrx_word' id='word_1_530' title='bbox 1627 2077 1781 2114; x_wconf 82' lang='lat' dir='ltr'>Cocciaco</span> 
     </span>
     <span class='ocr_line' id='line_1_96' title="bbox 1031 2123 1779 2169; baseline 0.011 -14"><span class='ocrx_word' id='word_1_531' title='bbox 1031 2134 1102 2155; x_wconf 86' lang='lat' dir='ltr'>cum</span> <span class='ocrx_word' id='word_1_532' title='bbox 1123 2123 1208 2156; x_wconf 88' lang='lat' dir='ltr'>omni</span> <span class='ocrx_word' id='word_1_533' title='bbox 1234 2124 1433 2169; x_wconf 77' lang='lat' dir='ltr'>possessione</span> <span class='ocrx_word' id='word_1_534' title='bbox 1451 2125 1529 2166; x_wconf 84' lang='lat' dir='ltr'>eius,</span> <span class='ocrx_word' id='word_1_535' title='bbox 1552 2127 1616 2161; x_wconf 76' lang='lat' dir='ltr'>sire</span> <span class='ocrx_word' id='word_1_536' title='bbox 1632 2128 1660 2161; x_wconf 92' lang='lat' dir='ltr'>in</span> <span class='ocrx_word' id='word_1_537' title='bbox 1679 2129 1779 2169; x_wconf 86' lang='lat' dir='ltr'>terris,</span> 
     </span>
     <span class='ocr_line' id='line_1_97' title="bbox 1031 2171 1781 2219; baseline 0.011 -15"><span class='ocrx_word' id='word_1_538' title='bbox 1031 2171 1095 2205; x_wconf 80' lang='lat' dir='ltr'>sire</span> <span class='ocrx_word' id='word_1_539' title='bbox 1128 2172 1158 2205; x_wconf 92' lang='lat' dir='ltr'>in</span> <span class='ocrx_word' id='word_1_540' title='bbox 1199 2173 1318 2218; x_wconf 88' lang='lat' dir='ltr'>pratis,</span> <span class='ocrx_word' id='word_1_541' title='bbox 1345 2173 1550 2219; x_wconf 81' lang='lat' dir='ltr'>nemoribus,</span> <span class='ocrx_word' id='word_1_542' title='bbox 1577 2184 1606 2210; x_wconf 87' lang='lat' dir='ltr'>et</span> <span class='ocrx_word' id='word_1_543' title='bbox 1633 2177 1781 2213; x_wconf 87' lang='lat' dir='ltr'>omnibus</span> 
     </span>
     <span class='ocr_line' id='line_1_98' title="bbox 1031 2221 1780 2263; baseline 0.011 -9"><span class='ocrx_word' id='word_1_544' title='bbox 1031 2221 1330 2256; x_wconf 82' lang='lat' dir='ltr'>consuctudinibus:</span> <span class='ocrx_word' id='word_1_545' title='bbox 1363 2222 1523 2258; x_wconf 88' lang='lat' dir='ltr'>Salnaium</span> <span class='ocrx_word' id='word_1_546' title='bbox 1551 2225 1590 2259; x_wconf 88' lang='lat' dir='ltr'>de</span> <span class='ocrx_word' id='word_1_547' title='bbox 1616 2226 1720 2261; x_wconf 87' lang='lat' dir='ltr'>alodio</span> <span class='ocrx_word' id='word_1_548' title='bbox 1741 2228 1780 2263; x_wconf 86' lang='lat' dir='ltr'>de</span> 
     </span>
     <span class='ocr_line' id='line_1_99' title="bbox 1032 2269 1778 2319; baseline 0.012 -16"><span class='ocrx_word' id='word_1_549' title='bbox 1032 2269 1101 2304; x_wconf 76' lang='lat' dir='ltr'>villa</span> <span class='ocrx_word' id='word_1_550' title='bbox 1128 2270 1286 2305; x_wconf 76' lang='lat' dir='ltr'>Genonis:</span> <span class='ocrx_word' id='word_1_551' title='bbox 1315 2272 1463 2317; x_wconf 86' lang='lat' dir='ltr'>capellam</span> <span class='ocrx_word' id='word_1_552' title='bbox 1491 2273 1625 2309; x_wconf 83' lang='lat' dir='ltr'>Sanctae</span> <span class='ocrx_word' id='word_1_553' title='bbox 1651 2276 1778 2319; x_wconf 78' lang='lat' dir='ltr'>Mariae,</span> 
     </span>
     <span class='ocr_line' id='line_1_100' title="bbox 1031 2319 1778 2364; baseline 0.012 -12"><span class='ocrx_word' id='word_1_554' title='bbox 1031 2331 1110 2364; x_wconf 88' lang='lat' dir='ltr'>quae</span> <span class='ocrx_word' id='word_1_555' title='bbox 1138 2327 1183 2353; x_wconf 87' lang='lat' dir='ltr'>est</span> <span class='ocrx_word' id='word_1_556' title='bbox 1218 2320 1246 2354; x_wconf 89' lang='lat' dir='ltr'>in</span> <span class='ocrx_word' id='word_1_557' title='bbox 1275 2319 1475 2356; x_wconf 86' lang='lat' dir='ltr'>Concortallo</span> <span class='ocrx_word' id='word_1_558' title='bbox 1501 2331 1602 2358; x_wconf 88' lang='lat' dir='ltr'>castro</span> <span class='ocrx_word' id='word_1_559' title='bbox 1629 2324 1778 2361; x_wconf 79' lang='lat' dir='ltr'>Bernardi</span> 
     </span>
     <span class='ocr_line' id='line_1_101' title="bbox 1032 2368 1780 2416; baseline 0.013 -15"><span class='ocrx_word' id='word_1_560' title='bbox 1032 2368 1186 2403; x_wconf 81' lang='lat' dir='ltr'>fluminis:</span> <span class='ocrx_word' id='word_1_561' title='bbox 1225 2369 1388 2404; x_wconf 76' lang='lat' dir='ltr'>ecclesiam</span> <span class='ocrx_word' id='word_1_562' title='bbox 1417 2371 1455 2406; x_wconf 92' lang='lat' dir='ltr'>de</span> <span class='ocrx_word' id='word_1_563' title='bbox 1482 2371 1726 2416; x_wconf 83' lang='lat' dir='ltr'>Blanca-Forte,</span> <span class='ocrx_word' id='word_1_564' title='bbox 1749 2385 1780 2410; x_wconf 81' lang='lat' dir='ltr'>et</span> 
     </span>
     <span class='ocr_line' id='line_1_102' title="bbox 1031 2417 1780 2465; baseline 0.012 -14"><span class='ocrx_word' id='word_1_565' title='bbox 1031 2417 1169 2452; x_wconf 90' lang='lat' dir='ltr'>alodium</span> <span class='ocrx_word' id='word_1_566' title='bbox 1192 2417 1231 2452; x_wconf 83' lang='lat' dir='ltr'>de</span> <span class='ocrx_word' id='word_1_567' title='bbox 1253 2426 1360 2453; x_wconf 88' lang='lat' dir='ltr'>monte</span> <span class='ocrx_word' id='word_1_568' title='bbox 1381 2419 1550 2463; x_wconf 83' lang='lat' dir='ltr'>Morlouis,</span> <span class='ocrx_word' id='word_1_569' title='bbox 1573 2422 1723 2465; x_wconf 80' lang='lat' dir='ltr'>decimas,</span> <span class='ocrx_word' id='word_1_570' title='bbox 1750 2434 1780 2460; x_wconf 89' lang='lat' dir='ltr'>et</span> 
     </span>
     <span class='ocr_line' id='line_1_103' title="bbox 1031 2467 1781 2518; baseline 0.015 -19"><span class='ocrx_word' id='word_1_571' title='bbox 1031 2467 1182 2514; x_wconf 86' lang='lat' dir='ltr'>quidquid</span> <span class='ocrx_word' id='word_1_572' title='bbox 1207 2467 1236 2502; x_wconf 89' lang='lat' dir='ltr'>in</span> <span class='ocrx_word' id='word_1_573' title='bbox 1261 2468 1325 2514; x_wconf 83' lang='lat' dir='ltr'>ipsa</span> <span class='ocrx_word' id='word_1_574' title='bbox 1353 2470 1498 2515; x_wconf 87' lang='lat' dir='ltr'>parochia</span> <span class='ocrx_word' id='word_1_575' title='bbox 1522 2473 1705 2518; x_wconf 83' lang='lat' dir='ltr'>possidetis:</span> <span class='ocrx_word' id='word_1_576' title='bbox 1728 2487 1781 2510; x_wconf 86' lang='lat' dir='ltr'>ec-</span> 
     </span>
     <span class='ocr_line' id='line_1_104' title="bbox 1032 2516 1781 2571; baseline 0.013 -22"><span class='ocrx_word' id='word_1_577' title='bbox 1032 2516 1157 2551; x_wconf 84' lang='lat' dir='ltr'>clesiam</span> <span class='ocrx_word' id='word_1_578' title='bbox 1186 2516 1225 2551; x_wconf 91' lang='lat' dir='ltr'>de</span> <span class='ocrx_word' id='word_1_579' title='bbox 1247 2516 1391 2560; x_wconf 85' lang='lat' dir='ltr'>Barloco,</span> <span class='ocrx_word' id='word_1_580' title='bbox 1417 2528 1447 2554; x_wconf 89' lang='lat' dir='ltr'>et</span> <span class='ocrx_word' id='word_1_581' title='bbox 1474 2521 1627 2569; x_wconf 85' lang='lat' dir='ltr'>quidquid</span> <span class='ocrx_word' id='word_1_582' title='bbox 1654 2524 1685 2558; x_wconf 92' lang='lat' dir='ltr'>in</span> <span class='ocrx_word' id='word_1_583' title='bbox 1714 2526 1781 2571; x_wconf 86' lang='lat' dir='ltr'>ipsa</span> 
     </span>
     <span class='ocr_line' id='line_1_105' title="bbox 1033 2566 1782 2613; baseline 0.012 -13"><span class='ocrx_word' id='word_1_584' title='bbox 1033 2566 1178 2612; x_wconf 86' lang='lat' dir='ltr'>parocbia</span> <span class='ocrx_word' id='word_1_585' title='bbox 1202 2567 1384 2613; x_wconf 83' lang='lat' dir='ltr'>possidetis:</span> <span class='ocrx_word' id='word_1_586' title='bbox 1412 2570 1575 2605; x_wconf 87' lang='lat' dir='ltr'>ecclesiam</span> <span class='ocrx_word' id='word_1_587' title='bbox 1599 2572 1636 2606; x_wconf 80' lang='lat' dir='ltr'>da</span> <span class='ocrx_word' id='word_1_588' title='bbox 1664 2573 1782 2608; x_wconf 83' lang='lat' dir='ltr'>Petra-</span> 
     </span>
     <span class='ocr_line' id='line_1_106' title="bbox 1032 2614 1782 2669; baseline 0.012 -21"><span class='ocrx_word' id='word_1_589' title='bbox 1032 2614 1107 2655; x_wconf 80' lang='lat' dir='ltr'>fitta,</span> <span class='ocrx_word' id='word_1_590' title='bbox 1130 2624 1159 2650; x_wconf 82' lang='lat' dir='ltr'>et</span> <span class='ocrx_word' id='word_1_591' title='bbox 1181 2616 1335 2663; x_wconf 88' lang='lat' dir='ltr'>quidquid</span> <span class='ocrx_word' id='word_1_592' title='bbox 1360 2618 1391 2652; x_wconf 91' lang='lat' dir='ltr'>in</span> <span class='ocrx_word' id='word_1_593' title='bbox 1414 2618 1478 2665; x_wconf 88' lang='lat' dir='ltr'>ipsa</span> <span class='ocrx_word' id='word_1_594' title='bbox 1506 2621 1652 2667; x_wconf 84' lang='lat' dir='ltr'>parochia</span> <span class='ocrx_word' id='word_1_595' title='bbox 1680 2624 1782 2669; x_wconf 81' lang='lat' dir='ltr'>possi-</span> 
     </span>
     <span class='ocr_line' id='line_1_107' title="bbox 1032 2664 1781 2715; baseline 0.009 -15"><span class='ocrx_word' id='word_1_596' title='bbox 1032 2664 1128 2701; x_wconf 88' lang='lat' dir='ltr'>detis:</span> <span class='ocrx_word' id='word_1_597' title='bbox 1155 2666 1319 2702; x_wconf 79' lang='lat' dir='ltr'>ecclesiam</span> <span class='ocrx_word' id='word_1_598' title='bbox 1348 2667 1385 2702; x_wconf 91' lang='lat' dir='ltr'>de</span> <span class='ocrx_word' id='word_1_599' title='bbox 1412 2668 1540 2705; x_wconf 86' lang='lat' dir='ltr'>Sariaco</span> <span class='ocrx_word' id='word_1_600' title='bbox 1577 2671 1607 2705; x_wconf 91' lang='lat' dir='ltr'>iu</span> <span class='ocrx_word' id='word_1_601' title='bbox 1638 2671 1781 2715; x_wconf 76' lang='lat' dir='ltr'>Roscius,</span> 
     </span>
    </p>
   </div>
   <div class='ocr_carea' id='block_1_14' title="bbox 1830 285 2011 314">
    <p class='ocr_par' dir='ltr' id='par_1_14' title="bbox 1830 285 2011 314">
     <span class='ocr_line' id='line_1_108' title="bbox 1830 285 2011 314; baseline 0.011 -2"><span class='ocrx_word' id='word_1_602' title='bbox 1830 285 1924 313; x_wconf 76' lang='lat' dir='ltr'>An.c.</span> <span class='ocrx_word' id='word_1_603' title='bbox 1945 286 2011 314; x_wconf 80' lang='lat'>¹¹03</span> 
     </span>
    </p>
   </div>
   <div class='ocr_carea' id='block_1_15' title="bbox 1811 1699 1868 1746">
    <p class='ocr_par' dir='ltr' id='par_1_15' title="bbox 1811 1699 1868 1746">
     <span class='ocr_line' id='line_1_109' title="bbox 1811 1699 1868 1726; baseline 0.018 -6"><span class='ocrx_word' id='word_1_604' title='bbox 1811 1699 1868 1726; x_wconf 81' lang='lat' dir='ltr'>Quae</span> 
     </span>
     <span class='ocr_line' id='line_1_110' title="bbox 1812 1733 1856 1746; baseline 0 -4"><span class='ocrx_word' id='word_1_605' title='bbox 1812 1738 1822 1746; x_wconf 81' lang='grc'>,,</span> <span class='ocrx_word' id='word_1_606' title='bbox 1853 1733 1856 1742; x_wconf 87' lang='grc'>.</span> 
     </span>
    </p>
   </div>
   <div class='ocr_carea' id='block_1_16' title="bbox 1826 1732 1951 1752">
    <p class='ocr_par' dir='ltr' id='par_1_16' title="bbox 1826 1732 1951 1752">
     <span class='ocr_line' id='line_1_111' title="bbox 1826 1732 1951 1752; baseline 0.016 -2"><span class='ocrx_word' id='word_1_607' title='bbox 1826 1732 1885 1751; x_wconf 32' lang='lat' dir='ltr'>cirini</span> <span class='ocrx_word' id='word_1_608' title='bbox 1897 1741 1905 1749; x_wconf 55' lang='lat' dir='ltr'>s</span> <span class='ocrx_word' id='word_1_609' title='bbox 1928 1738 1951 1752; x_wconf 74' lang='lat' dir='ltr'>en</span> 
     </span>
    </p>
   </div>
   <div class='ocr_carea' id='block_1_17' title="bbox 1796 1768 1980 1818">
    <p class='ocr_par' dir='ltr' id='par_1_17' title="bbox 1796 1768 1980 1818">
     <span class='ocr_line' id='line_1_112' title="bbox 1797 1768 1940 1786; baseline 0 -6"><span class='ocrx_word' id='word_1_610' title='bbox 1797 1768 1888 1786; x_wconf 50' lang='lat' dir='ltr'>inurat»,</span> <span class='ocrx_word' id='word_1_611' title='bbox 1917 1768 1940 1780; x_wconf 60' lang='lat' dir='ltr'>m·</span> 
     </span>
     <span class='ocr_line' id='line_1_113' title="bbox 1796 1793 1980 1818; baseline 0.011 -6"><span class='ocrx_word' id='word_1_612' title='bbox 1796 1796 1840 1813; x_wconf 68' lang='lat' dir='ltr'>rate</span> <span class='ocrx_word' id='word_1_613' title='bbox 1865 1793 1980 1818; x_wconf 72' lang='lat' dir='ltr'>describit5</span> 
     </span>
    </p>
   </div>
   <div class='ocr_carea' id='block_1_18' title="bbox 1889 1703 1982 1782">
    <p class='ocr_par' dir='ltr' id='par_1_18' title="bbox 1889 1703 1982 1782">
     <span class='ocr_line' id='line_1_114' title="bbox 1889 1703 1981 1729; baseline 0 -6"><span class='ocrx_word' id='word_1_614' title='bbox 1889 1703 1981 1729; x_wconf 71' lang='lat' dir='ltr'>proprus</span> 
     </span>
     <span class='ocr_line' id='line_1_115' title="bbox 1900 1739 1982 1752; baseline 0.012 -1"><span class='ocrx_word' id='word_1_615' title='bbox 1900 1739 1905 1742; x_wconf 79' lang='grc'><em>“</em></span> <span class='ocrx_word' id='word_1_616' title='bbox 1956 1739 1982 1752; x_wconf 89' lang='lat' dir='ltr'>tl—</span> 
     </span>
     <span class='ocr_line' id='line_1_116' title="bbox 1944 1768 1982 1782; baseline 0.026 -1"><span class='ocrx_word' id='word_1_617' title='bbox 1944 1768 1982 1782; x_wconf 73' lang='lat' dir='ltr'>ru-</span> 
     </span>
    </p>
   </div>
  </div>
 </body>
</html>
