2180 3205
175 225 223 250 An.
245 223 272 250 C.
291 223 359 251 ¹233

210 1850 331 1871 Exordium.

209 2277 361 2298 Confirmantur

175 2304 361 2329 prifllcfflaabnw

185 2330 317 2355 perun-ribus
341 2334 360 2351 et

176 2356 361 2382 principibusiam

176 2388 277 2402 concessa
291 2389 361 2403 inona-

177 2409 248 2429 rito-rin.

437 219 505 251 584

383 282 529 317 strictum
552 280 690 315 Iudicem
720 277 857 326 praemia
885 285 1028 313 aeternae
1053 277 1140 325 pacis

383 331 557 365 inveniant.
588 330 701 363 Amen.

432 379 504 413 Eoo
536 378 752 412 Ins-ocenias
783 375 956 411 catholicae
977 375 1138 411 Ecclesiae

382 428 564 473 episcopus.

433 476 549 510 Datum
581 474 723 510 Laterani
749 485 804 521 per
827 484 955 508 inanum
979 473 1137 521 Ayinerici

382 534 509 560 sanctae
538 524 700 559 Romanae
726 523 887 558 Ecclesiae
912 522 1082 558 cardinalis
1108 531 1138 557 et

384 574 577 613 cancellarii,
601 573 695 608 nonis
715 572 803 613 iunii,
827 572 998 607 indictione
1019 584 1064 612 xi,
1088 572 1138 606 in-

382 624 576 658 carnationis
621 622 797 657 dominicae
841 633 926 656 anno
967 632 1137 664 mcxxxiii,

384 673 589 719 pontificatus
604 684 676 707 vero
690 671 799 706 domni
814 670 990 705 innocentii
1001 681 1135 704 annoiv.

456 729 518 759 Dat.
542 730 589 759 die
610 729 629 759 5
647 728 721 758 iunii
745 737 822 757 anno
840 727 955 757 Domini
977 727 1064 764 1133,

628 773 732 813 pontis.
753 781 829 802 anno
852 780 888 802 iv.

385 970 588 1013 Pi·i'i-i'leqi'i.¹m
601 996 608 1007 ,
648 980 708 1012 quo
743 967 922 1001 prumiense
961 967 1135 999 coenobium

439 1020 592 1051 Trevi'reii.
628 1018 769 1050 dioecesis
782 1044 791 1053 ,
829 1027 944 1048 necnon
979 1016 1137 1048 universae

433 1069 563 1101 eiusdem
575 1067 772 1111 possessiones
792 1066 823 1097 i'n
837 1065 925 1099 Sedis
940 1065 1137 1109 Apostolicae

430 1117 646 1161 protectionem
669 1115 858 1159 recipiuntur
879 1115 934 1157 (l).

651 1186 865 1219 SUMMARiUM

387 1255 555 1286 Exordium.
587 1270 626 1276 —
661 1253 879 1283 Confirmantur
913 1251 1064 1291 privilegia
1099 1249 1136 1279 ab

423 1298 650 1339 imperatoribus
666 1303 693 1328 et
709 1297 894 1338 principibus
916 1297 972 1326 iam
993 1305 1134 1325 concessa

427 1344 617 1374 monasterio.
638 1360 678 1366 —
694 1342 800 1372 Abbati
822 1341 994 1371 conceditur
1012 1340 1135 1370 facultas

420 1387 695 1418 excommunicandi
714 1386 885 1416 invadentes
913 1385 957 1414 vel
976 1385 1135 1414 retinentes

421 1432 498 1462 bona
522 1431 706 1468 monasterii3
729 1430 786 1460 nisi
809 1429 845 1459 ab
875 1429 1004 1468 episcop.
1034 1428 1135 1458 moniti

421 1477 609 1516 resipuerint.

380 1551 550 1579 Innocentius
578 1549 718 1585 episcopiis
738 1554 833 1576 servus
853 1552 992 1576 servorum
1010 1546 1066 1579 Dei.
1096 1546 1135 1574 tlt-

425 1600 495 1628 tecto
513 1599 570 1627 filio
591 1597 762 1630 adalberoni.
779 1596 872 1626 abbati
891 1596 1052 1625 monasterii
1072 1596 1139 1624 Prii·-

428 1648 552 1682 miensis‚
586 1647 654 1683 quod
675 1647 704 1675 ln
733 1646 833 1675 honore
858 1645 1007 1674 salvatoris
1034 1645 1136 1673 Domini

429 1698 517 1726 nostri
545 1697 604 1725 lesu
629 1695 733 1724 christi
760 1695 789 1723 in
820 1694 974 1723 'trevirensi
1008 1693 1137 1730 parochia

429 1747 512 1776 sitnm
531 1747 584 1779 est,
615 1746 725 1782 eiusque
752 1743 956 1773 successoribus·
971 1743 1137 1778 regulariter

429 1795 637 1829 constituendis.
654 1795 683 1823 in
698 1796 867 1831 perpetum.

434 1863 590 1905 Quotiens
616 1861 696 1897 illud
717 1873 733 1896 a
759 1860 850 1895 nobis
884 1859 1018 1907 petitur,
1051 1858 1135 1907 quod

385 1913 498 1948 rationi
536 1912 676 1947 noscitur
711 1911 901 1951 convenire,
934 1909 1040 1944 animo
1079 1920 1136 1943 nos

387 1962 476 1997 dccet
514 1961 624 1996 libenti
663 1959 852 2000 concedere3
893 1967 923 1994 et
962 1958 1134 2006 petentium

385 2011 549 2046 desideriis
569 2022 744 2056 congruum
768 2008 922 2055 impertiri
940 2007 1131 2053 suffragium>

384 2060 527 2107 AEquum
550 2060 635 2094 enim
657 2067 688 2094 et
710 2057 892 2093 rationabile
926 2065 989 2097 est,
1017 2065 1051 2091 ut
1081 2056 1135 2103 qni

385 2109 424 2144 ad
439 2109 652 2145 Ecclesiarum
677 2108 817 2154 regimen
840 2106 991 2153 assumpti
1011 2117 1135 2149 sumus,

385 2170 438 2193 eas
461 2166 491 2193 et
513 2171 528 2193 a
554 2169 772 2206 perversorum
801 2156 965 2190 hominum
997 2155 1135 2202 nequitia

386 2216 541 2248 tueamur,
568 2216 599 2241 et
624 2206 824 2253 Apostolicae
845 2204 938 2239 Sedis
961 2204 1135 2239 munimine

386 2257 582 2291 roboremus.
602 2256 647 2290 Ea
664 2263 802 2302 propter,
823 2254 936 2288 dilecte
951 2253 981 2288 iu
997 2253 1136 2288 Domino

387 2305 428 2340 fili
460 2305 617 2340 Adalbero
652 2304 758 2345 abbas,
787 2303 847 2338 tuis
876 2303 966 2337 iustis
994 2302 1135 2350 postula-

386 2354 526 2389 tionibus
534 2355 706 2389 clementer
717 2353 899 2393 annuimus,
912 2352 1136 2387 etPrumiense

387 2402 557 2438 Salvatoris
579 2402 706 2438 Domini
724 2402 821 2437 nostri
843 2401 913 2436 Iesu
935 2400 1052 2436 Christi
1074 2413 1138 2435 mo-

388 2453 570 2495 nasterinm,
589 2453 639 2486 rui
659 2460 786 2486 auctore
808 2451 946 2485 Domino
964 2449 1136 2497 praesides,

387 2509 513 2535 sanctae
530 2500 690 2535 Romanae
704 2500 865 2535 Ecclesiae
880 2500 1042 2547 privilegio
1054 2510 1138 2534 com-

423 2566 462 2600 (ί)
478 2565 518 2592 Ex
533 2565 636 2592 archiv.
650 2566 802 2592 monasterii
826 2564 905 2591 huius
928 2569 1036 2592 erutum
1060 2571 1136 2591 com-

388 2605 533 2633 municavit
550 2605 591 2632 vir
607 2604 641 2632 ill.
660 2604 811 2633 Fridericus
829 2604 970 2632 Schannat.

968 223 1157 247 BULLAnit'al
1185 223 1348 246 ROMANUM

1182 276 1359 311 munimus:
1388 276 1556 312 statuimus
1582 278 1683 318 enirn,
1718 286 1749 313 ut
1777 278 1930 326 quidquid

1180 325 1362 360 auctoritate
1383 325 1660 372 praedecessorum
1678 334 1866 368 nostrorum,
1885 329 1929 363 rel

1180 375 1427 421 imperatorum,
1463 374 1567 421 Pipini
1597 375 1718 409 scilicet
1747 384 1775 410 et
1804 376 1929 418 Caroli,

1179 431 1209 457 et
1228 424 1360 458 aliorum
1385 424 1576 470 principum,
1602 424 1629 458 ei
1653 423 1832 459 Prumiensi
1860 438 1930 462 mo-

1180 473 1314 507 nasterio
1351 480 1473 507 constat
1498 484 1569 507 esse
1602 482 1801 514 concessum,
1834 484 1929 522 atque

1179 523 1244 556 suis
1267 522 1441 569 praeceptis
1467 521 1736 568 munimentisque
1758 521 1928 567 firmarum,

1180 570 1233 605 tibi
1255 571 1379 618 tuisque
1401 570 1639 605 successoribus
1660 570 1772 605 stabile
1791 571 1930 608 [irmuni-

1179 633 1240 667 que
1286 621 1448 654 consistat.
1503 619 1667 654 Praeterea
1713 632 1929 669 quascumque

1180 670 1406 715 possessioiieS‚
1429 681 1485 703 seii
1500 668 1579 703 bona
1599 668 1680 703 idem
1702 672 1926 706 nioiiaSterium

1180 718 1471 765 impraesentiarum
1503 718 1583 753 iuste
1605 725 1635 752 et
1657 715 1796 763 legitime
1824 720 1928 764 possi-

1178 767 1242 807 det,
1268 776 1321 802 aut
1347 767 1554 813 imposterum
1585 767 1789 802 concessione
1814 767 1926 804 Ponti*

1179 816 1284 859 licum,
1306 816 1463 851 oblatione
1482 815 1633 857 fidelium,
1661 827 1716 850 seu
1739 816 1810 851 aliis
1832 818 1929 853 ratio·-

1179 864 1334 900 nabilibus
1344 865 1456 906 modis,
1470 872 1647 911 praestante
1656 864 1804 907 Domino,
1816 868 1929 913 poterit

1178 914 1319 960 adipisci,
1334 914 1420 949 firma
1437 914 1522 949 robis
1538 923 1567 949 et
1580 913 1695 949 illibata
1710 924 1926 961 permaneam.

1177 962 1260 997 Sane
1290 975 1329 997 ex
1355 963 1499 1010 ampliori
1525 962 1618 998 Sedis
1643 963 1843 1010 Apostolicae
1871 965 1926 1000 be-

1179 1012 1354 1047 nevolentia
1381 1012 1568 1056 statuimus,
1597 1021 1630 1046 ut
1662 1013 1687 1047 si
1711 1013 1763 1059 qui
1800 1025 1928 1060 posses-

1177 1061 1281 1095 siones
1303 1069 1332 1095 et
1351 1061 1430 1096 bona
1449 1061 1590 1096 eiusdem
1612 1062 1754 1096 coenobii
1779 1063 1927 1099 invadere

1179 1110 1224 1144 vel
1260 1110 1396 1145 retinere
1431 1110 1719 1157 praesumpserint,
1746 1111 1785 1152 si,
1819 1124 1836 1146 a
1862 1113 1927 1147 suis

1177 1159 1333 1206 episcopis
1364 1160 1567 1198 commoniti,
1604 1171 1665 1194 non
1699 1160 1924 1202 satisfecerint,

1177 1208 1337 1243 dilectioni
1352 1216 1422 1244 tuae
1436 1220 1491 1244 eos
1505 1208 1713 1244 interdicendi
1726 1221 1786 1244 seu
1801 1222 1926 1245 excom-

1177 1258 1359 1292 municandi
1383 1258 1421 1293 sit
1443 1257 1590 1292 attributa
1618 1265 1765 1304 potestas.
1802 1259 1928 1294 Decer-

1177 1307 1283 1341 ninius
1304 1319 1391 1353 ergo,
1427 1315 1460 1342 ut
1496 1307 1572 1342 nulli
1599 1308 1728 1342 omnino
1760 1307 1926 1343 hominum

1178 1356 1280 1399 liceat,
1304 1355 1474 1403 praefatum
1491 1356 1714 1391 monasterinm
1732 1357 1927 1404 perturbare,

1176 1413 1228 1439 aut
1250 1406 1317 1440 eius
1345 1406 1561 1451 possessiones
1586 1405 1709 1440 auferre
1735 1413 1794 1440 etc.

1226 1453 1299 1489 Eoo
1322 1454 1538 1490 txnocsxrms
1565 1455 1737 1490 catholicae
1764 1454 1928 1491 Ecclesiae

1176 1503 1344 1550 episcopus
1368 1511 1427 1538 etc.

1225 1551 1340 1586 Datum
1368 1552 1511 1587 Laterani
1536 1564 1590 1599 per
1616 1564 1744 1588 manum
1765 1554 1922 1601 Aymeriei

1176 1608 1301 1636 sanctae
1319 1601 1481 1637 Romanae
1502 1601 1662 1637 Ecclesiae
1680 1602 1762 1637 diac.
1784 1602 1868 1637 eard.
1895 1611 1926 1638 et

1177 1650 1306 1685 cancell.
1327 1662 1360 1685 vi
1383 1651 1454 1686 idus
1474 1651 1562 1691 iunii,
1584 1651 1708 1695 ind.xi,
1729 1662 1816 1687 anno
1831 1651 1925 1687 Dom.

1176 1710 1347 1740 mcxxxiii,
1373 1699 1573 1747 pontificatus
1595 1712 1669 1736 vero
1687 1701 1809 1736 domini
1826 1700 1927 1736 Inno-

1177 1749 1270 1783 centii
1299 1748 1403 1796 Papae
1428 1761 1512 1784 anno
1537 1757 1583 1784 iv.

1248 1805 1310 1836 Dat.
1333 1806 1381 1836 die
1399 1806 1416 1836 8
1434 1806 1509 1836 iunii
1527 1813 1604 1836 anno
1621 1805 1738 1837 Domini
1761 1805 1851 1844 1133,

1424 1851 1526 1890 pontis.
1549 1859 1626 1880 anno
1647 1859 1685 1881 iv.

1468 2009 1472 2012 Δ
1502 1978 1616 2013 xvt-tt.

1179 2051 1378 2097 Confirmatio
1405 2052 1552 2085 bonorum
1578 2052 1716 2086 onmium
1745 2057 1771 2084 et
1799 2051 1924 2096 privile-

1226 2102 1347 2145 giorum
1375 2101 1554 2134 monasterii
1585 2101 1697 2134 Sancti
1733 2101 1820 2134 Si'xet'
1846 2101 1926 2133 Pta-

1225 2151 1360 2184 centi'nae
1380 2150 1521 2183 dioecesis
1544 2151 1598 2192 (ί).

1445 2217 1658 2249 ΞΗΜΜΑΗῙΗΜ

1177 2279 1344 2310 Exordium.
1384 2296 1425 2302 —
1458 2279 1612 2309 Paschalis
1648 2283 1675 2308 et
1706 2277 1834 2308 Calixtus
1868 2277 1923 2308 PP.

1217 2324 1487 2354 sanctimonialium
1510 2323 1573 2352 loco
1596 2322 1756 2352 monachos
1783 2323 1812 2352 in
1832 2323 1922 2352 hocce

1218 2373 1374 2398 monaster.
1398 2367 1588 2397 suffecerunt.
1613 2383 1654 2388 —
1667 2365 1855 2396 Innocentius
1870 2365 1925 2395 ΡΡ.

1216 2413 1318 2443 Calixti
1340 2422 1372 2442 ea
1391 2412 1426 2442 de
1441 2420 1472 2441 re
1495 2410 1680 2451 privilegium
1699 2410 1861 2439 confirmat.
1885 2425 1926 2431 —

1217 2458 1338 2487 Monast.
1358 2456 1415 2486 sub
1433 2456 1612 2496 protectione
1633 2454 1718 2484 Sedis
1741 2453 1924 2493 Apostolicae

1213 2520 1252 2555 (l)
1268 2521 1307 2546 Ex
1324 2519 1426 2546 archiv.
1445 2520 1558 2546 monast.
1576 2508 1656 2543 huius
1679 2514 1761 2542 edidit
1784 2513 1875 2549 Campi
1900 2515 1925 2542 in

1178 2561 1290 2595 Regesto
1301 2559 1499 2594 privilegiorum
1511 2557 1544 2585 ad
1555 2557 1622 2584 Hist.
1634 2554 1821 2586 Placentinam,
1831 2558 1895 2581 tom.
1904 2561 1923 2588 i,

1178 2608 1237 2635 pag.
1259 2600 1319 2626 555.

1951 222 2000 249 An.
2021 223 2049 250 C.
2067 222 2134 252 1138

1952 988 2029 1010 Abbati
2039 987 2135 1010 ceneeni-
2179 988 2180 1010 l

1952 1018 1986 1036 tui·
2000 1015 2088 1036 facultas
2102 1018 2138 1036 εν

1959 1041 2135 1063 communica-uti<

1952 1068 2076 1089 invadentes
2104 1067 2138 1090 vd

1951 1094 2067 1115 retinentes
2081 1094 2137 1116 bona

1951 1121 2073 1142 monasterii
2081 1128 2087 1146 ;
2096 1120 2136 1142 nia!

1952 1147 1979 1167 ab
1986 1148 2136 1173 episcopomci-

1952 1175 1989 1194 niti·
2004 1174 2137 1199 resipuerint.

2157 2654 2164 2773 *“*.,..
