2180 3205
46 287 94 316 An.
112 286 139 313 C.
159 286 225 314 ¹¹68

238 340 367 376 nasterii
389 339 496 376 Sancti
523 340 680 376 Vincentii
703 339 742 375 de
763 339 881 383 Monte,
898 338 982 387 quod

237 389 331 425 habet
349 390 379 424 in
402 390 507 437 praed.
534 390 724 426 monasterio
745 389 851 424 Sancti
880 388 985 423 Salva-

239 440 314 474 toris
345 439 384 474 de
410 440 508 475 Alil'a:
537 440 662 474 hortum
699 451 796 486 prope
829 438 982 473 Sanctum

236 489 417 530 Erasmum,
438 489 564 525 hortum
585 489 665 524 iuxta
689 489 809 536 Aquam
830 488 982 534 Longam,

237 539 358 574 vineam
381 538 420 573 de
446 538 601 579 Casalico,
629 539 749 573 vineam
778 537 817 572 de
844 536 982 572 Guardia

236 601 307 624 cum
331 588 526 635 pertinentiis
547 600 667 628 earum,
690 587 911 622 haereditatem
944 585 982 620 de

235 637 423 682 Matthocca,
445 638 551 672 vineas
583 646 614 672 et
640 645 738 672 terras
764 637 802 671 dc
825 637 893 670 loco
915 635 983 670 Cu-

237 687 300 733 puli
335 699 407 722 cum
444 686 641 734 pertinentiis
671 687 753 728 suis,
786 686 906 720 vineam
943 685 981 720 de

235 736 364 772 Faldula
392 748 462 771 cum
487 736 686 783 pertinentiis
716 737 795 775 suis,
822 735 928 768 vineas
952 743 982 768 et

236 793 335 822 terras
361 785 400 820 de
422 785 564 821 Mentore
585 798 656 820 cuni
685 784 882 832 pertinentiis
903 784 980 827 suis,

235 835 318 884 apud
353 835 463 870 Titiam
491 843 587 870 terras
619 843 649 869 et
687 834 806 882 sylvam
847 845 922 868 sane
955 833 979 868 si

236 892 426 920 mercatores
459 892 489 919 et
520 884 675 932 peregrini
712 896 744 917 se
776 896 847 918 cum
888 882 981 917 rebus

236 935 302 970 suis
324 934 514 970 monasterio
542 943 644 969 vestro
667 933 780 969 intuitu
804 932 981 967 devotionis

237 984 369 1019 reddere
391 984 558 1023 voluerint,
579 996 633 1018 eos
655 982 827 1029 recipiendi
851 981 979 1016 liberam

55 1038 184 1060 mnium
212 1033 414 1070 ³l'acultatem
450 1033 610 1073 habeatis,
649 1033 784 1067 obcunte
822 1043 895 1066 vero
931 1038 979 1071 te,

41 1070 165 1092 monialibus
183 1069 225 1091 eti-
366 1083 372 1089 .
561 1083 567 1088 .
685 1083 691 1088 .

42 1102 128 1128 ganam
162 1096 323 1122 «ιι-,ωηο
345 1083 486 1119 eiusdem
509 1083 568 1117 loct
591 1082 764 1122 abbatissa,
796 1080 843 1115 vel
872 1093 978 1115 earum

42 1131 132 1153 nomano
148 1125 225 1153 Ponti-

42 1163 81 1185 fleo
96 1163 224 1184 benedicen-

236 1240 459 1280 praeponatur‚
481 1233 540 1267 nisi
560 1244 653 1279 quam
677 1242 799 1266 sorores
821 1229 980 1264 communi

235 1294 405 1323 consensu,
436 1282 483 1316 vel
509 1293 653 1316 sororum
677 1293 747 1328 pars
777 1279 899 1315 consilii
930 1291 981 1313 sa-

236 1332 336 1367 nioris
361 1331 537 1367 secundum
573 1331 632 1366 Dei
672 1331 815 1365 timorem
843 1337 873 1363 et
899 1327 979 1362 beati

236 1381 400 1417 Benedicti
432 1381 571 1428 regulam
601 1379 763 1426 elegerint,
789 1391 804 1414 a
837 1379 981 1413 Romano

63 1439 199 1476 Concordiam
237 1431 391 1467 Pontifice
417 1430 677 1466 benedicendam.
704 1429 744 1463 Et
771 1428 842 1476 quia
865 1439 982 1462 mona—

43 1472 225 1523 fflmssbssffissf
238 1481 368 1516 sterium
395 1489 532 1516 vestrum
555 1479 732 1527 specialiter
759 1478 835 1513 iuris
857 1486 886 1512 et
909 1489 981 1524 pro-

43 1533 225 1585 ffi‘SQssbJ·
239 1530 378 1578 prietatis
393 1530 474 1565 beati
489 1530 573 1564 Petri
594 1529 708 1573 existit,
731 1536 760 1562 et
776 1527 813 1563 ad
831 1526 981 1574 provisio-

42 1596 73 1622 ιῑε,
96 1579 119 1616 in'
139 1571 226 1624 ,2¹:221ss
239 1591 310 1615 nem
333 1588 364 1615 et
389 1579 627 1627 dispositionem
646 1578 806 1613 Romanae
821 1575 981 1611 Ecclesiae

42 1627 226 1680 ξξξζᾞωζὼὲξιξ
238 1629 324 1664 nullo
350 1630 507 1664 mediante
533 1629 674 1663 noscitur
700 1627 871 1675 pertinere,
904 1637 982 1660 con—

43 1689 89 1725 sym
103 1689 178 1711 factm
193 1691 225 1711 tr·
238 1678 402 1724 ditionem,
428 1691 521 1726 quam
543 1678 648 1712 abbati
669 1685 700 1713 et
721 1677 866 1712 fratribus
889 1687 981 1723 prae-

43 1723 106 1747 '¹¹⁸¹³
237 1728 311 1764 dicti
338 1728 518 1763 monasterii
541 1727 574 1762 S.
597 1727 754 1762 Vincentii
785 1727 815 1761 in
848 1725 980 1760 ecclesia

238 1787 338 1813 vestra
364 1778 572 1821 concessistis,
594 1777 675 1825 quod
703 1776 823 1811 scilicet
845 1784 915 1822 post
931 1774 981 1809 de-

237 1828 386 1863 cennium
400 1831 444 1872 (t)
459 1835 560 1867 tuum,
572 1827 632 1862 lilia
647 1825 850 1865 abbatissa,et
861 1836 980 1864 earum,

238 1889 319 1925 quae
343 1885 415 1925 post
441 1885 470 1912 te
490 1876 670 1913 succedent.
694 1888 749 1922 per
776 1875 931 1910 licentiam
952 1883 981 1909 et

240 1939 295 1974 per
319 1939 508 1962 consensum
538 1925 659 1961 abbatis
689 1925 796 1960 Sancti
824 1924 980 1959 Vincentii

239 1975 426 2012 abbatissam
454 1976 612 2011 deberetis
633 1975 760 2021 eligere,
783 1975 910 2009 omnino
937 1974 982 2009 ir-

240 2025 334 2061 ritum
357 2025 520 2067 ducimus,
547 2033 578 2061 et
600 2024 768 2072 apostoliea
800 2023 981 2059 auctoritate

239 2087 383 2117 cassum;
409 2075 527 2110 nemini
561 2075 643 2110 enim
671 2075 771 2113 licuit,
805 2073 981 2108 inconsulto

240 2124 384 2160 Romano
404 2125 567 2169 Pontifice,
589 2123 747 2172 praedicto
780 2131 884 2158 vestro
912 2135 982 2158 mo-

240 2174 377 2210 nasterio
410 2187 522 2210 novam
551 2174 763 2209 conditionem
798 2173 982 2220 imponere,

240 2232 294 2259 aut
317 2232 433 2260 statum
460 2236 552 2260 suum
579 2224 610 2258 in
636 2223 774 2258 deterius
801 2222 979 2257 immutare.

59 2277 169 2330 Μιὶθῗψ
188 2278 229 2298 ⁵⁰¹·
241 2272 450 2309 Decernimus
474 2286 565 2321 ergo,
602 2283 633 2308 ut
661 2273 736 2307 nulli
765 2272 894 2307 omnino
925 2271 984 2306 ho-

47 2315 98 2361 iiffl
114 2315 230 2361 ἰἒιῖἕῖἷζ
243 2323 362 2358 minum
402 2323 495 2358 liceat
537 2323 708 2370 praefatum
758 2321 981 2356 monasterium

48 2371 150 2394 ”⁰¹2⁵“2‘
240 2380 358 2407 temere
379 2372 573 2420 perturbare,
600 2379 653 2407 aut
674 2372 742 2406 eius
768 2370 982 2418 possessiones

241 2421 382 2462 auferre,
415 2422 462 2456 vel
493 2421 610 2456 ablatas
637 2422 785 2461 retinere,
821 2420 982 2458 minuere,

241 2483 296 2506 seu
314 2471 506 2519 quibuslibet
526 2470 742 2505 vexationibus
759 2469 905 2515 fatigare,
927 2468 983 2503 sed

241 2520 359 2556 illibata
384 2521 491 2556 omnia
527 2528 557 2555 et
590 2521 708 2566 integra
742 2527 983 2559 conserventur,

241 2582 362 2615 earum,
384 2582 440 2617 pro
460 2581 594 2617 quarum
615 2569 840 2616 gubernatione
861 2576 891 2603 et
912 2567 984 2602 sub-

242 2620 428 2656 stentatione
454 2631 603 2655 concessa
629 2621 718 2662 sunt,
744 2618 853 2653 usibus
880 2618 984 2652 omni-

278 2682 318 2719 (¹)
333 2682 481 2718 Legendum
501 2681 611 2709 fortasse
629 2684 758 2707 decessum
776 2681 813 2716 (n.
835 2679 874 2715 τ.)

831 283 1023 307 ALExANDER
1053 283 1088 305 ΙΙΙ
1119 284 1166 305 ΙΨ.

237 1132 393 1182 qualibet,
415 1144 496 1180 quae
518 1132 574 1167 tibi
596 1132 800 1175 successerit,
827 1130 910 1165 nulla
939 1130 979 1164 ibi
1000 1126 1002 1163 Ξ

42 1196 87 1218 ιω
101 1197 187 1222 statum
236 1182 377 1231 qualibet
402 1182 614 1229 subreptionis
628 1181 740 1216 astutia
758 1193 814 1216 seu
834 1179 980 1214 violentia
1000 1197 1002 1217 1

1649 269 1718 302 699

1028 338 1128 373 modis
1151 337 1327 385 profutura:
1350 336 1431 371 salva
1455 336 1546 371 Sedis
1568 335 1767 381 Apostolicae

1024 387 1217 425 auctoritate,
1236 395 1265 421 et
1280 386 1457 422 dioecesani
1473 386 1613 434 episcopi
1637 386 1668 420 in
1685 397 1770 432 prae·

1025 437 1147 483 scriptis
1186 436 1335 471 Ecclesiis
1371 436 1520 470 canonica
1559 435 1686 470 iustitia.
1733 435 1766 469 Si

1024 499 1084 533 qua
1108 486 1200 531 igitur
1228 486 1257 519 in
1286 486 1424 520 futurum
1460 485 1668 520 ecclesiastica
1691 496 1768 519 sae-

1023 535 1175 570 cularisve
1199 547 1341 581 persona,
1360 535 1440 570 hanc
1462 543 1585 570 nostrae
1612 534 1768 569 constitu-

1024 585 1117 619 tionis
1140 585 1282 631 paginam
1299 585 1413 628 sciens,
1440 592 1547 619 contra
1570 596 1638 618 eam
1652 591 1768 618 temere

1023 635 1128 669 venire
1155 634 1334 674 tentaverit,
1363 633 1502 668 secundo
1525 634 1654 668 tertiove
1679 645 1769 668 com-

1023 684 1152 724 monita,
1176 684 1234 718 nisi
1263 683 1550 730 praesumptionem
1571 695 1659 716 suam
1675 682 1768 729 «ligna

1021 733 1232 768 satisfactione
1260 733 1447 777 correxerit,
1483 733 1644 779 potestatis
1669 733 1769 767 hono-

1022 783 1128 829 risque
1160 783 1208 817 sui
1236 781 1386 828 dignitate
1413 790 1530 822 careat,
1558 794 1706 828 reamque
1735 795 1769 817 se

1022 832 1128 867 divino
1155 832 1270 866 iudicio
1292 832 1425 866 existere
1445 832 1484 866 de
1507 839 1679 879 perpetrata
1708 832 1771 866 ini-

1022 882 1139 929 quitate
1166 889 1346 927 cognoscat,
1368 889 1399 916 et
1424 893 1440 915 a
1463 881 1675 916 sacratissimo
1694 880 1770 915 Cor-

1022 943 1097 978 pore
1134 943 1170 966 ac
1197 931 1360 978 Sanguine
1387 930 1444 965 Dei
1478 939 1508 964 et
1544 930 1671 965 Domini
1704 930 1769 965 Re-

1022 981 1196 1028 demptoris
1218 981 1316 1016 nostri
1339 981 1409 1015 Iesu
1432 980 1548 1015 Christi
1577 979 1677 1014 aliena
1705 979 1768 1025 ssat,

1022 1038 1114 1078 atque
1136 1031 1166 1065 in
1194 1038 1333 1065 extremo
1355 1030 1499 1065 examine
1529 1029 1690 1064 districtae
1719 1030 1769 1064 ul-

1000 1097 1002 1117 ;
1022 1080 1097 1114 tioni
1121 1080 1291 1115 subiaceat.
1312 1079 1444 1114 Cunctis
1461 1088 1564 1114 autem
1581 1079 1683 1114 eidem
1700 1079 1768 1114 loco

1021 1143 1077 1164 sua
1100 1131 1168 1164 iura
1190 1129 1389 1164 servantibus
1415 1130 1455 1164 sit
1478 1141 1536 1175 pax
1561 1128 1687 1164 Domini
1711 1142 1768 1164 no-

1022 1179 1076 1214 stri
1099 1179 1170 1214 lesu
1182 1179 1312 1220 Christi,
1340 1187 1496 1226 quatenus
1515 1188 1543 1212 et
1563 1179 1613 1213 hic
1631 1178 1767 1213 fructum

1022 1229 1123 1264 bonae
1145 1229 1274 1268 actionis
1301 1229 1486 1277 percipiant,
1513 1236 1543 1263 et
1565 1229 1644 1276 apud
1667 1229 1770 1263 distri-

1022 1287 1108 1313 ctum
1148 1278 1287 1313 Iudicem
1325 1280 1461 1326 praemia
1500 1287 1643 1313 aeternae
1685 1280 1768 1327 pacis

1023 1328 1192 1363 inveniant.
1215 1328 1329 1363 Amen.

1069 1378 1142 1413 EGO
1157 1378 1356 1413 Ataxnnsn
1372 1377 1541 1412 catholicae
1562 1377 1647 1412 Eccl.
1668 1379 1765 1425 episc.

1070 1428 1139 1475 Ego
1165 1427 1308 1463 Ubaldus
1333 1428 1490 1462 Ostiensis
1517 1427 1697 1475 episcopus.

1070 1478 1138 1524 Ego
1165 1476 1345 1512 Bernardus
1367 1477 1562 1521 portuensis,
1591 1486 1620 1512 et
1633 1478 1768 1513 Sanctae

1021 1527 1155 1562 Rulinae
1179 1528 1360 1575 episcopus.

1070 1577 1136 1624 Ego
1156 1576 1297 1611 Ubaldus
1325 1575 1428 1623 presb.
1455 1575 1622 1611 cardinalis
1654 1577 1700 1611 tit.
1732 1577 1766 1612 S.

1021 1627 1132 1662 Crucis
1153 1627 1184 1662 in
1208 1626 1418 1661 Hierusalem.

1070 1677 1138 1724 Ego
1158 1676 1292 1711 Ioannes
1321 1675 1426 1724 presb.
1461 1675 1628 1710 cardinalis
1662 1676 1708 1710 tit.
1731 1676 1766 1711 S.

1021 1726 1146 1762 Ioannis
1172 1734 1202 1761 et
1227 1725 1316 1761 Pauli
1344 1726 1390 1760 tit.
1412 1725 1618 1760 Pammachii.

1069 1777 1137 1823 Ego
1163 1775 1296 1811 Ioannes
1317 1775 1480 1824 presbyter
1500 1774 1668 1810 cardinalis
1685 1774 1766 1809 tituli

1021 1826 1054 1861 S.
1083 1825 1274 1861 Anastasiae.

1069 1876 1138 1922 Ego
1153 1875 1236 1910 Boso
1258 1873 1361 1923 presb.
1386 1873 1470 1909 card.
1498 1873 1532 1909 S.
1552 1873 1766 1910 pudentianae

1022 1927 1068 1961 tit.
1095 1925 1243 1960 Pastoris.

1070 1975 1136 2022 Ego
1158 1975 1290 2009 loannes
1301 1973 1406 2021 presb.
1423 1972 1507 2009 card.
1522 1972 1601 2008 tituli
1613 1973 1646 2008 S.
1657 1973 1765 2008 Marci.

1069 2025 1137 2071 Ego
1159 2023 1335 2059 Theoditus
1357 2023 1461 2071 presb.
1486 2022 1571 2058 card.
1598 2022 1632 2058 S.
1655 2022 1766 2057 Vitalis

1021 2074 1103 2109 tituli
1132 2074 1289 2108 Vestinae.

1070 2124 1139 2171 Ego
1164 2124 1302 2158 Iacintus
1328 2121 1407 2157 diac.
1430 2121 1515 2157 card.
1540 2121 1586 2156 tit.
1601 2121 1635 2156 S.
1650 2121 1766 2156 Mariae

1023 2179 1053 2213 in
1081 2177 1263 2213 Cosmedin.

1071 2232 1139 2279 Ego
1161 2230 1237 2266 Ard.
1265 2229 1344 2265 diac.
1372 2228 1455 2264 eard.
1482 2228 1517 2265 S.
1544 2228 1714 2264 Theodori.

1071 2286 1138 2332 Ego
1160 2284 1285 2320 Cintius
1305 2284 1385 2319 diac.
1408 2283 1492 2319 card.
1517 2283 1551 2318 S.
1574 2283 1713 2318 Adriani.

1071 2340 1139 2386 Ego
1153 2339 1222 2386 Ugo
1243 2338 1322 2373 diac.
1344 2338 1429 2373 card.
1448 2337 1482 2372 S.
1501 2337 1663 2373 Eustachii
1679 2339 1763 2374 iuxta

1022 2394 1189 2442 Templum
1216 2394 1384 2440 Agrippae.

1073 2449 1141 2495 Ego
1162 2447 1274 2483 Petrus
1307 2446 1383 2482 diac.
1414 2446 1497 2482 card.
1524 2447 1557 2482 S.
1584 2446 1700 2482 Mariae
1732 2447 1765 2482 in

1024 2502 1156 2550 Aquiro.

1073 2557 1187 2591 Datum
1210 2555 1382 2590 Beneventi
1404 2567 1459 2603 per
1479 2567 1605 2591 manum
1624 2556 1766 2592 Gratiani

1024 2619 1149 2645 sanctae
1169 2609 1331 2645 Romanae
1354 2610 1391 2644 E.
1410 2610 1551 2645 subdiac.
1567 2619 1645 2649 not..
1661 2624 1690 2646 v1
1704 2611 1765 2645 kal.

1025 2665 1109 2706 maii,
1136 2664 1242 2699 indict.
1272 2676 1302 2705 1,
1329 2664 1448 2699 incarn.
1476 2664 1561 2699 dom.
1595 2676 1765 2710 Mcnxvlu,

1786 280 1835 306 An.
1849 280 1878 306 C.
1900 280 1968 306 ¹158

1794 499 1872 521 Solitae
1891 501 1952 521 clau-

1840 532 1907 552 aulae.

1794 1388 1908 1409 Alexandri
1923 1387 1962 1408 ΡΡ.

1781 1445 1801 1462 et
1819 1441 1839 1461 S.
1860 1441 1882 1461 R.
1904 1441 1961 1462 Ecel.

1802 1469 1938 1489 cardinalium

1780 1499 1955 1526 subscriptiones.
