2180 3205
43 292 92 321 An.
111 291 138 320 C.
160 292 224 320 wis

237 361 453 396 quascumque
494 349 706 396 possessiones
745 349 980 396 impraesentia-

237 411 305 433 rum
336 399 414 433 inste
447 408 477 434 et
501 400 722 434 rationabiliter
750 398 897 445 possidet,
928 406 980 432 aut

238 448 267 482 in
296 447 436 482 futurum
460 450 664 484 concessione
686 448 885 490 I'ontilicum,
903 447 980 482 lihe-

235 496 354 532 ralitate
388 510 497 544 regum
532 499 577 532 vel
614 499 801 545 principum,
823 497 979 531 oblatione

235 546 394 587 madium,
428 559 482 582 scu
517 548 609 582 etiam
637 547 704 582 aliis
739 546 827 581 iustis
858 545 977 585 modis,

234 594 302 630 Deo
323 596 469 643 propitio,
493 597 605 643 poterit
627 597 769 644 adipisci
786 596 871 629 firma
889 595 978 630 vobis

233 646 408 693 vistrisque
436 645 684 686 successoribus,
709 654 738 679 ct
769 644 883 678 illibata
908 657 978 691 pcr-

232 704 395 734 maneant·
420 695 449 729 in
465 695 581 742 quibus
593 695 669 730 haec
685 694 818 748 propriis
830 694 977 729 duximus

232 723 433 791 exprimenda
466 743 642 779 vocabulis:
678 744 779 778 locum
807 755 922 789 ipsum,
945 745 974 778 in

231 805 294 840 qno
333 793 504 840 praefatum
537 793 760 828 monasterium
790 792 885 827 sitnm
917 802 974 834 est,

230 854 302 877 cum
345 842 490 889 parochia
529 852 559 877 et
595 842 743 877 omnibns
782 842 975 888 pertinentiis

230 893 317 933 suis,
362 892 511 939 quicquid
549 892 670 928 habetis
712 890 794 938 apud
837 900 972 926 castrum

230 942 418 988 Arqnatum,
437 950 467 976 et
484 941 648 977 ecclesiam
671 941 710 976 de
725 940 886 976 Mistriano
901 953 972 976 cum

233 990 377 1038 parochia
399 1000 429 1026 et
455 991 600 1026 omnibus
620 991 816 1038 pertinentiis
837 991 915 1035 suis,
927 1003 974 1026 ca

233 1039 357 1075 stellum
373 1040 412 1075 de
429 1040 623 1076 Lavernasco
637 1052 708 1076 cum
730 1039 861 1075 ecclesia
876 1041 973 1087 ipsius

234 1089 305 1130 loci,
331 1097 361 1124 et
394 1089 539 1137 parochia
568 1099 599 1125 et
624 1090 755 1125 caeteris
778 1090 973 1136 pertinentiis

236 1139 315 1174 suis:
337 1139 498 1174 castellum
513 1139 636 1175 Novum
655 1151 727 1174 cum
745 1139 876 1174 ecclesia
894 1140 972 1174 eius-

238 1188 310 1224 dem
332 1187 392 1223 loci
419 1197 449 1224 et
471 1190 626 1236 parochia,
652 1197 681 1224 et
702 1188 850 1223 omnibus
876 1190 972 1237 perti-

226 1238 342 1272 nentiis
374 1238 454 1273 suis:
487 1239 648 1273 castellnm
671 1238 709 1273 de
730 1237 907 1285 Spelunca,
939 1247 970 1274 et

225 1287 391 1323 ecclesiam
426 1288 523 1335 ipsius
553 1288 637 1332 loci,
665 1300 735 1322 cum
765 1287 909 1334 parochia
938 1298 969 1323 et

225 1337 373 1372 omnibus
408 1338 604 1384 pertinentiis
637 1337 716 1373 suis:
741 1337 902 1372 castellum
930 1338 968 1373 de

226 1386 350 1421 Molt'axi
385 1399 456 1422 cum
488 1387 630 1422 ecclesiis
662 1386 784 1421 eiutlem
820 1387 899 1427 loci,
937 1397 967 1423 et

228 1437 394 1482 parochiis,
416 1444 446 1471 et
463 1437 531 1472 aliis
547 1436 742 1484 pertinentiis
763 1436 844 1470 suis:
863 1437 966 1472 locum

225 1484 353 1532 Rugarli
380 1498 451 1520 cum
478 1487 611 1521 ecclesia
631 1486 728 1533 ipsius
750 1485 807 1520 loci
830 1494 860 1520 ct
876 1498 967 1533 paro-

225 1534 297 1570 chia
318 1543 349 1569 et
374 1535 520 1570 omnibus
555 1535 750 1580 pertinentiis
770 1535 853 1569 suis:
876 1536 967 1583 quic—

225 1584 301 1632 quid
314 1584 432 1620 habetis
446 1585 528 1632 apud
543 1585 716 1632 Regianum
732 1596 802 1619 cum
819 1585 967 1620 omnibus
986 1611 988 1616 ,

226 1634 422 1681 pertinentiis
434 1635 512 1669 suis:
528 1635 691 1670 ecclesiam
707 1633 813 1669 Sancti
823 1634 965 1669 Dalmatii
986 1652 987 1678 3

225 1683 264 1718 «le
284 1683 442 1718 Placentia
469 1696 540 1719 cum
565 1684 708 1731 parochia
731 1692 762 1718 et
782 1685 912 1719 caeteris
926 1685 965 1719 ad
986 1685 987 1725 ἶ

45 1735 130 1762 Amin
152 1741 200 1763 ete·
226 1733 323 1780 ipsam
359 1733 598 1780 pertinentibus.
620 1733 766 1768 Obeunte
793 1741 898 1768 autem
925 1742 987 1775 te‚=

33 1771 123 1793 ‘nonem
138 1777 214 1793 monn-

34 1800 78 1823 ω,
101 1802 210 1823 mm...
226 1794 310 1817 nunc
343 1783 483 1818 eiusdem
517 1784 574 1818 loci
609 1782 730 1827 abbate,
760 1783 806 1817 xet
840 1791 963 1818 tuorum

225 1831 364 1879 quolibet
385 1844 617 1873 successorum,
638 1831 742 1867 nullus
764 1832 804 1866 ibi
826 1833 965 1880 qualibet
985 1840 987 1853 -’

225 1882 431 1930 surreptionis
457 1883 569 1917 astutia
595 1894 649 1916 seu
671 1881 815 1916 violentia
839 1895 966 1929 praepo-

225 1940 327 1972 natur,
350 1932 410 1966 nisi
437 1944 531 1978 quem
562 1931 672 1966 fratres
698 1932 859 1966 communi
889 1945 965 1966 con-

225 1992 332 2020 sensu,
360 1981 406 2016 vel
427 1981 554 2016 fratrum
583 1993 652 2027 pars
679 1981 800 2015 consilii
823 1981 965 2026 sanioris,

226 2029 266 2065 de
291 2042 360 2071 suo,
382 2031 407 2065 si
435 2030 569 2078 potuerit
588 2030 720 2066 idoneus
742 2030 885 2072 inveniri,
900 2024 987 2065 col-¹

226 2078 309 2126 legio
343 2080 518 2115 secundum
551 2080 609 2114 Dei
643 2080 787 2115 timorem
821 2087 851 2114 et
885 2079 964 2115 beati

226 2128 388 2164 Benedicti
426 2130 565 2176 regulam
603 2129 812 2176 praeviderint
845 2121 987 2176 eligen-

36 2181 103 2234 ²2:2¹⁵
119 2181 216 2235 ᾞῑῶῑέ-
228 2178 313 2213 dnm.
336 2178 497 2218 Chrisma,
529 2178 643 2213 Oleum
665 2187 824 2218 sanctum,
853 2191 987 2213 conse-

36 2274 143 2296 mutibu-
164 2276 216 2297 nuh-

37 2304 87 2326 m„
228 2277 371 2312 nationes
403 2277 589 2312 clericorum
625 2285 816 2321 vestrorum,
852 2278 904 2324 qui
927 2277 987 2312 ad

228 2338 333 2362 sacros
347 2326 473 2362 ordines
494 2326 609 2361 fuerint
629 2326 844 2373 promovendi,
866 2339 882 2361 a
897 2327 966 2362 Me-
985 2329 988 2356 ἶ

227 2376 401 2412 diolanensi
432 2375 668 2423 archiepiscopo
700 2376 813 2431 gratis,
847 2375 987 2423 absque

228 2426 376 2472 pratitate
398 2425 500 2472 aliqua
528 2425 617 2460 vobis
646 2425 856 2472 praecipimus
876 2426 966 2460 exhi·-

228 2475 307 2510 beri.
339 2474 537 2523 Sepulturam
571 2474 671 2521 ipsius
703 2474 902 2519 monasterii,
936 2484 968 2510 et

228 2524 369 2560 omnium
395 2524 464 2560 eius
496 2524 710 2565 ecclesiarum,
741 2523 872 2559 liberam
898 2530 990 2576 esse}

858 291 918 316 BUG
925 291 1014 315 estt's
1042 293 1077 315 ΙΙΙ
1106 292 1153 315 ΡΡ.

36 2243 120 2270 ‚neom
134 2245 156 2265 in
170 2245 215 2271 ,μ-
228 2228 380 2263 crationes
406 2228 547 2263 altarium
569 2240 623 2262 seu
646 2227 856 2271 basilicarum,
878 2227 966 2262 ordi—
985 2230 987 2268 ᾗ

1647 276 1710 312 551

1024 347 1176 381 inivi-dicii
1204 346 1279 386 sint,
1308 345 1411 381 nullus
1437 345 1579 380 obsistat:
1608 345 1688 380 salva
1719 354 1764 380 ta-

1022 409 1092 430 men
1116 397 1231 431 iustitia
1254 397 1390 442 ipsarum
1418 395 1672 436 Ecclesiae-nima
1691 396 1763 442 qui—

1022 445 1079 480 bus
1107 454 1299 481 mortuorum
1318 458 1447 493 corpora
1469 454 1681 480 assumuntur.
1698 446 1762 481 Dc-

1781 289 1828 316 An.
1847 287 1874 315 C.
1893 288 1960 316 itttss

1790 455 1898 477 Decretum
1917 459 1958 478 hn-

1734 495 1739 501 ·
1776 488 1882 508 trininitatis
1931 490 1956 509 ab

1020 495 1177 530 cernimus
1198 507 1289 542 crgo,
1314 504 1346 529 ut
1373 494 1478 529 nullus
1504 495 1634 530 omnino
1657 495 1758 530 homi-

1020 557 1095 579 num
1111 545 1148 579 de
1163 545 1222 586 his,
1237 557 1317 591 quae
1332 557 1347 579 a
1365 545 1476 580 nostris
1496 545 1760 591 praecessoribus,

1020 595 1064 629 vel
1094 594 1189 628 ltalici
1225 594 1311 641 regni
1348 594 1473 641 regibus
1506 607 1652 630 concessa
1674 603 1759 638 sunt,

1019 643 1104 678 nullo
1132 643 1225 678 modo
1254 643 1391 690 qnalibet
1417 645 1598 684 occasione,
1627 645 1673 680 vel
1695 645 1760 680 ali-

1017 693 1107 727 cuius
1133 693 1311 739 scriptionis
1344 692 1450 733 titulo,
1479 694 1508 728 in
1538 693 1631 729 rebus
1654 695 1699 730 vel
1728 695 1758 730 in

1018 742 1117 789 ipsius
1140 742 1197 777 loci
1216 742 1357 778 libertate
1375 742 1491 790 aliquid
1521 744 1618 790 possit
1635 744 1759 780 auferre

1018 792 1063 826 vel
1098 792 1255 827 minuet-:e
1297 792 1515 827 interdicentes
1547 805 1602 840 per
1633 802 1758 830 sanctae

1016 840 1177 877 Romanae
1218 842 1310 877 Sedis
1347 842 1562 878 auctoritatem
1597 844 1756 898 episcopis

1015 890 1214 927 Placentinae
1227 901 1256 927 et
1266 891 1324 926 Par
1329 892 1444 926 mensis
1455 892 1643 934 Ecclesiae,
1637 906 1667 928 in
1682 905 1757 941 qua-

1015 953 1083 975 rum
1107 941 1270 977 dioecesi
1265 954 1365 989 ipsum
1383 943 1617 987 monasterium,
1641 943 1686 978 vel
1706 956 1756 979 res

1015 990 1099 1036 ipsae
1127 991 1269 1026 videntur
1290 991 1472 1036 consistere,
1498 991 1630 1040 aliisque
1650 994 1755 1028 omni-

1015 1039 1084 1085 bus,
1113 1050 1172 1076 tam
1196 1041 1307 1076 vicinis
1328 1053 1420 1088 quam
1444 1041 1550 1087 procul
1564 1049 1753 1084 constitutis,

1015 1099 1047 1124 ut
1077 1090 1253 1125 nullatenus
1284 1090 1401 1146 aliquid
1428 1091 1516 1138 quasi
1540 1092 1667 1146 proprio
1688 1093 1754 1129 iure

1014 1148 1215 1186 praesumant
1247 1141 1409 1187 accipere,
1446 1153 1548 1187 neque
1575 1154 1624 1176 rus
1651 1141 1753 1189 bapti-

1012 1189 1101 1224 zandi
1125 1190 1328 1237 parochianos
1354 1202 1447 1233 suos,
1473 1202 1554 1245 quos
1570 1200 1700 1238 apparet
1721 1193 1752 1227 in

1011 1240 1192 1286 privilegiali
1208 1239 1435 1275 instrumento
1430 1252 1459 1273 m
1480 1241 1549 1287 ipso
1564 1242 1752 1277 monasterio

1011 1289 1085 1323 olim
1112 1302 1180 1325 esse
1201 1302 1406 1329 concessnm;
1430 1289 1474 1323 vel
1501 1288 1651 1334 decimas,
1676 1303 1753 1338 quas

1009 1346 1081 1373 ante
1104 1339 1305 1394 possedistis,
1336 1339 1395 1374 sihi
1429 1338 1598 1374 vindicent.
1626 1340 1661 1374 Si
1690 1353 1752 1388 qua

1009 1388 1102 1434 igitur
1116 1402 1146 1422 m
1166 1389 1304 1424 futurum
1323 1389 1528 1424 ecclesiastica
1542 1390 1751 1426 saecularisve

1010 1450 1158 1484 persona,
1189 1438 1270 1474 hanc
1291 1447 1414 1474 nostrae
1435 1440 1668 1475 constitutionis
1694 1453 1750 1488 pa-

1008 1487 1111 1532 ginam
1140 1489 1258 1529 sciens,
1283 1497 1390 1523 contra
1415 1500 1482 1523 eam
1506 1497 1622 1524 temere
1644 1491 1751 1526 venire

1007 1538 1212 1581 attentaverit,
1228 1537 1368 1572 secundo
1391 1538 1519 1574 tertiove
1540 1540 1750 1585 commonita,

1007 1586 1032 1620 si
1056 1599 1117 1622 non
1139 1587 1346 1622 satisfactione
1359 1599 1496 1633 congrua
1522 1588 1750 1634 emendaverit,

1008 1637 1166 1682 potestatis
1187 1636 1377 1683 honorisque
1398 1637 1446 1671 sui
1469 1637 1620 1684 dignitate
1636 1648 1749 1679 careat,

1006 1697 1155 1733 reamque
1194 1698 1227 1721 se
1261 1686 1368 1721 divino
1401 1686 1516 1722 iudicio
1547 1688 1680 1724 existere
1710 1689 1750 1724 de

1008 1744 1180 1782 perpetrata
1203 1736 1362 1782 iniquitate
1388 1745 1572 1782 cognoscat,
1599 1746 1629 1772 et
1650 1750 1666 1772 a
1699 1751 1750 1773 sa-

1005 1785 1178 1819 cratissimo
1205 1784 1345 1833 Corpore
1377 1798 1413 1820 ac
1438 1786 1599 1832 Sanguine
1627 1787 1685 1822 Dei
1719 1796 1750 1823 et

1006 1833 1133 1869 Domini
1159 1834 1378 1881 Redemptoris
1412 1837 1505 1870 nostri
1533 1836 1603 1871 Iesu
1630 1836 1749 1872 Christi

985 1885 987 1888 ’
1005 1883 1105 1918 aliena
1128 1884 1190 1924 liat,
1212 1892 1303 1931 atque
1326 1885 1354 1919 in
1382 1893 1520 1920 extremo
1541 1887 1684 1922 examine
1698 1887 1750 1921 di-

1005 1932 1129 1968 strictae
1155 1934 1266 1968 ultioni
1298 1934 1472 1976 subiaceat;
1493 1936 1615 1970 cunctis
1643 1944 1748 1972 autem

985 1979 1107 2019 {eidem
1150 1983 1310 2018 Ecclesiae
1349 1984 1429 2019 iusta
1471 1985 1668 2020 servantibus
1708 1986 1749 2020 sit

984 2043 1066 2078 pax
1087 2032 1213 2066 Domini
1236 2033 1330 2068 nostri
1355 2033 1422 2068 lesu
1445 2033 1572 2075 Christi,
1594 2044 1749 2090 quatenus

984 2073 987 2111 l
1005 2081 1105 2116 ethic
1127 2081 1260 2117 fructum
1283 2082 1383 2117 bonae
1409 2083 1540 2119 actionis
1565 2084 1748 2139 percipiant,

985 2157 987 2171 ,
1006 2138 1037 2164 et
1057 2131 1139 2177 apud
1172 2131 1346 2167 districtum
1378 2132 1518 2167 Iudicem
1542 2134 1677 2180 praemia
1695 2146 1749 2170 ae-

985 2175 1112 2214 ternae
1140 2180 1224 2226 pacis
1250 2181 1420 2216 inveniant.
1448 2182 1562 2217 Amen.

1054 2228 1126 2263 Eoo
1144 2229 1306 2265 Eximius
1326 2230 1496 2267 catholicae
1510 2231 1670 2268 Ecclesiae
1681 2233 1749 2280 epi-

986 2292 987 2320 t
1006 2290 1121 2324 scopus
1142 2291 1182 2313 ss.

1057 2327 1123 2374 Ego
1145 2327 1285 2363 Ubaldus
1312 2329 1414 2376 presb.
1437 2330 1521 2366 card.
1546 2331 1590 2366 tit.
1613 2331 1749 2368 Sanctae

1007 2376 1155 2412 praxedis
1175 2377 1359 2426 subscripsi.

1056 2426 1122 2472 Ero
1149 2426 1290 2462 Ubaldus
1312 2428 1413 2474 presb.
1436 2429 1521 2465 card.
1548 2430 1594 2465 tit.
1617 2430 1668 2466 Ss.
1698 2431 1750 2467 Io-

986 2496 989 2516 ,
1007 2477 1098 2510 annis
1118 2483 1148 2511 et
1170 2476 1259 2511 Pauli
1281 2489 1323 2512 ss.

1056 2525 1125 2571 Ego
1140 2525 1305 2561 Aribertus
1321 2527 1422 2574 presb.
1439 2528 1523 2564 card.
1546 2529 1591 2564 tit.
1614 2529 1648 2564 S.
1663 2530 1750 2566 Ana-

229 2574 441 2619 concedimus,
456 2582 489 2610 ut
508 2586 616 2610 eorum
631 2573 798 2615 devotioni,
820 2581 850 2609 et
863 2577 990 2609 extre-'
987 2596 990 2611 ,
1008 2574 1119 2609 stasiae
1139 2575 1321 2623 subscripsi.

229 2635 299 2659 mae
323 2624 485 2665 voluntati,
506 2623 560 2672 qui
586 2636 620 2659 se
641 2623 705 2659 illic
729 2623 862 2671 sepelire
889 2616 990 2688 deli-i

230 2672 415 2717 beraverint,
442 2674 503 2710 nisi
528 2673 607 2710 forte
632 2672 894 2711 excommunicati
920 2660 991 2717 vell

1057 2624 1124 2670 Ego
1150 2624 1242 2671 Hugo
1275 2625 1377 2671 presb.
1410 2626 1577 2664 cardinalis
1607 2628 1685 2664 tituli
1717 2629 1750 2665 in

1010 2673 1130 2709 Lucina
1152 2674 1334 2723 subscripsi.

1776 519 1831 538 omn!
1859 519 1955 539 mot-min

1775 552 1796 570 tt
1811 551 1921 570 servituto.

1797 1386 1914 1410 Qannulu.
