2180 3205
163 237 214 264 Au.
232 237 260 264 C.
278 240 343 266 ¹¹36

171 839 265 861 Ecclesia
279 839 340 861 Mon-

171 872 299 892 tisilesiderii
315 878 326 892 a
354 882 360 888 ·

158 902 231 927 quibus
254 903 338 922 donata.

186 1141 306 1161 Act-edente

156 1177 238 1198 quoque
246 1177 341 1192 cousen-

155 1209 178 1222 »υ
194 1201 292 1222 Ludovici
303 1207 340 1222 ic-

155 1234 185 1257 gis
200 1231 337 1257 Francorum,

158 1380 333 1401 cluniacensibus

154 1411 296 1432 confirmatur.

189 1543 298 1564 Decretum

162 1576 303 1602 areniptionis
318 1581 329 1594 a

153 1612 282 1633 quarumque
290 1612 337 1626 mo—

152 1638 222 1657 lvstld.

164 1782 242 1803 solitae
259 1783 318 1803 clau-

209 1813 275 1834 sulae.

413 229 484 261 408

359 293 504 339 agricolis
531 291 667 337 vigilanti
701 291 805 326 studio
832 291 914 326 ridet
943 293 1041 327 excoli
1077 303 1102 327 et

360 341 484 376 tribulis
523 353 559 375 ac
593 340 734 375 sentibus
772 341 888 388 pariter
930 343 1104 377 emundari.

357 390 458 425 Cuius
481 389 619 437 profecto
645 390 761 435 gaudio
796 391 909 425 laetitia
938 392 1106 426 iucundior

356 439 545 483 cumulatur,
579 439 603 473 si
632 438 741 473 eadem
769 439 857 474 vinea
882 442 1104 488 propagatione

356 488 512 523 ordinaria
553 500 607 534 per
640 488 809 523 multorum
845 490 1017 536 spatiorum
1056 491 1105 525 ‹li-

356 537 552 572 mensionem
576 537 851 584 incipiatdilatari.
875 538 1103 586 proportionali

356 586 448 632 igitur
470 587 589 621 ratione
614 586 682 621 Deo
704 587 863 625 credimus
889 589 1102 634 gratissimum

354 647 433 676 esse,
456 635 494 680 si,
522 635 588 676 Deo
610 635 714 677 dicati,
746 637 856 684 religio
883 637 1104 672 Cluniacensis

354 685 534 720 monasterii
564 693 595 720 et
616 685 756 721 diversas
770 686 928 721 Ecclesias
955 695 1103 731 exornet,

353 742 447 781 atque
466 734 674 781 plurimorum
699 743 820 770 mentes
843 736 1038 782 regularibus
1053 736 1103 770 tli—

353 784 498 830 sciplinis
519 784 662 825 instruat,
677 791 707 819 et
740 784 811 829 tide,
839 798 918 832 quae
943 798 996 831 per
1021 785 1099 820 dile-

353 833 489 868 ctionem
505 841 663 880 operatur,
681 833 865 868 inflammet.
883 833 950 869 Hoc
965 834 1103 881 profecto

354 882 464 917 intuitu
493 882 786 917 Montisdesienscm
811 883 997 926 Ecclesiam,
1019 895 1034 917 a
1056 896 1103 918 ve-

353 931 547 967 nerabilibus
564 932 710 968 fratribus
727 933 853 973 nostris,
876 932 1016 967 Guarino
1030 932 1104 967 Am-

353 981 494 1016 bianensi
511 989 539 1015 et
553 980 683 1015 Simone
696 981 910 1022 Novomiensi‚
932 982 1101 1028 episcopis

352 1030 543 1065 monasterio
558 1029 759 1065 Cluuiaceusi
777 1031 928 1065 canonice
945 1039 975 1065 et
992 1031 1102 1066 devote

353 1079 509 1124 collatam,
535 1080 672 1126 idipsum
701 1092 826 1126 quoque
852 1080 1016 1115 carissimo
1039 1081 1101 1115 lilio

353 1137 460 1163 nostro
476 1129 634 1164 Lodorico
662 1127 773 1163 illustri
797 1137 827 1164 et
844 1129 980 1175 glorioso
996 1129 1020 1163 l
1024 1142 1102 1163 ran-

355 1190 464 1213 cornm
484 1190 567 1224 rege,
590 1186 620 1212 ct
644 1178 798 1213 Rainaltlo
820 1178 969 1213 Remensi
997 1179 1102 1213 :uchi-

355 1228 525 1274 episcopo
565 1237 659 1274 atque
685 1227 855 1274 Radulpho
889 1228 928 1263 de
966 1228 1100 1263 Petrona

354 1276 619 1311 concedentibus.
648 1285 678 1311 et
706 1289 761 1323 pro
780 1290 847 1312 (ins
862 1277 1101 1312 confirmatione

352 1325 467 1360 Sedent
503 1326 717 1373 Apostolicam
757 1326 941 1374 suppliciter
966 1339 1101 1362 exoran-

353 1375 449 1420 tibus
476 1388 547 1410 cum
571 1375 718 1410 omnihus
745 1376 781 1410 ad
811 1388 909 1422 ipsam
939 1377 1101 1423 pertinen-

353 1424 446 1469 tibus
475 1425 504 1458 in
535 1433 720 1472 perpetuum
745 1425 798 1459 tibi
823 1426 945 1472 tuisque
971 1438 1101 1461 succes-

351 1452 476 1508 sorihits
497 1474 731 1509 confirmamus,
755 1474 948 1518 Statuentes,
971 1482 1005 1508 ut
1023 1476 1098 1510 nulli

351 1523 480 1557 omnino
507 1523 670 1557 hominum
695 1523 796 1567 liceat,
820 1523 963 1558 eamdem
986 1523 1100 1559 Eccle-

351 1572 441 1616 siam7
476 1573 522 1606 vel
564 1572 656 1616 bona,
691 1585 770 1620 quae
809 1573 1098 1620 impraesentiarum

351 1621 488 1667 legitime
512 1621 667 1668 possidet.
695 1623 798 1656 autin
834 1622 972 1657 futurum
1009 1622 1100 1658 iustis

351 1671 464 1710 modis,
480 1678 655 1718 praestante
669 1670 815 1707 Domino,
831 1672 943 1718 poterit
956 1672 1098 1718 adipisci,

351 1727 468 1755 temere
492 1720 685 1767 perturbare,
708 1720 840 1760 auferre,
868 1721 1021 1765 minuere,
1043 1733 1098 1756 seu

351 1769 541 1816 quibuslibet
567 1770 786 1804 vexationibus
813 1770 950 1817 fatigare.
980 1771 1012 1805 Si
1038 1783 1098 1818 qua

350 1819 446 1865 igitur
479 1820 682 1866 imposterum
711 1819 921 1854 ecclesiastica
954 1821 1098 1855 saecula-

350 1869 429 1903 risve
449 1881 594 1916 persona,
617 1869 697 1903 hanc
716 1876 839 1903 nostrae
866 1869 1098 1907 constitutionis

350 1918 494 1964 paginam
513 1918 628 1957 sciens,
650 1926 758 1952 contra
773 1930 839 1952 eam
858 1926 974 1953 temere
994 1920 1098 1954 venire

349 1967 530 2010 tentaverit,
564 1967 702 2002 secundo
731 1968 859 2002 tertiove
885 1968 1096 2009 commonita,

347 2017 372 2050 si
396 2028 458 2051 non
474 2024 593 2051 reatuin
616 2029 709 2051 sunm
726 2028 864 2063 congrua
885 2017 1097 2053 satisfactione

348 2065 538 2110 correxerit⁷
574 2065 736 2112 potcstatis
763 2066 955 2113 honorisque
977 2067 1023 2101 sui
1047 2067 1097 2101 di-

347 2115 466 2170 gnitate
492 2123 606 2159 careat,
635 2127 782 2162 reamque
804 2127 837 2150 se.
858 2116 964 2151 divino
983 2116 1097 2151 iudicio

347 2164 480 2199 existere
507 2164 545 2198 de
579 2172 754 2212 perpetrata
783 2164 945 2212 iniquitate
972 2178 1096 2213 cogno—

347 2221 413 2248 scat
435 2222 465 2248 et
480 2226 495 2248 a
509 2214 721 2248 sacratissimo
737 2214 877 2261 Corpore
889 2222 920 2250 et
934 2215 1096 2260 Sanguine

346 2261 404 2297 Dei
426 2274 462 2298 ac
484 2262 611 2298 Domini
647 2263 872 2310 Redemptoris
898 2265 996 2299 nostri
1025 2265 1095 2300 lesu

347 2310 464 2346 Christi
493 2313 593 2347 aliena
616 2313 678 2357 fiat,
701 2321 794 2359 atquc
816 2313 847 2348 in
867 2321 1008 2349 extremo
1022 2327 1096 2349 exa-

349 2361 432 2395 mine
454 2361 612 2397 districtae
635 2362 745 2396 ultioni
763 2362 935 2398 subiaceat.
963 2363 1096 2399 Cunctis

348 2417 452 2444 autern
480 2410 583 2445 eidem
612 2411 681 2446 loco
713 2424 766 2446 sua
799 2412 864 2446 iura
896 2413 1096 2448 servantibus

348 2458 388 2492 sit
415 2471 472 2505 pax
494 2459 622 2494 Domini
650 2461 748 2495 nostri
776 2460 844 2496 Iesu
867 2461 997 2506 Christi,
1015 2475 1094 2517 qua

350 2517 439 2542 tenus
466 2516 495 2541 et
522 2509 571 2543 liic
604 2509 738 2545 lructum
772 2509 872 2545 bonae
903 2511 1095 2558 operationis

349 2557 521 2603 percipiant
554 2566 583 2592 et
618 2558 702 2605 aput]
743 2559 919 2594 districtum
954 2560 1094 2595 Iudicem

349 2606 484 2674 ptarmia
508 2611 651 2642 aeternae
677 2608 762 2654 pacis
785 2608 954 2644 inveniant.
981 2609 1094 2645 Amen.

937 239 1035 261 ΒΠΗΛ
1043 239 1124 261 tumr
1147 240 1308 263 ROMANFM

1146 344 1316 390 episcopus
1338 357 1379 379 ss.

1192 831 1260 876 Fgo
1282 831 1473 866 Guillelmus
1496 832 1720 868 Praenestinus
1734 835 1832 882 episc.
1848 848 1890 870 ss.
1907 857 1927 874 et
1942 853 1962 874 s
1980 853 2002 875 a
2017 854 2090 876 neci-

1919 885 1963 905 siae
1978 886 2062 906 eirdina
2058 893 2078 905 ι-

1920 915 1968 935 lium
1985 916 2082 936 subscri-

1952 946 2044 972 ptioucs.

1194 880 1259 926 l⁴go
1300 881 1469 916 Anselmus
1517 882 1679 929 presbyter
1723 884 1892 919 cardinalis

1143 929 1329 976 subscripsi.

1191 978 1258 1024 Ego
1281 978 1450 1014 intifredus
1473 980 1634 1029 presb3ter
1659 981 1828 1018 cardinalis
1844 984 1889 1018 tit.

1142 1028 1175 1061 S.
1202 1028 1347 1063 Vestinae
1375 1041 1417 1063 ss.

1192 1077 1260 1123 Ego
1286 1077 1389 1113 lucas
1417 1078 1578 1126 ρι-θ51))ῑθῐ
1611 1079 1778 1115 cardinalis
1810 1082 1889 1116 tituli

1143 1128 1330 1161 Sanctorum
1361 1126 1507 1162 lobannis
1533 1137 1562 1162 et
1585 1128 1674 1163 Pauli
1704 1130 1889 1178 subscripsi

1191 1176 1235 1221 Ep
1219 1189 1257 1218 ‚go
1279 1176 1384 1211 Guido
1407 1177 1555 1223 indignus
1581 1178 1728 1213 sacerdos
1749 1191 1790 1213 55,

1191 1225 1235 1259 F
1220 1238 1259 1271 go
1281 1225 1454 1272 Gregorius
1468 1227 1621 1262 diaconus
1635 1228 1803 1263 cardinalis
1815 1227 1893 1264 San-

1142 1283 1264 1309 ‹·torum
1288 1274 1389 1322 Sergii
1412 1284 1441 1311 et
1468 1275 1583 1311 Bacchi
1607 1277 1791 1324 subscripsi.

1190 1324 1257 1370 Ego
1304 1324 1410 1359 Guido
1451 1325 1618 1361 cardinalis
1659 1327 1811 1362 diaconus
1855 1328 1890 1362 S.

1143 1373 1269 1407 Adriani
1292 1386 1333 1408 ss.

1190 1422 1257 1468 Ego
1271 1423 1430 1458 Vassallus
1445 1423 1597 1459 diaconus
1609 1425 1774 1460 cardinalis
1782 1425 1889 1461 Sancti

1142 1472 1304 1506 Eustachii
1327 1485 1368 1506 ss.

1192 1521 1256 1566 Ego
1290 1521 1433 1556 Ubatdus
1466 1521 1619 1557 diaconus
1660 1524 1826 1558 cardinalis
1855 1525 1878 1557 S

1140 1571 1255 1605 Mariae
1283 1571 1312 1605 in
1339 1571 1394 1605 Via
1420 1571 1494 1606 Lata
1522 1585 1563 1606 ss.

1189 1620 1302 1654 Datum
1350 1620 1431 1655 Pisis
1476 1633 1530 1667 pet
1566 1634 1693 1656 manum
1733 1623 1889 1670 A>merici

1140 1678 1265 1704 sant-tae
1295 1669 1456 1704 Romanae
1484 1670 1643 1706 Ecclesiae
1666 1671 1833 1707 cardinalis
1860 1681 1891 1706 et

1140 1719 1329 1757 ‹animellarii
1353 1731 1391 1753 111
1415 1719 1614 1765 idusmarffi,
1638 1721 1808 1756 indictione
1824 1734 1889 1761 xit

1141 1768 1365 1803 incarnationis
1403 1768 1581 1804 dominicae
1617 1782 1701 1804 anno
1732 1783 1888 1808 mcxxxvr,

1141 1818 1342 1864 pontificatus
1376 1818 1484 1853 domni
1519 1818 1693 1854 Innocentii
1730 1820 1834 1867 Papae
1863 1819 1889 1854 ll

1139 1878 1221 1901 antio
1249 1879 1307 1901 vn.

1195 1923 1253 1953 Dat.
1274 1923 1319 1953 (lie
1343 1923 1376 1953 13
1395 1924 1491 1954 martii
1510 1934 1586 1954 anno
1609 1924 1721 1955 Domini
1749 1925 1832 1962 1136,

1324 1968 1426 2007 pontif.
1445 1968 1543 1999 lnnoc.
1561 1979 1637 1999 anno
1660 1978 1707 1999 vn.

1437 2090 1586 2127 XXXIV.

1138 2163 1273 2197 Ecclesia
1301 2165 1335 2198 S.
1365 2164 1492 2198 loannis
1524 2165 1557 2198 in
1599 2166 1701 2199 riculo
1733 2167 1887 2200 canonicis

1188 2214 1382 2247 Placentinae
1410 2215 1548 2248 matricis
1574 2216 1729 2248 Ecclesiae
1757 2217 1886 2249 adiudi-

1186 2269 1274 2296 catw·
1294 2264 1348 2296 sub
1370 2275 1459 2297 censu
1476 2275 1580 2297 annuo
1595 2265 1670 2298 sedi
1690 2265 1886 2309 Apostolicae

1183 2312 1381 2356 persolvendo
1408 2314 1463 2356 (l).

1406 2382 1621 2413 SUMMARIUM

1136 2438 1303 2469 Exordium.
1324 2455 1363 2462 —
1386 2439 1547 2469 Ecclesiam
1572 2440 1600 2470 S.
1626 2440 1743 2471 loannis
1772 2441 1807 2470 de
1831 2439 1883 2469 Vi-

1175 2484 1252 2520 culo,
1271 2484 1413 2514 iacturam
1434 2484 1463 2514 in
1486 2484 1571 2514 bonis
1587 2494 1712 2524 passam,
1729 2502 1768 2508 —
1785 2486 1882 2517 Cano-

1176 2527 1251 2557 nicis
1278 2528 1456 2558 cathedralis
1478 2527 1626 2558 Ecclesiae
1649 2529 1753 2565 donat,
1779 2546 1818 2552 —
1850 2530 1883 2560 [t

1171 2584 1210 2619 (l)
1227 2584 1265 2610 Ex
1282 2584 1341 2610 libr.
1360 2585 1480 2619 privileg.
1504 2585 1634 2612 Ecclesiae
1661 2584 1775 2612 Placent.
1801 2586 1883 2613 edidit

1135 2623 1235 2659 Campi²
1255 2625 1334 2656 Hist.,
1353 2628 1415 2652 tom.
1429 2633 1518 2660 i‚pag.
1540 2625 1600 2652 556.

1917 245 1966 272 An.
1985 245 2097 273 Γ..Ηῖίὶ

1194 295 1266 329 Eoo
1293 295 1507 330 lxsocmrtos
1537 295 1709 333 catholicae
1738 299 1898 336 Ecclesiae
1927 317 2097 343 innocentiil'l'.
