2180 3205
436 231 507 263 64⁸2

435 296 499 342 Ego
523 295 654 330 Iacobus
673 293 834 342 presbyter
849 291 934 328 card.
961 291 1011 326 Ss.
1035 291 1079 326 10.
1105 299 1136 326 et

384 344 472 380 Pauli
493 345 538 378 tit.
556 343 762 378 Pammachii.

434 394 500 440 Ego
524 393 644 427 Arditio
667 392 699 427 S.
719 391 876 427 Theodori
896 390 1052 426 diaconus
1067 402 1136 425 car-

383 442 506 478 dinalis.

432 492 501 537 Ego
526 491 608 526 Boto
632 493 676 536 (2)
703 490 856 526 diaconus
882 490 970 526 card.
997 488 1135 524 Sancto-

384 553 453 576 rum
476 540 611 576 Cosmae
633 549 664 575 et
686 540 842 576 Damiani.

432 589 547 624 Datum
573 590 733 635 Anagniae
760 603 816 638 per
837 601 966 624 manum
999 586 1134 623 Rolandi

383 638 417 674 S.
440 639 479 673 R.
507 639 544 674 E.
582 639 685 687 presb.
715 639 800 675 card.
829 646 859 674 et
885 638 1075 677 cancellarii,
1097 649 1134 671 ιιι

384 689 425 722 id.
449 696 542 735 sept„
566 688 736 724 indictione
753 701 784 731 v,
807 688 1033 723 incarnationis
1048 687 1133 722 dom.

382 749 509 782 mccvii,
533 738 732 785 pontificatus
759 751 832 774 vero
859 738 898 773 D.
929 737 1058 773 Adriani
1093 735 1136 770 IV

382 798 465 821 anno
488 799 533 822 iv.

402 842 463 874 Dat.
486 845 533 874 die
553 845 585 874 11
605 844 784 884 septembris
801 855 877 876 anno
896 845 1011 876 Domini
1031 846 1117 883 1157,

632 890 734 929 pontis.
753 899 831 920 anno
853 899 889 920 ιν.

186 239 236 265 An.
255 239 284 266 C.
304 240 369 267 1157

725 1049 795 1084 XV.

385 1126 586 1174 Confirmatio
608 1128 835 1172 compositionis
852 1128 948 1161 initae
970 1129 1047 1162 inter
1072 1130 1138 1162 Ar-

436 1180 560 1211 dacium
592 1180 765 1222 episcopum
791 1185 817 1210 et
844 1179 1010 1211 Amesleum
1036 1179 1138 1211 comi—

433 1236 501 1268 tem,
531 1228 735 1262 Gebennenses
759 1227 820 1270 (4).

643 1305 860 1336 SUMMARlUM

383 1369 546 1399 Arducium
569 1368 655 1407 eique
674 1368 864 1398 commissam
892 1368 1056 1398 Ecclesiam
1084 1368 1139 1399 sub

424 1413 453 1443 B.
474 1413 548 1442 Petri
563 1413 717 1452 ipsiusque
734 1412 916 1451 protectione
929 1413 1055 1451 suscipit
1067 1412 1141 1443 Pon-

425 1458 502 1487 tifex.
524 1474 564 1479 —-
584 1456 832 1496 Compositionem
855 1457 933 1486 inter
967 1458 1138 1497 episcopum

425 1503 622 1541 comitemque
655 1501 879 1532 Gebennensem
918 1502 1080 1532 confirmat.
1102 1519 1142 1525 —

425 1546 464 1576 De
487 1546 693 1576 sacerdotibus
716 1545 837 1575 seudum
862 1551 1005 1575 terramve
1023 1546 1140 1576 comitis

427 1591 606 1621 tenentibus.
624 1607 662 1612 -
679 1589 718 1619 De
735 1591 851 1620 comitis
867 1600 1024 1620 suorumve
1038 1590 1140 1627 servis,

427 1636 486 1666 nisi
505 1644 608 1665 eorum
620 1645 756 1672 assensu,
769 1635 941 1665 nullatenus
954 1635 989 1665 ab
1003 1636 1141 1675 episcopo

427 1681 610 1710 ordinandis.
627 1697 667 1702 —-
681 1679 720 1709 De
740 1680 828 1710 feudo
848 1680 1141 1710 decimarum—De

427 1725 533 1754 castris
552 1734 641 1763 super
660 1725 786 1754 ecclesia
807 1734 820 1754 a
841 1726 948 1755 comite
960 1735 1054 1765 nuper
1072 1735 1143 1755 con-

428 1769 562 1805 structis3
581 1773 609 1798 et
627 1769 662 1798 tle
680 1769 831 1798 Willelmo
844 1768 1040 1807 Marvallensi,
1056 1771 1142 1800 cuius

427 1813 591 1842 hominium
606 1812 738 1842 indebite
758 1822 857 1842 comes
872 1820 1034 1853 acceperat.
1051 1832 1090 1837 —
1104 1814 1143 1845 De

429 1858 488 1887 silio
510 1857 647 1897 Maynerii
672 1857 707 1886 ab
739 1858 880 1898 episcopo
903 1859 1004 1889 comiti
1036 1859 1143 1890 ablato.

426 1919 466 1924 —
488 1901 527 1931 De
549 1902 722 1931 hominibus
746 1906 774 1931 et
797 1902 892 1939 terris,
911 1912 925 1932 a
939 1904 1046 1933 comite
1065 1904 1145 1934 suis-

428 1956 485 1986 que
508 1946 657 1976 E-cciesiae
681 1947 861 1986 interceptis.
879 1947 968 1977 —In
990 1950 1143 1987 composi-

430 1992 508 2020 tione
528 1996 580 2020 {iac
600 1992 676 2030 apud
695 1991 795 2031 Saysel
810 1992 894 2029 sacta,
911 1993 981 2031 quid
995 1993 1145 2033 episcopo,

430 2037 498 2075 quid
524 2037 623 2065 comiti
646 2037 675 2065 in
694 2037 826 2066 dominio
849 2042 876 2067 et
899 2038 1011 2068 iustitia
1032 2037 1146 2068 Geben-

430 2081 530 2110 nensis
549 2081 675 2110 civitatis
695 2082 842 2117 attineret,
859 2082 1036 2112 continetur.
1051 2099 1092 2105 —
1106 2082 1145 2113 De

431 2125 488 2161 his,
505 2134 580 2164 quae
599 2125 634 2154 ed
645 2126 817 2165 episcopum
834 2127 992 2166 pertinent:
1010 2144 1050 2149 —
1067 2127 1145 2158 Etde

432 2168 487 2205 his,
510 2178 584 2208 quae
607 2169 642 2198 ad
666 2171 804 2200 comitem
839 2175 972 2210 spectare
1002 2173 1145 2202 videntur.

430 2229 469 2234 —
489 2211 529 2241 De
551 2213 716 2251 peragenda
743 2214 864 2244 iustitia.
886 2232 926 2237 —
947 2215 1145 2255 Quadraginta

431 2257 524 2286 librae
547 2267 561 2286 a
578 2259 685 2287 comite
703 2258 841 2298 episcopo
860 2268 911 2298 pro
930 2261 1146 2290 restauratione

432 2302 532 2331 damni
552 2302 770 2340 persolvendae,
793 2303 944 2333 canonicis
967 2314 1035 2334 vero
1059 2305 1145 2335 (lam-

432 2355 502 2374 num
516 2347 551 2375 ad
565 2356 666 2376 eorum
678 2347 795 2376 libitum
809 2357 908 2377 comes
923 2349 1146 2379 emendaturus.

432 2406 471 2412 ——
497 2390 634 2426 Quaestio
657 2392 693 2421 de
716 2392 889 2431 piscatione.
910 2410 950 2415 —
970 2393 1005 2423 Et
1026 2394 1062 2423 tle
1084 2393 1145 2424 Ro-

434 2435 543 2474 duipiio
564 2434 663 2465 Sancti
685 2435 826 2466 Gervasii.
844 2454 884 2459 —
900 2437 980 2467 Hanc
994 2439 1145 2477 composi-

435 2480 542 2508 tionem
565 2480 776 2510 inviolabiliter
798 2480 1009 2511 observandam
1037 2483 1147 2520 statuit,

430 2553 469 2584 (i)
482 2552 548 2584 Lege
560 2552 624 2576 Boso
635 2552 702 2578 sicut
714 2551 739 2578 in
750 2551 935 2586 sequentibus.
949 2552 985 2596 (ιι.
1001 2553 1040 2588 Τ.)
1057 2553 1096 2588 (2)
1107 2554 1146 2580 Ex

395 2591 466 2617 archi
473 2599 496 2615 ι,
511 2591 616 2617 Fcclcsi
617 2600 639 2618 ie
650 2591 729 2618 huius
739 2596 810 2618 erut.
822 2595 847 2618 et
858 2600 918 2618 cum
929 2593 984 2618 ori·
970 2593 1047 2627 mali
1057 2593 1146 2620 collat

395 2634 451 2657 ext.
470 2634 522 2656 tom
554 2638 582 2656 tx
600 2631 705 2658 Btillarii
722 2632 785 2659 editi
803 2632 992 2668 Luxcmbuigi

976 236 1166 260 mmmmm!
1193 236 1356 259 nortuum!

1947 230 1998 258 An.
2015 230 2043 257 C.
2060 230 2127 257 ¹¹57

1216 298 1341 328 eamque
1360 288 1508 328 praecepti
1528 288 1680 327 privilegio
1692 287 1796 318 munit.
1807 304 1848 310 -
1860 286 1933 317 San·

1215 334 1273 363 ctio
1292 332 1553 372 poenalis—Pax
1571 337 1600 362 et
1617 332 1784 362 benedictio
1806 341 1930 362 servan-

1216 375 1930 415 tibus—HadrianiPP.sigillumetsubscriptio.

1213 439 1253 444 —
1276 421 1519 460 Subscriptiones
1541 430 1659 460 quoque
1686 421 1765 451 card.
1789 420 1819 451 S.
1843 420 1876 450 R.
1898 420 1930 450 E.

1176 488 1289 518 Adrianus
1319 488 1538 526 episcopusservus
1565 496 1680 517 servorum
1715 486 1774 520 Dei
1804 485 1930 516 venerabili

1215 531 1278 561 fratri
1302 532 1411 570 Arducio,
1433 530 1580 561 Gebenncusi
1603 531 1720 570 episcopo,
1742 530 1841 560 salutem
1859 534 1881 560 et
1905 539 1929 560 a·

1216 575 1353 614 postolicaiu
1375 574 1570 605 benedictionem.

1225 638 1357 681 Quoties
1387 650 1403 672 a
1439 638 1586 672 fratribus
1619 637 1734 673 nostris
1767 637 1927 684 episcopis
1955 654 2068 674 Ai-uucium
2094 654 2128 674 ei-

1176 688 1248 723 talia
1271 688 1482 736 postulantur,
1510 699 1591 735 quae
1618 696 1648 722 et
1671 687 1818 734 aequitati
1850 699 1927 721 con·
1942 685 2128 736 gsssslg‘gffl‘ffisffi:

1177 738 1301 773 veniant
1327 747 1357 773 et
1390 750 1405 772 a
1441 737 1573 772 rationis
1605 737 1727 772 tramite
1751 749 1811 771 non
1841 748 1928 771 rece—
1942 744 1963 765 B·
1979 744 2036 766 Petri
2052 746 2129 780 11)ξίαὲ-

1177 787 1264 832 daut,
1288 787 1379 823 decet
1400 799 1457 821 nos
1479 787 1585 821 animo
1613 786 1721 821 libenti
1741 786 1926 824 concedere,
1942 778 2129 833 ξζξοξζῑῖωιῖἓζὲἶ

1177 845 1206 872 et
1228 849 1336 872 eorum
1360 845 1441 877 vota,
1469 844 1603 883 oportet,
1628 848 1684 871 nos
1711 835 1822 870 effectu
1851 848 1928 882 ope·
1942 838 1983 858 ¹⁴³¹·

1178 887 1220 921 ris
1244 894 1454 934 prosequente
1481 886 1650 933 complere.
1675 885 1863 932 Eapropter,
1879 897 1929 920 ve-

1177 936 1325 971 nerabilis
1345 937 1374 970 in
1394 935 1521 970 Christo
1544 935 1636 970 frater
1657 935 1816 983 episcope,
1839 935 1930 969 iustis

1179 985 1443 1033 postulationibus
1479 985 1541 1020 tuis
1578 993 1665 1031 grato
1703 993 1928 1020 concurrentes

1178 1047 1322 1080 assensu,
1356 1047 1521 1081 personam
1552 1043 1648 1074 tuam,
1670 1042 1701 1069 et
1726 1034 1951 1069 commissam'

1178 1085 1233 1120 tibi
1266 1084 1442 1119 Ecclesiam
1465 1084 1524 1119 sub
1551 1084 1630 1118 beati
1655 1083 1738 1118 Petri
1766 1091 1796 1118 et
1824 1093 1929 1119 nostra

1180 1135 1373 1182 protectione
1395 1134 1600 1181 suscipimus,
1618 1141 1648 1168 et
1664 1133 1837 1180 praesentis
1855 1134 1931 1168 scri·

1179 1185 1222 1232 pti
1263 1183 1437 1231 patrocinio
1480 1183 1724 1218 communimus
1758 1181 1930 1230 Composi-
1942 1195 2123 1223 Compositionein

1178 1234 1295 1269 tionem
1324 1245 1408 1274 vero,
1436 1245 1516 1280 quae
1552 1233 1632 1267 inter
1665 1241 1694 1268 te
1719 1241 1750 1267 et
1779 1231 1928 1268 dilectum
1943 1228 1999 1286 ’Ἓξ
2017 1227 2155 1278 οᾞζᾚζ

1180 1284 1276 1318 fitium
1306 1291 1447 1318 nostrum
1471 1282 1609 1317 nobilem
1632 1281 1732 1317 virum
1751 1281 1928 1317 Amedeum
1944 1294 1984 1316 que
1998 1288 2127 1309 Gebennen·

1178 1333 1423 1368 Gebennensem
1443 1332 1590 1367 comitem
1621 1332 1650 1366 in
1680 1332 1856 1379 praesentia
1876 1344 1930 1367 ve·
1944 1325 1989 1341 '⁹¹¹²
2009 1319 2128 1340 mmm*

1180 1382 1366 1418 nerabilium
1394 1381 1524 1416 fratrum
1554 1389 1733 1416 nostrorum
1763 1380 1797 1416 S.
1832 1380 1931 1416 Vien-

1181 1433 1299 1471 nensis,
1326 1431 1364 1466 E.
1394 1431 1621 1477 Lugdunensis
1647 1439 1677 1466 et
1703 1430 1739 1465 P.
1776 1430 1931 1465 Tarenta-

1180 1483 1305 1523 sieusis‚
1327 1481 1651 1528 archiepiscoporum,
1676 1480 1698 1514 Ι.
1722 1479 1932 1528 Gratianopo-

1181 1532 1280 1571 litani,
1315 1539 1345 1566 et
1372 1530 1534 1565 Guillelmi
1563 1530 1736 1565 Belicensis
1758 1530 1932 1577 episcopo—

1182 1594 1262 1621 rum,
1277 1589 1306 1615 et
1317 1579 1524 1628 quorumdam
1541 1580 1755 1626 religiosorum
1770 1579 1932 1624 abbatum,

1181 1643 1277 1678 super
1298 1629 1488 1677 quibusdam
1504 1629 1737 1669 οοιιῐιοιθιεῑῐε,
1756 1641 1836 1676 quae
1853 1629 1934 1664 inter

1183 1693 1236 1715 ios
1258 1680 1443 1726 agebantur
1477 1680 1642 1734 utriusque
1676 1679 1770 1726 partis
1803 1691 1933 1714 assensu

1183 1729 1408 1764 rationabiliter
1436 1729 1511 1763 facta
1535 1737 1593 1767 cst
1616 1728 1701 1763 iuxta
1729 1736 1800 1763 tuae
1824 1736 1934 1775 postu-

1183 1779 1308 1814 lationis
1332 1779 1511 1813 instantiam
1536 1778 1607 1822 tibi,
1630 1786 1659 1812 et
1682 1790 1737 1826 per
1764 1786 1793 1813 te
1814 1777 1935 1813 Eccle-

1183 1830 1246 1864 siae
1268 1836 1351 1869 tuae,
1373 1828 1555 1863 auctoritate
1576 1828 1744 1875 apostolica
1764 1827 1936 1863 confirma-

1185 1891 1271 1919 mus3
1293 1879 1383 1913 cuius
1411 1877 1556 1912 videlicet
1582 1877 1820 1924 compositionis
1834 1884 1935 1918 tenor,

1184 1929 1265 1963 sicut
1293 1928 1323 1962 in
1347 1928 1556 1963 instrumento
1577 1927 1692 1962 exinde
1721 1926 1800 1962 facto
1832 1927 1936 1962 conti-

1186 1985 1287 2016 netur
1312 1978 1342 2011 in
1364 1977 1634 2024 subsequentibus
1652 1977 1810 2012 invenitur
1835 1989 1935 2012 anne-

1185 2040 1252 2061 xus.
1287 2026 1474 2061 Praedictus
1512 2026 1668 2073 siquidem
1695 2026 1788 2061 frater
1829 2036 1936 2062 noster
1963 2040 1991 2061 ne
2012 2040 2133 2061 sacerdon-

1185 2076 1297 2112 Petrus
1323 2076 1574 2112 Tarantasiensis
1606 2076 1874 2123 archiepiscopus,
1905 2070 2134 2122 οῑξζζξῖιᾱᾚζξιζ

1185 2126 1290 2161 dilecti
1317 2125 1372 2160 filii
1396 2126 1494 2160 nostri
1527 2125 1725 2160 Almadricus
1746 2125 2080 2161 praecentorwnonubus-

1185 2175 1408 2210 Gebenncnsis
1428 2174 1600 2219 Ecclesiae,
1627 2184 1658 2210 et
1683 2174 1853 2210 Villelmus
1878 2175 1935 2209 At-

1187 2225 1283 2260 berici
1307 2225 1456 2266 decanus,
1484 2224 1674 2260 Lambertus
1695 2225 1733 2260 de
1760 2224 1936 2260 Anassiaco

1187 2274 1336 2316 decanus,
1357 2282 1396 2309 et
1417 2274 1567 2309 Artoldus
1588 2274 1738 2315 decanus,
1754 2273 1937 2309 Gualterius

1187 2325 1358 2359 canonicus
1383 2332 1414 2359 et
1438 2324 1630 2371 capellanus,
1657 2323 1792 2359 Pontius
1813 2323 1852 2358 de
1879 2323 1937 2359 Fi-

1187 2374 1283 2420 lingio
1322 2375 1518 2415 canonicus,
1560 2373 1708 2420 magister
1747 2373 1861 2408 Petrus
1898 2373 1937 2408 de

1186 2423 1289 2458 Toluo
1315 2425 1496 2462 canonicus,
1519 2424 1620 2470 Aymo
1647 2422 1863 2458 vicedominus
1877 2422 1938 2457 Ge-

1188 2472 1371 2517 hennensis,
1393 2472 1553 2515 Amedeiis
1575 2472 1614 2507 de
1635 2472 1806 2519 Nangiaco,
1825 2471 1937 2506 Petrus

1187 2521 1226 2557 de
1253 2521 1426 2567 Nangiaco,
1462 2522 1650 2569 Aymericus
1686 2521 1726 2556 de
1763 2521 1936 2568 Nangiaco,

1187 2571 1284 2606 Falco
1309 2571 1554 2611 Turumbertus,
1588 2570 1679 2606 Cono
1707 2570 1746 2605 de
1767 2570 1895 2617 Ruppe,
1917 2582 1935 2605 a

1165 2628 1168 2667 j
1188 2633 1223 2666 3
1211 2620 1422 2655 ..numinibus
1444 2621 1643 2656 sacerdotum
1665 2629 1696 2655 et
1718 2620 1936 2662 diaconorum,
