2180 3205
176 273 224 299 An.
247 272 273 298 C.
292 271 360 299 1073

183 1454 225 1474 Η-ἀ
229 1460 274 1472 ιιιιιιι
284 1454 357 1480 Hispa·

175 1487 222 1499 11ι,ι.·
234 1481 259 1499 ab
271 1486 357 1506 ‚ziiuiquo

279 1509 332 1527 'vm
384 1499 495 1545 paniae
510 1498 549 1532 ab
567 1498 698 1544 antiquo
719 1496 838 1544 proprii
857 1495 934 1530 iuris
946 1495 1135 1530 sanctiPetri

442 246 488 280 58

956 250 1092 273 BULLAR!
1099 250 1143 272 ml
1171 248 1333 272 ROMANUM

392 312 586 349 manicatus,
609 321 708 345 annos
734 319 807 346 xxi.
842 305 1010 352 subitaque
1037 312 1136 339 morte
1180 302 1323 347 voluerit,
1358 302 1443 337 omni
1474 302 1634 338 charitatis
1660 303 1755 338 affatu
1783 316 1927 339 commo-

391 369 574 409 peremptus
605 367 671 402 cst,
707 358 835 391 ineunte
872 366 980 389 mense
1014 353 1135 388 octobri
1179 353 1263 386 nitus
1297 363 1370 397 erga
1407 352 1559 386 honorem
1593 354 1691 387 sancti
1719 354 1803 388 Petri
1832 354 1926 389 talem

390 410 462 445 311111
483 411 585 448 1100,
608 408 699 442 cuius
720 418 789 440 ossa
812 405 982 439 Ravennae
1000 403 1134 449 sepulta,
1178 401 1318 435 animum
1352 408 1449 447 gerat,
1485 408 1519 435 ut
1545 401 1584 435 31)
1610 413 1648 436 eo
1680 409 1711 437 et
1738 403 1925 437 munitionis

388 457 551 494 Pasclialis
573 457 599 490 11
622 455 683 489 PP.
707 467 791 490 anno
815 454 908 488 1106
927 452 1090 487 exhumari
1106 459 1137 486 ct
1178 450 1293 484 auxilia
1320 450 1351 483 in
1374 450 1539 496 periculis,
1567 458 1597 485 et
1631 452 1738 486 merita
1767 452 1927 486 fidelitatis

388 509 420 542 in
448 508 565 541 fluenta
593 504 702 552 proiici
730 503 813 539 feeit.

749 622 774 656 Ι.

385 692 552 738 Significat
583 690 687 724 comiti
711 690 748 723 dc
777 689 886 722 Roceio
920 689 975 721 sub
996 688 1136 732 quadam

434 742 606 775 conditione
626 751 693 773 cam
715 739 888 782 Hispaniae
915 744 1034 782 partem
1061 747 1136 770 con-

434 803 558 834 cessam,
580 801 673 834 quam
695 799 715 821 α
737 788 967 821 Saracenorum
992 787 1136 819 manibus

433 841 579 884 eriperet:
614 838 752 882 prohibet
782 837 862 869 alios
892 835 1046 880 principes
1069 835 1136 867 iure

434 890 570 923 euindem
597 888 747 931 reyi'onem
768 897 835 918 cum
866 886 961 930 copiis
993 885 1134 928 ingredi,

434 945 612 983 partemque
640 937 730 969 illam
758 935 842 968 illius
870 934 1048 978 provinciae
1078 933 1138 966 sibi

432 988 603 1024 vindicare,
625 986 686 1018 nisi
706 984 887 1017 interveniat
910 995 1008 1028 aequa
1032 983 1135 1027 pactio

431 1036 625 1082 persolvendi
644 1035 716 1068 iura
737 1034 772 1066 S.
805 1034 890 1066 Petri
913 1034 973 1075 (J).

654 1106 871 1138 SUMMARIUM

385 1167 517 1205 Regnum
539 1164 698 1204 Hispaniae
717 1164 753 1194 ab
772 1163 892 1202 antiquo
912 1162 985 1192 iuris
1003 1162 1030 1192 S.
1046 1162 1135 1191 Petri.

424 1224 464 1229 -
478 1206 560 1244 Ilugo
577 1204 737 1235 cardinalis
758 1203 786 1234 S.
805 1203 838 1232 R.
856 1202 886 1232 E.
902 1202 1045 1241 presbiter
1059 1202 1136 1240 lega-

426 1251 473 1276 tus
494 1247 525 1275 A.
545 1245 573 1275 S.
592 1245 627 1274 ad
647 1245 676 1274 id
693 1244 814 1273 missus.

383 1303 507 1342 Gregorius
525 1303 548 1332 in
563 1302 692 1331 Romanuin
710 1300 846 1330 Pontificem
857 1300 945 1329 electus
959 1298 1065 1329 omnibus
1076 1300 1136 1338 prin-

421 1346 512 1386 cipibus
528 1347 551 1376 in
562 1345 658 1375 Terram
669 1345 792 1383 Hispaniae
808 1344 921 1383 proticisci
932 1343 1071 1381 volentibus,
1085 1352 1136 1382 pcr-

423 1395 517 1430 petuam
532 1390 631 1420 salutern
654 1390 677 1419 in
698 1389 796 1419 Domino
817 1389 868 1418 lesu
885 1388 985 1419 Christo.

432 1449 502 1484 Non
526 1448 623 1483 latere
645 1460 701 1482 vos
716 1446 889 1491 eredimus,
917 1458 1050 1492 regnum
1065 1445 1136 1480 His-

383 1548 498 1588 l'uissc3
523 1555 553 1582 et
579 1547 700 1590 adhuc⁷
727 1546 801 1580 licet
826 1545 878 1580 diu
901 1557 916 1579 3
946 1545 1075 1592 paganis
1096 1544 1136 1578 sit

385 1605 586 1644 occupatum,
608 1595 678 1641 lege
701 1603 803 1630 tamen
827 1594 963 1629 iustitiae
982 1606 1046 1628 non
1062 1605 1137 1628 eva—

384 1655 487 1687 cuata,
509 1645 655 1680 nonnulli
679 1644 873 1688 mortalium⁷
895 1644 949 1678 sed
969 1643 1027 1678 soli
1049 1643 1136 1689 Apo-

384 1695 514 1730 stolicae
546 1694 621 1730 Sedi
648 1706 686 1729 ex
708 1706 810 1741 aequo
838 1693 1005 1740 pertinere.
1042 1692 1134 1733 Quod

383 1745 468 1779 enim
492 1752 619 1783 auctore
649 1743 716 1778 Deo
744 1743 842 1778 semel
872 1743 902 1776 in
927 1741 1137 1789 proprietates

384 1794 598 1828 Ecclesiarum
616 1793 697 1828 iuste
714 1792 902 1839 pervenerit,
925 1798 1071 1826 manente
1086 1803 1136 1831 eo,

384 1843 483 1878 abusu
507 1842 647 1890 quidem,
674 1841 730 1876 sed
757 1841 796 1876 ab
823 1853 930 1876 eorum
959 1840 1039 1879 iure,
1076 1852 1137 1875 oc-

384 1892 511 1927 casione
525 1891 716 1926 transeuntis
734 1891 897 1938 temporis,
915 1890 982 1924 sine
997 1889 1136 1935 legitima

387 1941 593 1976 concessione
626 1940 732 1975 divelli
767 1952 828 1975 non
864 1939 989 1987 poterit.
1027 1938 1137 1985 Itaque

387 2002 495 2025 comes
524 1990 634 2025 Ewlus
668 1989 707 2024 de
739 1989 870 2034 Roceio,
904 1989 995 2023 cuius
1022 1987 1135 2022 famam

387 2039 472 2086 apud
496 2051 551 2074 vos
572 2039 654 2074 haud
684 2039 849 2074 obscuram
873 2050 942 2073 esse
965 2045 1136 2085 putamus⁷

386 2097 500 2124 terram
541 2088 625 2123 illam
654 2088 691 2123 ad
727 2088 879 2123 honorem
919 2087 1019 2122 sancti
1051 2086 1135 2121 Petri

385 2137 507 2183 ingredi
528 2146 559 2173 et
585 2150 599 2172 3
624 2149 816 2184 paganorum
842 2137 990 2172 manibus
1016 2136 1137 2183 eripere

387 2187 531 2233 cupiens,
556 2187 636 2221 lianc
662 2187 902 2221 concessionem
933 2186 972 2220 ab
998 2186 1138 2233 Aposto-

388 2235 450 2270 lica
466 2235 549 2270 Sede
573 2235 721 2279 obtinuit,
743 2243 777 2270 ut
797 2243 915 2282 partem
932 2235 1029 2275 illam,
1053 2234 1138 2269 unde

388 2296 527 2330 paganos
548 2297 605 2319 suo
624 2284 740 2324 studio,
763 2292 793 2319 et
813 2285 962 2319 adiuncto
984 2284 1043 2318 sibi
1059 2283 1138 2318 alio-

388 2346 455 2367 rum
483 2333 614 2373 auxilio,
644 2333 801 2380 expellere
823 2341 941 2380 posset,
964 2333 1023 2367 sub
1053 2345 1138 2367 con-

387 2381 505 2416 ditione
521 2383 601 2417 inter
617 2394 675 2417 nos
691 2383 790 2417 factae
813 2382 969 2430 pactionis
990 2394 1027 2416 ex
1052 2390 1139 2428 parte

387 2431 486 2465 sancti
508 2430 592 2465 Petri
616 2431 802 2478 possideret.
826 2432 894 2473 Qua
924 2432 954 2465 in
978 2442 1010 2465 re
1033 2439 1064 2465 et
1086 2430 1139 2465 13-

388 2479 465 2514 bore
495 2480 686 2527 quicumque
719 2488 855 2515 vestrum
882 2480 942 2515 sibi
967 2480 1139 2514 adhaerere

424 2544 463 2579 (t)
484 2544 602 2571 Extract.
628 2553 661 2571 ex
683 2545 792 2571 Archiv.
820 2546 904 2571 Vatic.
927 2546 1006 2571 Extat
1030 2553 1139 2579 quoque

387 2584 459 2610 inter
474 2585 552 2618 epist.
573 2584 672 2611 decret.
694 2585 796 2611 Summ.
815 2585 910 2612 Pontis.
928 2593 941 2611 a
958 2584 1030 2611 card.
1048 2584 1139 2611 Carasa

391 2624 456 2650 edit.
477 2631 547 2650 anuo
566 2624 641 2656 15⁹¹,
664 2627 727 2651 tom.
748 2632 787 2657 111,
806 2632 864 2659 pag.
885 2625 946 2652 553.

1178 499 1314 545 praemia
1343 511 1472 534 securus
1494 499 1635 546 accipiat.
1658 499 1692 534 Si
1711 508 1815 535 autem
1832 501 1927 548 aliqui

1177 559 1219 582 ex
1241 547 1329 582 vobis
1357 560 1500 583 seorsum
1528 548 1568 583 31)
1590 549 1643 583 1110
1670 550 1805 596 propriis
1826 551 1927 597 copiis

1177 596 1320 632 eamdem
1353 604 1467 632 terram
1501 598 1605 644 aliqua
1632 598 1663 632 in
1691 606 1778 645 parte
1812 599 1927 634 intrare

1178 647 1366 693 paraverint⁷
1398 647 1501 692 decet,
1536 655 1570 681 ut
1591 647 1719 682 militiae
1739 660 1867 682 causam
1889 660 1927 683 ex

1177 695 1273 730 animi
1316 695 1483 731 devotione
1521 697 1823 743 quamiustissimam
1867 698 1927 732 sibi

1179 753 1369 792 proponant3
1392 746 1454 780 iam
1487 758 1573 780 nunc
1600 746 1685 781 omni
1712 753 1784 781 voto
1812 747 1931 782 conci-

1179 794 1299 841 pientes
1321 801 1351 829 et
1373 806 1410 829 ex
1432 795 1526 829 corde
1551 803 1740 836 statuentes,
1768 808 1808 831 ne
1838 804 1928 843 capta

1178 850 1256 878 terra
1278 844 1420 884 easdem,
1443 856 1521 890 quas
1547 844 1607 886 illi⁷
1635 845 1688 892 qui
1715 857 1801 880 nunc
1822 844 1926 881 Deum

1178 892 1368 938 ignorantes,
1390 905 1459 928 eam
1481 903 1648 940 occupant,
1671 894 1801 929 iniurias
1817 903 1928 930 saneto

1178 941 1271 977 Petro
1304 942 1429 977 saciant.
1463 942 1530 978 Hoc
1564 944 1647 978 enim
1676 944 1834 979 neminem
1870 956 1925 979 ve-

1177 999 1277 1025 strum
1306 991 1450 1038 ignorare
1480 993 1638 1034 volumus,
1672 993 1834 1040 quoniam,
1867 993 1927 1028 nisi

1177 1052 1276 1088 aequa
1304 1042 1446 1087 pactione
1483 1041 1681 1089 persolvendi
1722 1042 1800 1077 iuris
1827 1042 1927 1077 sancti

1177 1089 1281 1131 Petri,
1326 1090 1357 1125 in
1395 1103 1526 1137 regnum
1564 1091 1641 1126 illud
1677 1092 1929 1127 animadvertere

1177 1139 1360 1184 statueritis,
1383 1141 1489 1187 potius
1511 1140 1598 1175 vobis
1623 1141 1796 1188 apostolica
1818 1149 1928 1176 aucto-

1178 1189 1286 1232 ritate,
1323 1201 1362 1224 ne
1400 1189 1477 1224 illuc
1512 1189 1648 1224 tendatis
1680 1190 1924 1235 interdicendo,

1177 1246 1285 1273 contra
1321 1238 1469 1279 feremur,
1497 1251 1592 1286 quam
1620 1247 1726 1275 sancta
1749 1247 1779 1274 et
1801 1240 1930 1275 univer-

1177 1288 1251 1322 salis
1272 1288 1372 1323 Mater
1406 1288 1548 1323 Ecclesia
1580 1288 1664 1324 idem
1699 1301 1715 1324 3
1742 1288 1816 1324 {iliis
1850 1289 1929 1334 suis,

1177 1337 1261 1384 quod
1283 1337 1322 1372 31)
1345 1337 1488 1372 hostibus
1504 1338 1662 1385 patiendo,
1685 1350 1748 1373 non
1774 1339 1833 1373 iam
1858 1351 1931 1386 pro-

1178 1386 1321 1433 prietatis
1356 1399 1448 1431 suae,
1482 1387 1537 1422 sed
1572 1387 1709 1422 filiorum
1737 1388 1930 1423 detrimento

1178 1436 1347 1471 saucietur.
1370 1436 1586 1478 Quamobrem
1609 1437 1695 1471 hunc
1716 1436 1867 1472 dilectum
1892 1437 1930 1471 fi·
1952 1460 1979 1474 Μ

1178 1485 1255 1519 1111111
1297 1485 1464 1531 Hngonem
1500 1494 1530 1520 et
1563 1486 1754 1520 cardinalem
1794 1486 1931 1521 Sanctae

1177 1534 1339 1569 Romanae
1357 1535 1521 1570 Ecclesiae
1544 1535 1763 1582 presbyterum
1778 1535 1808 1569 in
1826 1544 1930 1582 partes

1178 1584 1246 1618 illas
1268 1584 1423 1625 misimus,
1446 1584 1477 1618 in
1500 1585 1593 1619 cuius
1614 1596 1668 1619 ore
1690 1592 1796 1620 nostra
1818 1585 1857 1619 ad
1876 1597 1932 1620 vos

1178 1633 1308 1667 consilia
1344 1642 1373 1668 et
1408 1634 1533 1668 decreta
1566 1633 1693 1681 plenius
1728 1635 1932 1681 apertiusque

1178 1682 1363 1725 differenda,
1390 1695 1426 1717 ac
1448 1683 1514 1718 vice
1536 1691 1642 1718 nostra
1659 1683 1858 1730 disponenda
1873 1695 1932 1730 po-

1178 1732 1312 1766 suimus.
1340 1731 1457 1767 Datum
1479 1732 1600 1767 Romae
1626 1733 1767 1767 secundo
1782 1732 1932 1768 kalendas

1180 1782 1265 1821 maii,
1294 1781 1464 1816 indictione
1488 1781 1666 1817 undecima.

1235 1838 1296 1868 Dat.
1317 1839 1364 1869 dic
1382 1839 1420 1868 30
1438 1839 1538 1877 aprilis
1557 1849 1633 1869 anno
1650 1839 1767 1870 Domini
1787 1839 1874 1876 1073,

1366 1879 1467 1918 pontif.
1487 1878 1619 1917 Gregorii
1637 1888 1713 1909 anno
1731 1888 1751 1909 1.

1536 2010 1574 2045 ll.

1180 2083 1404 2116 Monosterium
1438 2084 1652 2127 Andaqinense
1679 2084 1714 2117 S.
1742 2084 1873 2117 [luberti
1892 2084 1927 2116 in

1228 2133 1398 2165 Arduenna
1419 2133 1451 2165 iu
1474 2134 1597 2166 tutelam
1617 2133 1813 2177 Apostolicuc
1835 2134 1925 2166 Sedis

1227 2183 1407 2226 suscipitur,
1444 2183 1528 2226 cique
1561 2183 1641 2216 bona
1673 2183 1778 2215 omnia
1813 2182 1926 2227 confir-

1228 2237 1353 2264 mantur
1377 2232 1440 2273 (d).

1448 2301 1661 2332 SUMMARlUM

1180 2361 1346 2391 Exordium.
1363 2379 1402 2384 —-
1419 2362 1540 2392 Roman.
1558 2362 1732 2392 Pontificum
1752 2371 1815 2392 mos
1834 2362 1930 2392 susci-

1220 2402 1319 2440 piendi
1347 2403 1526 2432 monasteria
1554 2403 1584 2432 111
1612 2403 1823 2441 protectionem
1849 2402 1934 2432 Sedis

1220 2442 1320 2480 Apost.
1347 2459 1383 2462 —
1402 2442 1531 2477 Quorum
1561 2442 1694 2480 exemplo
1718 2442 1933 2471 monasterium

1221 2480 1428 2518 Andaginense
1441 2481 1495 2511 sub
1515 2481 1687 2511 defensione
1701 2481 1832 2510 eiusdem
1848 2480 1933 2511 Sedis

1222 2521 1282 2549 t'ore
1311 2521 1489 2550 declaratur.
1518 2538 1558 2543 —
1584 2520 1829 2560 Confirmatisquc
1846 2520 1934 2550 bouis

1218 2584 1256 2620 (t)
1278 2586 1305 2612 In
1333 2586 1398 2612 tlist.
1431 2589 1545 2612 monast.
1572 2585 1650 2612 liuius
1675 2585 1758 2612 edidit
1777 2585 1935 2614 Edmuudus

1183 2625 1301 2652 Martene
1320 2626 1406 2652 teter.
1425 2626 1520 2659 Script.
1539 2626 1641 2653 collect.
1664 2629 1728 2653 tom.
1746 2634 1785 2653 xv.

1947 242 1997 269 An.
2017 241 2046 269 C.
2063 241 2131 269 1073

1985 1427 2045 1452 nugo
2068 1427 2137 1447 cardi·
2162 1446 2167 1450 ,

1981 1454 2006 1474 tis
2027 1454 2049 1474 S.
2066 1453 2090 1474 R.
2111 1453 2135 1473 E.

1952 1480 2062 1508 pesbyter
2081 1481 2137 1510 tega-

1953 1513 2137 1555 st
