2180 3205
51 265 100 292 An.
120 262 148 290 C.
167 260 233 289 1¹24

882 250 1046 274 nosontus
1070 249 1091 273 ll
1118 249 1165 272 ΙῬ.

502 377 718 427 HONORlUS
753 376 780 424 ll

519 490 614 520 PAI‘A
638 490 750 520 Cant.

284 578 375 612 Anno
403 589 492 611 aerae
515 576 628 610 Christi
654 586 762 608 comm.
795 573 978 607 MCXXIV.

259 682 476 758 Lambertus,
504 716 602 764 patria
635 714 858 754 Bononiensis,
886 713 1012 761 episeo-

261 789 322 824 pus
345 775 547 816 Velitrensis‚
583 786 656 809 mox
686 773 856 816 Ostiensis,
892 772 1011 807 electus

259 842 306 869 est
330 841 361 869 et
377 841 546 869 coronatus
560 831 725 867 Romanus
739 829 886 865 Pontifex
901 829 952 863 die
965 831 1005 863 21

258 891 437 927 decembris
458 903 541 926 anno
566 892 660 924 1124
688 891 743 933 (1),
770 888 852 923 sedit
878 888 907 921 in
932 900 1011 935 pon-

259 950 378 986 tificatu
417 961 516 984 annos
545 960 577 992 ν,
614 959 755 982 mensem
787 958 904 987 uuum,

258 1021 320 1043 xxv
339 1009 397 1052 (2),
434 1006 663 1054 imperantibus
698 1005 729 1039 in
758 1003 888 1039 Oriente
916 1002 1011 1038 Calo-

258 1066 420 1109 Iohanne,
450 1064 481 1098 in
508 1063 683 1099 Occidente
711 1075 784 1098 vero
812 1062 948 1097 Henrico
970 1061 1011 1095 IV

259 1122 511 1171 imperatoribus.
538 1121 626 1156 Fecit
644 1121 860 1156 ordinationes
879 1120 910 1154 in
934 1120 1011 1154 urbe

259 1182 376 1229 plures,
399 1180 516 1228 quibus
538 1180 656 1214 creavit
677 1179 858 1226 complures
882 1178 1011 1226 presby-

262 1248 401 1276 terorum
424 1251 460 1273 ac
487 1237 706 1278 diaconorum,
731 1246 760 1272 et
787 1237 920 1272 aliorum
950 1236 1012 1270 mi-

264 1310 376 1333 norum
411 1296 570 1331 ordinum.
598 1295 743 1330 Laterani
775 1295 950 1329 infirmatus
972 1293 1010 1328 ad

264 1364 409 1396 mortem,
431 1355 469 1389 ad
491 1354 717 1389 monasterium
739 1353 845 1388 Sancti
877 1352 1011 1387 Andreae

264 1426 298 1449 se
320 1412 434 1448 deferri
450 1412 551 1456 iussit,
574 1412 680 1459 ibique
703 1412 732 1445 in
753 1423 828 1458 pace
845 1410 1011 1445 defunctus

265 1481 312 1507 est
335 1475 379 1516 (5)
406 1471 457 1506 die
487 1473 531 1504 14
562 1469 709 1504 februarii
740 1470 845 1509 1150,
867 1468 1011 1516 sepultus

262 1530 293 1565 in
315 1529 443 1565 basilica
466 1528 646 1575 Salvatoris.
680 1527 750 1563 Nou
773 1527 890 1562 vacavit
908 1526 1009 1561 sedes.

943 945 1012 980 dies

295 1634 335 1671 (1)
354 1635 382 1662 lu
399 1633 494 1660 Calixti
510 1634 533 1660 11
555 1633 609 1659 vita
634 1631 767 1664 diximus,
790 1639 897 1658 vacasse
923 1631 1012 1658 sedem

261 1683 322 1716 post
336 1680 393 1707 eius
409 1679 510 1706 obitum
530 1678 585 1705 dies
604 1686 663 1710 vni,
679 1677 763 1704 clausa
781 1677 868 1704 obitus
884 1677 939 1703 die:
959 1685 1011 1711 pu-

262 1729 348 1752 tamus
365 1724 435 1751 enim
451 1724 599 1751 Honorium
612 1723 725 1750 electum
745 1722 788 1749 die
805 1723 848 1753 20,
866 1722 911 1756 qui
928 1729 1011 1755 agno-

260 1777 338 1796 scens
353 1768 506 1796 electionem
515 1768 555 1795 sui
570 1769 657 1795 minus
668 1768 792 1794 canonice
804 1767 973 1801 processisse,
989 1765 1013 1792 in

265 1817 407 1848 conspectu
422 1813 533 1840 fratrum
553 1813 595 1849 (ut
610 1813 723 1840 habetur
743 1812 768 1838 in
784 1811 899 1846 quodam
920 1810 1014 1837 Codice

264 1857 387 1883 Vaticano
402 1865 417 1883 a
437 1857 550 1884 Baronio
566 1857 658 1891 relato)
670 1861 765 1891 sponte
782 1856 888 1882 mitram
899 1859 924 1881 et
936 1863 1013 1881 man—

263 1906 318 1928 tum
331 1901 458 1928 refutavit
475 1906 555 1936 atque
571 1902 704 1937 deposuit.
718 1901 822 1927 Fratres
836 1904 887 1926 tam
898 1900 1014 1934 episcopi

263 1953 343 1981 quarn
360 1945 508 1981 presbyteri
533 1950 559 1973 et
584 1946 686 1973 diaconi
712 1945 867 1976 cardinales,
895 1944 1016 1970 videntes

264 1991 346 2026 ipsius
363 1990 546 2022 humilitatem,
564 1991 755 2025 prospicientes
772 1990 796 2015 in
813 1994 961 2024 posterum,
985 1997 1016 2015 ne

264 2035 289 2062 in
310 2035 454 2062 Romanam
471 2035 613 2062 Ecclesiam
630 2035 743 2069 aliquam
761 2034 917 2060 inducerent
934 2033 1014 2059 novi-

265 2082 356 2112 tatem,
373 2079 444 2114 quod
475 2088 613 2115 perperam
637 2079 734 2106 factum
754 2079 849 2110 fuerat,
877 2078 902 2103 in
923 2077 1017 2104 melius

266 2123 459 2151 reformarunt:
476 2126 502 2149 et
528 2123 650 2149 eumdem
676 2122 763 2150 denuo
788 2123 959 2153 advocantes,
985 2121 1016 2148 ad

263 2167 321 2194 eius
338 2167 445 2201 vestigia
463 2167 644 2202 prociderunt,
658 2172 684 2194 et
701 2171 835 2202 tamqnam
853 2167 952 2193 Pastori
969 2174 1017 2192 suo

265 2215 292 2239 et
312 2212 454 2239 universali
473 2213 556 2248 Papae
572 2218 726 2240 consuetam
747 2212 921 2239 obedientiam
938 2212 1016 2237 exiii-

265 2257 392 2288 buerunt,
403 2257 475 2291 quod
487 2257 597 2283 fortasse
608 2257 777 2291 diesequenti
789 2256 913 2290 vigesima
925 2256 1018 2290 quinta

265 2300 414 2327 decembris
432 2300 530 2327 factum
545 2304 595 2327 est.

302 2354 341 2389 (⁶2)
361 2354 405 2381 Sic
421 2353 499 2380 habet
516 2353 644 2380 lohannes
660 2354 692 2380 de
708 2354 825 2379 Ceccano
837 2353 860 2379 in
878 2352 1018 2383 Chronico,

266 2401 293 2424 et,
321 2397 448 2424 annalista
468 2397 587 2423 abbatiae
603 2397 636 2424 de
652 2398 779 2431 Margan.,
802 2402 866 2423 tom.
896 2405 914 2422 ιι
937 2396 1018 2422 colle-

267 2441 362 2469 ctionis
375 2440 546 2468 Oxoniensis:
561 2440 586 2466 in
602 2444 697 2467 octavo
713 2444 800 2466 autem
817 2449 849 2466 ex
866 2440 1019 2474 catlialogis,

268 2486 379 2513 Criticae
394 2485 555 2512 Baronianae
575 2485 708 2520 praefixis,
726 2484 818 2518 legitur
837 2485 868 2510 Α.
888 2485 917 2510 V.
940 2485 974 2510 M.
997 2485 1019 2510 ll

269 2530 384 2557 rotundo
409 2530 518 2565 quidem
542 2532 682 2564 computo:
706 2529 803 2555 caeteri
821 2528 948 2563 cathalogi
969 2537 1021 2555 non

271 2574 405 2602 audiendi.

305 2626 345 2663 (ὅ)
355 2627 387 2654 Ut
400 2627 485 2663 inquit
495 2626 666 2663 Pandulphus
677 2627 787 2654 Pisanus
798 2626 823 2653 iu
836 2627 889 2653 vita
902 2627 1020 2654 Honorii.

1687 233 1756 266 549

1419 300 1444 336 I.

1059 381 1145 412 Bona
1178 379 1394 411 canonicorum
1430 378 1463 410 S.
1508 375 1655 408 vincentii
1685 375 1804 417 Berya—

1103 445 1193 470 mcn.,
1219 444 1348 476 quorum
1365 433 1523 475 collegium
1542 431 1596 462 sub
1615 430 1705 462 tutela
1717 428 1806 462 Sedis

1104 487 1296 531 Apostolicae
1322 486 1478 529 recipitur,
1500 485 1594 517 eidem
1617 484 1806 527 confirman-

1104 548 1164 577 tur,
1189 552 1257 572 cum
1279 540 1456 573 omnimoda
1479 540 1616 572 libertate
1640 547 1729 583 atque
1751 541 1805 572 im-

1103 595 1251 627 munitate
1278 595 1333 636 (t).

1322 665 1535 696 SUMMARIUM

1054 732 1221 763 Exordium.
1250 750 1289 756 —
1321 732 1535 762 Canonicorum
1566 732 1722 771 collegium
1748 733 1803 763 sub

1095 778 1122 808 S.
1146 777 1231 807 Sedis
1253 777 1341 807 tutela
1362 777 1519 816 recipitur:
1534 794 1573 799 —
1591 776 1727 816 Romaque
1743 788 1805 807 om—

1094 823 1140 851 nia
1161 823 1195 851 ad
1215 822 1286 851 illud
1305 822 1477 860 pertinentia
1498 822 1718 858 confirmantur,
1737 832 1803 851 cum

1093 867 1209 896 decreto
1233 867 1420 896 omnimodae
1443 866 1635 905 exemptionis
1657 866 1692 895 ab
1724 867 1804 896 omni

1092 911 1319 950 perturbatione.
1346 927 1386 933 ·-—
1412 910 1444 940 Et
1465 910 1542 949 quod
1566 910 1705 949 episcopo
1724 911 1802 940 nulla

1092 955 1258 985 iurisdictio
1277 955 1315 984 sit
1333 964 1421 994 super
1443 954 1548 984 iisdem
1569 954 1664 984 bonis.
1689 970 1729 976 —
1754 954 1805 984 So-

1094 999 1163 1029 litae
1186 999 1347 1029 clausulae.
1360 1015 1399 1020 —
1411 997 1531 1028 Ilonorii
1546 997 1599 1027 [¹1³.
1615 998 1804 1038 subscriptio.

1052 1069 1181 1098 Honorius
1200 1070 1339 1105 episcopus
1359 1075 1453 1097 servus
1472 1075 1610 1097 servorum
1629 1068 1683 1101 Dei.
1697 1069 1804 1098 dilectis

1096 1118 1161 1147 filiis
1191 1119 1298 1147 Alberto
1330 1118 1576 1154 archipresbytero.
1612 1119 1640 1147 et
1658 1117 1803 1152 fratribus.

1097 1169 1124 1196 in
1134 1168 1246 1197 matrice
1256 1167 1430 1203 Bergomensi
1443 1167 1558 1195 Ecclesia
1569 1167 1658 1196 sancti
1670 1168 1802 1196 Vincentii

1097 1217 1222 1245 canonice
1253 1216 1414 1249 viventibus,
1439 1223 1582 1252 eorumque
1606 1217 1804 1251 successoribus

1097 1267 1125 1294 in
1144 1267 1236 1295 eadem
1255 1266 1386 1301 religione
1398 1265 1579 1298 manentibus.
1593 1266 1621 1293 in
1633 1267 1803 1301 perpetuum.

1102 1333 1149 1369 Ad
1175 1333 1233 1368 linc
1261 1333 1289 1366 in
1306 1332 1506 1379 Apostolicae
1520 1331 1613 1366 Sedis
1636 1332 1803 1379 regimine,

1054 1382 1240 1430 disponente
1275 1382 1354 1422 Deo,
1377 1382 1512 1429 promoti
1544 1394 1667 1421 sumus,
1691 1390 1723 1416 ut
1745 1382 1804 1428 piis

1055 1433 1133 1467 votis
1159 1444 1321 1467 assensum
1358 1431 1525 1478 praebere,
1552 1442 1708 1478 auresque
1745 1443 1804 1466 no-

1053 1489 1133 1516 stras
1160 1481 1310 1516 inclinare
1340 1481 1428 1515 iustis
1458 1480 1662 1527 petitionibus
1689 1479 1804 1515 debea-

1054 1544 1141 1572 mus,
1159 1532 1231 1578 quia
1254 1531 1334 1565 sicut
1351 1530 1463 1564 iniusta
1479 1529 1684 1584 poscentibus
1699 1529 1804 1564 nullus

1054 1589 1101 1616 est
1137 1579 1326 1615 nibuendus
1352 1579 1492 1623 effectus,
1526 1579 1565 1613 ita
1601 1578 1739 1625 legitima
1774 1588 1805 1614 et

1055 1631 1132 1665 iusta
1175 1629 1401 1676 postulantium
1444 1641 1507 1663 non
1544 1636 1591 1663 est
1631 1628 1804 1663 differenda

1056 1680 1225 1734 possessio.
1254 1678 1323 1721 Qua
1361 1686 1487 1725 propter
1517 1678 1640 1718 vestris,
1678 1678 1707 1712 in
1738 1677 1807 1712 Do-

1056 1741 1142 1763 mino
1156 1729 1221 1769 filii,
1245 1727 1509 1775 postulationibus
1530 1727 1677 1762 clementi
1693 1727 1806 1774 pietate

1056 1779 1238 1818 annuimus,
1271 1785 1301 1812 et
1334 1777 1422 1811 Beati
1450 1776 1608 1811 Vincentii
1636 1777 1803 1811 ecclesiam

1056 1840 1116 1862 una
1140 1840 1212 1862 cum
1241 1835 1359 1862 vestrae
1381 1826 1636 1872 congregationis
1658 1826 1805 1872 collegio,

1056 1889 1092 1912 ac
1114 1877 1263 1912 omnibus
1285 1876 1321 1910 ad
1345 1876 1448 1923 ipsum
1477 1875 1723 1924 pertinentibus,
1747 1874 1806 1909 sub

1057 1926 1151 1961 tutela
1174 1925 1374 1973 Apostolicae
1400 1925 1493 1960 Sedis
1526 1925 1707 1971 recipimus.
1746 1924 1807 1958 Per

1059 1975 1351 2030 praesentis=igitur
1375 1974 1526 2022 privilegii
1558 1974 1701 2020 paginam
1725 1985 1808 2020 apo-

1057 2025 1165 2060 stolica
1206 2025 1390 2059 auctoritate
1425 2024 1607 2063 statuimus,
1643 2031 1675 2057 ut
1709 2035 1808 2069 quae-

1058 2087 1196 2122 cumque
1231 2074 1310 2108 bona
1338 2086 1393 2108 seu
1422 2073 1636 2119 possessiones
1659 2084 1675 2106 a
1697 2072 1809 2106 catho-

1060 2124 1128 2158 licis
1167 2122 1347 2170 episcopis,
1382 2122 1447 2156 site
1484 2121 1636 2168 religiosis
1679 2121 1808 2167 regibus

1059 2172 1219 2207 Ecclesiae
1260 2179 1379 2206 vestiae
1420 2170 1546 2210 tradita,
1591 2182 1734 2217 quaeque
1777 2183 1808 2204 ιιι

1062 2221 1307 2268 praesentiarum
1332 2221 1397 2254 inre
1417 2219 1568 2266 possidet,
1591 2228 1620 2253 et
1639 2231 1809 2266 quaecum-

1060 2283 1121 2317 que
1144 2271 1175 2304 in
1204 2270 1355 2309 futurum,
1378 2269 1530 2315 largiente
1552 2268 1702 2312 Domino,
1729 2269 1810 2303 iuste

1060 2327 1091 2354 et
1117 2319 1268 2354 canonice
1289 2318 1410 2365 'poterit
1442 2317 1573 2364 adipisci
1602 2317 1633 2351 in
1655 2318 1809 2358 ecclesiis,

1061 2369 1198 2415 oppidis,
1220 2367 1301 2402 villis
1324 2375 1354 2402 et
1372 2367 1514 2406 decimis,
1550 2367 1579 2400 in
1595 2366 1809 2401 nundinarum

1063 2418 1231 2457 reditibus,
1266 2417 1330 2451 sive
1360 2416 1427 2450 aliis
1461 2416 1568 2456 rebus,
1602 2425 1664 2450 tam
1703 2416 1811 2461 vobis,

1061 2480 1155 2513 quam
1191 2467 1300 2500 vestris
1341 2465 1581 2500 successoribus
1625 2465 1811 2511 regulariter

1063 2516 1248 2556 viventibus,
1271 2516 1358 2549 lirma
1381 2526 1506 2562 semper
1540 2523 1569 2549 et
1592 2516 1710 2561 integra
1733 2527 1813 2550 cou-

1098 2590 1136 2624 (1)
1153 2590 1191 2616 Ex
1217 2589 1408 2616 Chronicorum
1429 2588 1568 2615 Tabulario
1596 2588 1677 2616 edidit
1696 2588 1811 2623 Ughell„

1064 2630 1118 2656 ltal.
1142 2631 1211 2660 Satn,
1230 2635 1292 2655 tom.
1315 2637 1351 2661 iv,
1373 2628 1416 2654 ubi
1432 2629 1464 2654 de
1480 2629 1610 2664 episcopis
1622 2629 1775 2663 Bergomen.

1824 253 1873 279 Αιι.
1893 251 2006 279 &1¹25

1857 1356 1975 1376 Exordium.

1861 1703 2014 1723 canonicorum

1839 1730 1950 1754 collegium
1978 1728 2016 1748 sub

1833 1756 1855 1777 S.
1873 1756 1935 1776 Sedis
1952 1756 2015 1775 tutela

1832 1782 1944 1808 recipitur:

1862 2002 1961 2027 Bouaque
1976 2007 2018 2021 orn—

1833 2029 1852 2049 ui
1857 2035 1868 2048 a
1877 2028 1903 2048 ad
1912 2028 1962 2048 illud
1972 2034 2019 2053 per-

1834 2055 1923 2075 tinentia
1945 2055 2021 2074 confir·

1834 2088 1867 2102 ma
1870 2082 2020 2105 ntuncurnde-

1835 2111 1892 2128 creto
1919 2108 2019 2127 omnimo-

1835 2135 1874 2155 dae
1881 2134 2020 2160 exemptionis

1835 2162 1860 2181 ab
1873 2161 1928 2181 omui
1939 2163 2019 2186 pertur-

1835 2188 1931 2208 batione:
