2180 3205
20 257 69 285 An.
89 255 118 284 C.
136 254 203 283 ¹123

20 847 38 855 ⁷
83 846 200 868 &infit-mat

0 879 1 885 ¹
19 879 108 901 quoquo
134 875 200 895 dona-

20 904 88 922 vonoe
114 906 198 925 omnes,

19 931 73 954 quae
87 928 108 948 in
123 931 199 953 poste-

21 959 68 975 rum
81 953 128 974 eius
143 953 199 974 favo⁴

20 985 44 1002 re
56 980 102 1001 fleri
115 980 200 1001 contin-

20 1010 61 1034 ρι.

46 1699 152 1727 haunit,
172 1704 200 1734 ⁴ut

24 1725 108 1752 ublate·
118 1727 200 1749 Caum.

22 1754 201 1803 wwwzz

21 1785 201 1854 ‘’a-:affim-

47 2078 74 2101 ut
91 2080 200 2102 ehtmthe-

23 2104 62 2130 th.
86 2107 200 2129 animane:

24 2133 118 2178 ππζιιίιη
132 2137 200 2155 utan-

24 2323 202 2374 ..aenas

25 2376 124 2400 sufflatu:

871 257 1030 282 cauxrns
1053 257 1075 279 ΙΙ
1099 255 1146 279 ΡΡ.

1658 242 1729 276 545

226 314 351 351 stellam
391 313 610 361 Ripae-Ursae
623 341 632 359 ,
671 313 977 355 lllontem-Bollntn,
1025 311 1083 345 loci
1111 310 1203 344 suerit
1222 309 1381 352 invitatus,
1394 320 1452 343 nec
1471 307 1636 343 missarum
1650 307 1775 342 solem-

226 362 484 406 Petra-Fracitla,
509 365 539 398 in
562 364 698 399 Comitio
720 363 978 399 Vicum-Mrnm.

225 412 260 448 in
294 413 449 448 territorio
475 412 668 448 Carseolano
695 412 856 446 castellum
884 412 979 446 Auri-

225 461 348 505 culam,
388 461 546 505 l‘iretum,
579 461 977 499 Romam—incameratam,

224 509 510 546 Fossam-cecam:
535 512 565 546 in
595 511 707 545 Amulli
736 510 925 551 andicnm,
947 510 976 543 in

225 560 382 595 territorio
404 561 539 595 Troiano
562 559 778 595 Castillionetn
798 559 837 592 tle
858 559 977 593 Barou-

225 608 316 647 celto,
342 608 376 644 S.
404 609 533 650 Iustam,
556 609 660 644 villam
685 609 718 643 S.
743 607 875 650 Nic-olai,
897 620 977 654 qnae

223 656 265 693 de
291 657 466 693 Galliciano
492 659 621 697 dicitur;
656 659 685 691 in
715 666 820 691 monte
847 657 880 691 S.
909 659 978 692 An-

222 708 286 753 geli
303 706 482 754 Hospitale:
500 708 530 742 in
545 707 702 743 territorio
720 707 872 753 Capuano
884 707 976 749 Qual-

223 755 299 791 dum
331 756 370 792 dc
403 757 549 793 Liburia:
577 758 607 791 in
643 757 790 792 comitatu
821 756 975 791 Teanensi

224 813 350 841 curtem
365 806 398 841 S.
415 806 531 842 Felicis
552 819 622 842 cum
643 807 773 841 ecclesia
789 806 822 840 S.
841 806 974 853 lppoliti.

221 852 287 889 Per
316 857 491 902 praesentis
512 868 639 903 quoque
663 856 815 903 privilegii
832 857 974 901 paginam

223 903 399 951 apostolica
421 907 606 941 auctoritate
627 906 805 947 statuimus,
829 913 859 939 nt
878 918 976 952 quae-

223 964 365 1000 cumque
393 956 423 990 in
445 956 597 1003 praesenti
622 964 758 990 vestrum
784 955 973 989 coenobium

223 1001 303 1037 iuste
321 1005 473 1050 possidet,
494 1006 600 1040 sivein
618 1005 757 1039 futurum
771 1005 974 1039 concessione

223 1050 434 1097 Pontificum,
468 1054 654 1090 liberalitate
689 1054 886 1101 principum,
926 1054 973 1089 vel

223 1100 384 1138 oblatione
412 1103 551 1138 fidelium
587 1104 667 1139 iuste
696 1113 789 1150 atque
823 1103 973 1138 canonice

223 1151 340 1197 poterit
367 1152 511 1200 adipisci,
541 1153 628 1189 firma
651 1153 724 1192 tibi,
747 1153 872 1200 tuisque
901 1165 974 1187 suc-

222 1201 421 1244 cessoribus,
448 1210 477 1236 et
513 1203 627 1237 illibata
665 1211 879 1249 permaneant.
907 1202 974 1237 De-

222 1250 382 1285 ceruimus
400 1263 486 1297 ergo,
510 1260 542 1286 ut
564 1252 640 1286 nulli
664 1252 793 1286 omnino
809 1251 970 1286 hominum

222 1296 333 1339 liceat,
364 1300 446 1334 idem
480 1301 669 1335 coenobium
697 1310 813 1336 temere
848 1309 972 1347 pertur-

223 1346 316 1391 bare,
341 1357 394 1384 aut
415 1349 483 1384 eius
511 1351 727 1397 possessiones
755 1350 892 1387 auferre,
925 1350 971 1384 vel

221 1395 343 1432 ablatas
365 1399 512 1443 retinere,
533 1399 579 1433 vel
595 1399 709 1434 iniuste
723 1399 810 1433 datas
829 1399 895 1433 suis
909 1400 972 1433 usi-

222 1444 282 1480 bus
315 1447 496 1488 vendicare,
528 1448 685 1486 minuere,
714 1448 761 1483 vel
795 1448 971 1482 temerariis

223 1495 439 1531 vexationibus
465 1497 610 1542 fatigare;
638 1497 691 1532 sed
715 1498 819 1532 omnia
851 1497 970 1541 integra

222 1554 451 1580 conserventur
467 1558 589 1587 eorum,
613 1559 668 1593 pro
682 1559 816 1594 quorum
829 1546 972 1581 substen-

223 1593 340 1629 tatione
373 1603 404 1628 et
435 1595 664 1640 gubernatione
696 1608 845 1630 concessa
880 1603 970 1636 sunt,

223 1642 334 1678 usibus
369 1644 563 1679 omnimodis
590 1645 762 1692 profutura.
789 1645 969 1684 Praeterea,

222 1699 346 1738 patrum
373 1701 550 1728 nostrorum
578 1695 706 1740 vestigia
729 1694 969 1739 subsequentes,

222 1749 358 1776 vestrum
380 1742 568 1777 coenobium
591 1744 722 1778 caeteris
745 1756 798 1789 per
819 1742 970 1777 Occiden-

224 1797 286 1825 tem
301 1791 464 1826 coenobiis
477 1792 715 1838 praeferendum
739 1792 924 1831 asserimus;
941 1799 970 1826 et

221 1846 284 1873 tam
312 1847 353 1880 te,
380 1852 473 1888 quam
496 1853 695 1876 successores
726 1850 795 1876 tuos
824 1842 855 1875 in
885 1841 969 1875 omni

222 1896 377 1924 conventu
395 1889 615 1937 episcoporum
647 1903 701 1926 sen
726 1890 903 1938 principum
922 1903 971 1924 su-

222 1937 363 1984 periores
399 1939 546 1974 omnibus
579 1939 745 1975 abbatibus
778 1939 969 1979 consedere,

221 1994 316 2033 atque
339 1987 369 2022 in
392 1987 517 2023 iudiciis
540 1989 673 2036 priorem
697 1990 826 2024 caeteris
849 1989 896 2023 sni
919 2001 971 2023 or-

223 2034 308 2070 dinis
330 2036 413 2078 viris‚
435 2039 621 2072 sententiam
647 2038 785 2085 proferre
800 2039 969 2072 sancimus.

223 2083 324 2119 Usum
356 2086 448 2120 etiam
484 2099 708 2134 compagorum
741 2099 777 2122 ac
811 2087 969 2121 chirothe-

223 2145 290 2178 cae,
311 2133 492 2170 dalmaticae
514 2148 549 2170 ac
569 2137 677 2171 mitrae
705 2145 765 2170 tam
789 2136 856 2174 tibi,
876 2148 969 2181 quam

224 2184 464 2218 successoribus
486 2185 548 2219 tuis
570 2185 600 2219 in
633 2185 810 2232 praecipuis
833 2184 920 2218 festis
942 2192 971 2219 et

225 2231 338 2266 diebus
364 2232 532 2267 dominicis
553 2233 590 2268 ad
615 2234 736 2272 missas.
760 2246 815 2267 seu
842 2233 872 2267 in
890 2245 971 2267 con—

224 2293 314 2316 sessu
329 2281 452 2316 concilii
467 2282 646 2316 habendum
661 2282 875 2317 concedimus.
891 2282 972 2315 Sane

225 2337 288 2365 tam
311 2330 340 2364 in
365 2330 432 2375 ipso
454 2331 622 2365 venerabili
652 2331 855 2373 monasterio,
878 2343 971 2377 qnam

225 2379 298 2414 etin
320 2379 408 2414 cellis
429 2380 508 2419 eius,
530 2380 698 2414 cuiuslibet
724 2379 884 2414 Ecclesiae
903 2380 972 2425 epi-

225 2439 357 2474 scopum
397 2428 443 2463 vel
479 2428 672 2463 sacerdotem
705 2436 826 2475 praeter
851 2428 970 2462 Roma-

226 2489 302 2511 num
324 2476 510 2512 Pontificem
546 2477 695 2512 ditionem
718 2477 889 2524 quamlibet
920 2485 972 2511 aut

226 2527 533 2570 excommunicandi,
572 2535 625 2561 aut
659 2526 883 2569 interdicendi,
921 2534 973 2560 aut

226 2573 265 2609 ad
287 2576 440 2622 synodum
465 2575 652 2623 provocandi
682 2587 881 2622 praesumere
899 2587 973 2619 pro-

227 2622 387 2659 hibemus·
425 2625 463 2659 ita
496 2633 528 2660 ut
555 2625 612 2660 nisi
635 2625 674 2660 ab
696 2624 807 2659 abbate
830 2625 973 2672 prioreve

1025 361 1073 394 nia
1116 360 1188 393 inibi
1227 361 1340 393 audeat
1389 359 1564 399 celebrare-3
1618 358 1774 404 liceatque

1024 410 1122 454 ipsius
1145 409 1324 442 monasterii
1353 416 1382 442 et
1409 408 1558 442 cellarum
1581 407 1650 442 cius
1675 406 1774 441 fratri-

1023 459 1098 499 bus,
1126 457 1258 491 clericos
1292 457 1521 502 cuiuscumque
1552 456 1685 500 ordinis,
1716 467 1771 490 seu

1022 508 1114 541 laicos
1139 507 1177 540 de
1200 518 1401 553 quocumque
1423 507 1604 552 episcopatu
1627 506 1663 540 ad
1692 517 1772 540 con-

1021 556 1194 590 versionem
1228 556 1388 589 venientes
1422 555 1451 588 in
1482 557 1625 594 sanitate,
1653 555 1699 589 vel
1739 554 1769 588 in

1019 605 1216 651 aegritudine
1238 616 1308 639 cum
1335 604 1425 637 rebus
1452 605 1528 644 suis,
1556 604 1674 650 absque
1702 603 1771 650 epi-

1019 667 1186 700 scoporum
1216 655 1263 687 vel
1286 653 1453 687 cuiuslibet
1477 665 1628 699 personat*
1650 663 1771 687 contra-

1017 704 1155 738 dictione
1177 703 1348 748 suscipere,
1373 702 1432 736 nisi
1457 710 1530 736 tunc
1559 702 1639 736 idem
1662 701 1767 737 clerici

1018 765 1073 786 seu
1102 753 1168 787 laici
1185 765 1200 787 a
1217 752 1412 786 dioecesanis
1433 752 1592 798 episcopis
1608 763 1662 797 pro
1677 750 1769 786 certis

1019 802 1132 836 fuerint
1155 801 1419 836 excommunicati
1442 800 1646 841 criminibns3
1679 801 1769 835 liceat

1017 851 1135 898 absque
1157 850 1324 885 cuiuslibet
1348 850 1517 884 saecularis
1542 849 1588 883 vel
1617 850 1769 884 ccclesia-

1017 901 1112 934 sticae
1137 901 1296 947 potestatis
1320 898 1507 933 inhibitione
1529 899 1689 933 subiectos
1705 912 1768 934 mo-

1018 950 1141 984 nasterii
1171 950 1214 983 tui
1244 958 1304 983 tam
1330 947 1500 982 monachos
1533 960 1625 994 qnam
1649 950 1766 983 sancti-

1018 1000 1168 1034 moniales
1202 999 1355 1033 foeminas
1377 997 1532 1038 iudicare;
1556 998 1645 1031 liceat
1669 997 1767 1033 fratri-

1017 1048 1075 1083 bus
1098 1061 1153 1094 per
1178 1049 1283 1087 cellas,
1307 1047 1336 1080 in
1360 1046 1539 1081 civitatibus
1562 1048 1761 1091 constitutas,

1015 1098 1051 1131 ad
1081 1097 1185 1131 divina
1208 1097 1307 1131 officia
1335 1096 1519 1130 celebranda
1544 1096 1765 1142 quandocum-

1015 1160 1075 1192 que
1104 1147 1277 1187 voluerint,
1311 1145 1399 1190 signa
1434 1146 1578 1191 pulsare,
1612 1146 1762 1192 populum

1016 1195 1071 1230 Dei
1097 1205 1157 1230 tam
1181 1196 1209 1230 in
1240 1196 1343 1242 ipsum
1366 1194 1574 1237 coenobium,
1606 1206 1699 1241 quam
1733 1203 1764 1230 et

1016 1246 1045 1280 in
1068 1245 1162 1280 cellas
1189 1246 1255 1279 eius
1283 1244 1320 1278 ad
1339 1243 1396 1278 Dei
1420 1243 1550 1277 verbum
1570 1243 1762 1279 audiendum

1015 1295 1151 1340 ingredi,
1193 1294 1297 1327 nullus
1334 1293 1505 1338 episcopus
1539 1301 1670 1338 excepto
1707 1306 1763 1339 pro

1013 1344 1172 1378 communi
1214 1343 1308 1376 totius
1342 1342 1473 1376 civitatis
1506 1341 1550 1375 vel
1581 1342 1762 1386 parrochiae

1014 1393 1179 1427 interdicto
1203 1391 1376 1438 prohibeat;
1392 1390 1550 1432 Chrisma,
1569 1390 1683 1424 Oleum
1697 1403 1762 1426 san-

1013 1451 1110 1482 ctum,
1133 1442 1401 1475 consecrationem
1424 1439 1567 1473 altarium
1591 1441 1657 1474 sire
1681 1440 1764 1474 basi-

1013 1492 1155 1529 licarum,
1184 1489 1397 1524 ordinationes
1419 1488 1621 1529 clericorum,
1644 1501 1661 1523 a
1688 1501 1764 1535 qno-

1013 1552 1148 1586 cnmque
1186 1538 1374 1578 milueritis,
1413 1537 1567 1571 catholico
1603 1539 1763 1584 accipiatis

1013 1590 1174 1636 episcopo,
1197 1587 1387 1633 baptismum
1407 1598 1491 1629 vero,
1513 1595 1543 1620 et
1566 1586 1761 1621 infirmorum

1014 1639 1206 1672 visitationes
1228 1649 1284 1683 per
1297 1636 1428 1670 clericos
1450 1643 1570 1670 vestros
1585 1635 1614 1668 in
1639 1636 1764 1682 oppidis

1014 1688 1122 1722 vestris
1157 1698 1212 1720 seu
1244 1685 1325 1719 villis
1351 1685 1461 1731 agetis.
1490 1684 1536 1718 Ad
1573 1693 1760 1731 perpetuum

1011 1737 1104 1770 etiam
1124 1735 1295 1782 hospitium
1313 1734 1365 1767 tibi
1382 1734 1507 1780 tuisque
1524 1734 1762 1768 successoribus

1011 1785 1141 1820 Palladii
1170 1785 1278 1818 cellam
1307 1783 1522 1826 concedimus,
1550 1790 1583 1816 ut
1605 1782 1644 1817 de
1664 1792 1763 1818 vestra

1012 1835 1075 1869 illic
1097 1833 1351 1879 congregatione,
1382 1844 1475 1879 quem
1504 1832 1677 1872 volueritis,
1710 1844 1763 1867 or-

1012 1884 1139 1918 dinetis:
1168 1895 1261 1929 quem
1289 1882 1314 1916 si
1342 1881 1421 1916 forte
1448 1880 1592 1915 Romano
1616 1881 1761 1916 Pontifici

1012 1933 1043 1967 in
1066 1933 1209 1968 abbatem
1234 1942 1418 1977 promovere
1442 1930 1607 1977 placuerit,
1632 1931 1762 1965 omnino

1012 1990 1115 2017 tamen
1156 1990 1315 2027 tamquam
1355 1988 1474 2014 vestrae
1510 1980 1762 2025 congregationis

1013 2030 1201 2065 monachum
1225 2030 1286 2064 sub
1308 2037 1407 2063 vestra
1430 2029 1630 2063 decernimus
1652 2028 1763 2076 dispo-

1012 2081 1125 2114 sitione
1149 2080 1326 2125 persistere.
1355 2077 1502 2111 Reditum
1530 2089 1672 2124 qttoqne,
1708 2078 1761 2124 qui

1012 2129 1052 2163 ab
1082 2128 1266 2163 officialibus
1294 2127 1408 2161 nostris
1430 2126 1512 2172 apud
1540 2126 1683 2160 Hostiam
1715 2126 1761 2160 vel

1014 2178 1143 2212 Portum
1167 2177 1205 2211 de
1228 2176 1359 2210 navibus
1381 2175 1462 2221 exigi
1491 2175 1581 2218 solet,
1607 2176 1675 2209 navi
1705 2187 1764 2209 ve-

1013 2235 1106 2270 strae,
1129 2227 1152 2260 si
1180 2238 1240 2272 qua
1259 2238 1296 2259 co
1319 2225 1450 2263 venerit,
1474 2224 1658 2258 relaxamus.
1693 2224 1764 2258 Ob-

1014 2284 1108 2310 eunte
1127 2283 1167 2319 te,
1188 2286 1272 2308 nunc
1286 2275 1354 2308 eius
1366 2274 1424 2308 loci
1438 2273 1560 2313 abbate,
1577 2274 1621 2307 vel
1637 2281 1762 2307 tuorum

1014 2325 1154 2371 quolibet
1176 2335 1408 2365 successorum,
1433 2322 1538 2356 nullus
1561 2322 1600 2355 ibi
1624 2321 1763 2369 qualibet

1014 2373 1226 2420 subreptionis
1259 2373 1371 2406 astutia
1405 2383 1460 2405 seu
1499 2371 1644 2405 violentia
1672 2383 1763 2418 prae-

1016 2431 1158 2469 ponatur,
1182 2422 1240 2456 nisi
1261 2434 1354 2468 quem
1379 2421 1487 2455 fratres
1509 2421 1667 2454 communi
1685 2433 1763 2454 con-

1013 2484 1121 2514 sensu,
1155 2471 1199 2506 vel
1224 2470 1350 2505 fratrum
1376 2482 1446 2516 pars
1468 2469 1589 2503 consilii
1618 2470 1762 2514 sanioris,

1014 2521 1186 2556 secundnm
1204 2519 1259 2554 Dei
1280 2521 1423 2554 timorem
1442 2526 1472 2553 et
1499 2518 1577 2553 beati
1598 2518 1759 2553 Benedicti

1016 2570 1153 2616 regulam
1189 2569 1355 2614 elegerint,
1388 2581 1402 2603 a
1440 2567 1583 2602 Romano
1610 2567 1762 2603 Pontifice

1014 2619 1276 2663 consecrandum,
1304 2619 1383 2652 sicut
1417 2617 1446 2651 in
1474 2616 1600 2651 Domini
1630 2618 1761 2665 praede-

1795 241 1845 268 An.
1866 241 1893 269 C.
1913 243 1978 270 ¹¹23

1821 359 1846 379 Ut
1861 364 1978 384 quusi-um·

1794 390 1838 410 que
1845 387 1936 407 ‹tlt-ricus
1946 392 1980 406 su.

1794 418 1808 432 s·
1820 418 1878 437 ιμνΙε
1929 419 1978 439 pus.

1794 442 1837 458 >1112
1860 444 1908 460 stne
1931 445 1979 465 ept-

1794 467 1853 490 »wpl
1868 467 1977 487 contrani-

1794 495 1874 513 ctione:

1819 859 1873 880 ltern
1890 861 1908 880 el
1930 867 1978 882 mu-

1794 887 1882 911 nachns,
1897 891 1919 907 et
1930 893 1979 908 san.

1793 914 1978 935 stin-oritatesstbi

1793 940 1902 960 subiectas
1920 942 1979 962 tudi-

1792 971 1850 987 care:

1819 1697 1908 1717 Pattautt
1934 1697 1975 1717 cel-

1792 1724 1834 1743 lam
1862 1729 1975 1744 romanam

1792 1751 1814 1770 in
1851 1750 1974 1775 tio-pnium

1791 1777 1824 1798 eis
1837 1778 1943 1797 cunct-dit.

1817 2226 1906 2246 Abbatts
1933 2225 1975 2246 ele-

1789 2252 1886 2272 ctionem
1900 2253 1925 2272 ad
1941 2258 1976 2273 so-

1789 2278 1822 2298 los
1857 2281 1976 2300 monachos

1790 2309 1888 2335 spectare
1903 2306 1976 2326 decer-

1789 2335 1828 2351 nit.

1816 2512 1841 2532 Et
1854 2517 1972 2532 consecra-

1790 2539 1874 2559 tionem
1888 2540 1914 2558 ad
1929 2539 1974 2558 Bo-

1789 2570 1879 2586 manum
1895 2565 1972 2585 Ponti-

1788 2592 1860 2613 ficem.
