2180 3205
186 328 235 353 An.
255 325 272 352 C
302 324 368 352 1¹02

215 415 296 436 Solitas
312 414 358 435 clau

184 443 236 464 nul».

201 908 312 929 Panchatts
326 907 366 928 PP.

182 934 316 961 subscriptio.

218 2098 338 2120 Exordium.

445 309 515 342 22ss

396 381 461 408 tum
484 381 542 413 est,
566 371 797 419 possessionem
821 370 985 405 occasione
1005 372 1141 418 qualibet

396 431 615 456 transmutare.
638 421 671 455 Si
690 422 761 467 quis
780 433 850 455 vero
874 421 964 455 aliter
985 433 1143 467 praesum-

396 471 506 518 pserit,
530 470 730 517 Apostolicae
756 469 849 504 Sedis
871 470 1143 504 animadversione

396 522 583 558 mulctetur,
624 528 654 553 et
693 532 792 566 usque
826 519 863 554 ad
898 519 1141 554 satisfaoiionem

394 581 565 615 congruam
611 569 929 603 excommunicationi
971 568 1141 603 subiaceat.

394 617 528 652 Cunctis
561 626 665 652 autem
694 618 796 652 eidem
824 617 893 652 loco
921 618 999 652 iusta
1023 630 1143 652 serran-

395 667 478 701 tibus¹
500 667 539 701 sit
565 679 624 714 pax
645 666 773 701 Domini
803 667 899 702 nostri
921 666 989 701 Iesu
1012 666 1143 709 Christi,

394 718 544 771 quatinus
575 725 606 751 et
631 716 682 751 hic
709 716 844 751 fructum
881 716 980 750 bonae
1013 716 1144 750 actionis

395 766 587 820 percipiant,
621 774 652 799 et
679 765 761 812 apud
797 766 973 800 districtum
1002 765 1142 799 Iudicem

395 816 532 861 praemia
557 823 702 849 aeternae
726 815 813 862 pacis
836 815 1005 850 inveniant.
1030 815 1143 854 Amen,

394 875 499 908 amen,
526 876 630 898 amen.

444 913 516 948 Eoo
556 913 738 947 pascimus
773 912 944 947 catholicae
982 912 1144 947 Ecclesiae

394 963 564 1010 episcopus
591 963 776 1008 subscripsi.

445 1011 559 1046 Datum
584 1012 727 1046 Laterani
758 1024 813 1057 per
845 1023 972 1045 manum
995 1010 1145 1044 lobannis

394 1069 521 1095 sanctae
542 1060 705 1095 Romanae
733 1060 892 1094 Ecclesiae
921 1059 1044 1094 diaconi
1077 1071 1146 1093 car-

395 1109 522 1150 dinalis,
544 1122 589 1144 xv
613 1110 672 1144 kal.
696 1109 885 1149 deefflnbrn,
915 1108 1087 1142 indictione
1115 1120 1145 1151 x

395 1170 479 1193 anno
501 1159 675 1193 dominicae
699 1157 934 1197 incarnationis,
957 1169 1028 1191 Μιῑιι
1051 1159 1105 1199 (l).

413 1215 475 1245 Dat.
495 1216 540 1246 dle
560 1216 595 1245 17
615 1215 783 1245 novembris
803 1223 878 1244 anno
898 1213 1012 1244 Domini
1040 1213 1126 1250 1102,

647 1254 748 1294 pontis.
767 1264 843 1284 aimo
862 1262 897 1283 iv.

730 1385 814 1421 XVI.

402 1464 603 1508 Confirmatio
625 1463 774 1496 bonorum
801 1462 939 1495 omnium
957 1462 999 1494 acl
1011 1468 1148 1494 sanctam

438 1514 623 1547 Fesulanam
645 1512 812 1545 Ecclesiam
825 1512 1022 1555 spectantium
1047 1510 1107 1552 (2).

668 1583 881 1614 SUMMARIUM

399 1647 567 1677 Exordium.
585 1662 625 1668 —
639 1645 715 1674 Bona
740 1645 775 1674 ad
794 1644 968 1674 Fesulanam
985 1644 1147 1674 Ecclesiam

437 1690 598 1729 spectantia
621 1690 841 1719 confirmantur.
869 1705 908 1710 —
938 1688 1008 1718 Cum
1032 1689 1149 1718 decreto

437 1739 595 1774 perpetuae
621 1734 825 1763 immunitatis.
843 1750 883 1755 —
902 1733 1009 1763 Solitae
1033 1733 1150 1762 clausu·

438 1779 493 1809 lae.
515 1796 554 1801 —
572 1779 722 1808 paschalis
748 1778 800 1808 PP.
819 1784 847 1808 et
869 1783 995 1817 quatuor
1016 1779 1151 1808 cardina-

439 1824 510 1853 lium
529 1823 557 1853 S.
577 1823 609 1852 R.
632 1823 661 1852 E.
685 1823 929 1862 subscriptiones.

399 1886 535 1914 Paschalis
555 1885 695 1920 episcopus
709 1892 804 1913 servus
824 1892 963 1913 servorum
978 1885 1033 1918 Dei,
1054 1885 1151 1912 dilecto

442 1934 528 1963 fratri
548 1935 640 1963 loanni
659 1934 787 1962 fesulano
810 1935 943 1970 episcopo,
964 1934 1073 1969 eiusque
1093 1940 1150 1961 suc-

444 1984 596 2012 cessoribus
614 1983 740 2011 canonice
772 1984 970 2019 promovendis,
998 1983 1026 2010 in
1057 1989 1151 2018 perpe·

444 2035 531 2061 tunm.

449 2090 543 2125 lustis
566 2090 644 2125 votis
670 2102 833 2125 assensum
862 2090 1023 2137 praebere,
1052 2089 1154 2123 iustis-

402 2152 464 2187 que
487 2139 692 2186 petitionibus
717 2151 808 2173 aures
835 2139 1074 2173 accommodare
1097 2150 1154 2172 nos

403 2190 560 2231 convenit⁷
581 2189 646 2234 qui,
670 2188 742 2222 licet
764 2188 897 2233 indigni,
932 2188 1068 2221 institiae
1097 2200 1153 2221 cu-

403 2238 508 2272 stodes
542 2245 636 2291 atque
669 2249 839 2291 praccoms
866 2237 895 2270 in
925 2237 1056 2270 ecclesii
1084 2248 1156 2282 apo-

403 2287 556 2321 stolorum
581 2286 756 2333 principum
771 2285 854 2320 Petri
872 2294 902 2320 et
922 2285 1009 2319 Pauli
1026 2286 1154 2331 specula

404 2336 511 2381 positi,
522 2334 866 2381 Dominodispoueute,
874 2334 1130 2381 conspicimus&
1113 2338 1153 2377 ').

403 2385 480 2419 Tuis
503 2384 614 2430 igitur,
648 2383 742 2418 frater
764 2384 794 2417 in
823 2383 950 2418 Christo
972 2383 1156 2417 charissime

404 2433 555 2473 loannes,
595 2433 684 2467 iustis
720 2433 921 2479 petitionibus
960 2439 1155 2475 annuentes,

442 2495 480 2528 (t)
502 2494 598 2520 Adiicit
608 2493 713 2520 Gattula
729 2493 821 2520 adesse
835 2493 948 2527 sigillum
961 2492 1113 2527 plumbeum
1125 2500 1157 2518 cx

407 2534 515 2560 cordula
536 2534 663 2568 pendens,
684 2533 754 2567 qnod
782 2540 829 2559 nos
858 2533 915 2558 eius
940 2532 1010 2557 ducti
1036 2531 1158 2564 exemplo

407 2574 562 2604 omittimus,
580 2573 714 2607 exemplar
735 2572 820 2598 daturi
838 2572 902 2598 infra
924 2571 1093 2597 diversorum
1122 2570 1158 2595 si-

406 2613 537 2647 gillorum,
551 2612 647 2645 quibus
658 2620 721 2638 usus
732 2616 771 2638 est
783 2611 913 2637 Pasclialis
928 2611 1004 2644 Papa.

407 2652 445 2677 uit
462 2651 561 2684 Ugbell.
582 2651 636 2676 ital.
654 2651 712 2677 Sae.
732 2654 794 2677 tom.
818 2659 856 2677 ιιι.
900 2650 939 2684 (5)
961 2650 1081 2676 Fortasse
1098 2657 1159 2674 con-

407 2690 544 2719 spat-nnus.
584 2686 628 2718 (li.
646 2686 690 2719 T.)

1045 2610 1083 2643 (ΕΞ)
1098 2608 1160 2634 Eui-

992 316 1072 341 BUYAE
1078 316 1090 338 »ἱ
1097 316 1179 339 nim!
1201 315 1363 338 nmmum!

1183 379 1322 404 sanctam
1358 369 1544 404 Fesulanam
1572 369 1765 411 Ecclesiam,
1793 371 1843 406 cui
1875 383 1932 406 au-

1184 428 1269 454 ctore
1291 419 1358 454 Deo
1394 419 1574 466 praesides,
1609 421 1807 466 Apostolicae
1839 420 1933 455 Sedis

1184 470 1367 503 auctoritate
1400 469 1578 510 munimus;
1615 469 1670 503 tibi
1701 470 1783 504 enim
1807 472 1933 516 tuisque

1186 518 1333 564 legitimis
1355 519 1588 552 successoribus
1609 519 1843 558 confirmamus,
1866 520 1934 565 epi-

1185 567 1301 612 scopali
1329 575 1359 601 et
1396 567 1574 601 dominicali
1608 567 1674 602 iure
1708 567 1932 614 possidendam

1184 628 1287 651 arcem
1310 624 1342 650 et
1373 616 1528 650 civitatem
1555 615 1744 651 Fesulanam
1771 628 1844 651 cum
1880 629 1934 652 ec-

1185 665 1300 708 clesiis,
1322 673 1352 700 et
1373 665 1526 701 curtibus.
1550 673 1579 698 et
1592 666 1682 699 terris
1704 665 1931 700 adiacentibus:

1185 715 1330 748 similiter
1351 722 1488 748 castrum
1511 713 1626 748 Montis
1644 714 1750 754 Lauri,
1773 724 1803 749 et
1817 714 1934 749 Montis

1187 763 1293 808 Regis,
1317 763 1486 803 Bolanum,
1513 772 1543 797 et
1564 771 1683 798 curtem
1706 763 1789 803 Sala,
1817 772 1847 798 et
1873 763 1935 798 Fe-

1186 813 1344 855 stilanum,
1367 821 1396 846 et
1420 812 1547 847 Pratum
1574 812 1684 859 Regis,
1710 813 1874 847 ecclesiam
1898 812 1932 847 S.

1186 862 1301 896 Mariae
1324 863 1353 896 in
1377 862 1502 897 Urbana
1529 874 1600 896 cum
1628 871 1717 896 curte
1743 871 1772 896 et
1802 862 1934 896 Libiano

1186 920 1214 945 et
1230 911 1396 954 BivilianQ
1424 920 1453 944 et
1476 919 1611 945 castrum
1634 911 1717 957 quod
1734 910 1934 945 aedificatum

1187 968 1233 994 est
1255 960 1285 993 in
1305 960 1484 1005 supradicto
1513 960 1677 1006 episcopio
1700 961 1784 994 iuxta
1803 960 1935 994 fluvium

1186 1008 1335 1043 Faltonae
1358 1021 1430 1043 cum
1453 1017 1540 1043 curte
1557 1008 1783 1051 Rive-Fei-ioti,
1805 1018 1834 1043 et
1858 1008 1936 1043 Put-

1187 1059 1282 1101 canti,
1303 1066 1439 1092 castrum
1459 1056 1571 1098 Cisilo,
1593 1066 1622 1092 et
1644 1066 1764 1092 curtem
1780 1058 1810 1092 in
1828 1057 1936 1092 Monte

1188 1106 1301 1147 Acuto,
1323 1115 1354 1141 et
1381 1108 1410 1140 in
1437 1106 1625 1152 Arupiniana
1653 1106 1801 1141 Montana
1823 1106 1933 1142 Sancti

1187 1154 1356 1190 Gaudentii
1383 1167 1455 1190 cum
1478 1154 1601 1201 alpibi.s
1623 1164 1652 1189 et
1675 1156 1874 1210 pertinentiis
1886 1168 1937 1191 eo·

1188 1217 1270 1245 rum,
1297 1205 1379 1238 sicut
1393 1217 1431 1239 ex
1445 1205 1526 1250 regis
1546 1216 1642 1238 conci
1645 1216 1751 1239 ssione
1772 1204 1936 1240 Ecclesiae

1190 1262 1259 1288 tuae
1280 1253 1389 1288 collata
1406 1262 1498 1288 sunt:
1527 1260 1662 1288 castrum
1687 1255 1788 1300 Agne‚
1816 1262 1936 1288 curtem

1188 1302 1372 1342 Turricbae,
1387 1311 1416 1337 et
1430 1302 1626 1346 Castillione,
1642 1311 1672 1337 et
1688 1311 1807 1349 partem
1823 1302 1937 1338 Montis

1190 1351 1336 1392 Boutilli,
1358 1360 1389 1386 et
1413 1360 1529 1398 partem
1552 1352 1643 1386 castri
1667 1351 1804 1392 Rufiani,
1827 1364 1938 1387 mona-

1189 1402 1316 1435 sterinm
1340 1401 1373 1435 S
1397 1401 1566 1435 Salvatoiis
1581 1401 1676 1435 situm
1701 1401 1731 1435 in
1754 1401 1938 1447 episcopatu

1189 1450 1370 1484 pistoriensi
1392 1463 1464 1484 cum
1487 1449 1629 1484 ecclesiis
1652 1458 1681 1485 et
1702 1446 1845 1485 curtibus
1876 1450 1936 1484 sibi

1191 1499 1429 1546 pertinentibus,
1465 1499 1691 1533 monasterium
1723 1499 1830 1534 Sancti
1858 1499 1939 1533 Bar-

1189 1548 1375 1589 tholomaei,
1402 1548 1626 1582 monasterium
1653 1548 1761 1583 Sancti
1793 1547 1936 1589 Martini,

1191 1598 1412 1632 monasterium
1440 1597 1547 1632 Sancti
1569 1596 1740 1631 Gaudentii
1763 1609 1834 1631 cum
1866 1609 1938 1643 per-

1191 1647 1330 1681 tinentiis
1353 1658 1476 1686 eorum,
1504 1654 1533 1680 et
1556 1646 1781 1692 patrimonium
1802 1646 1937 1680 tiliorum
1959 1674 1964 1678 .

1192 1695 1363 1736 Bennonis,
1390 1703 1420 1730 et
1441 1703 1577 1730 castrum
1599 1695 1683 1741 quod
1708 1703 1837 1729 vocatur
1859 1693 1947 1729 Flu-⁷

1191 1757 1274 1785 men⁷
1298 1753 1327 1778 et
1348 1744 1431 1791 quod
1460 1745 1525 1778 iure
1552 1744 1751 1790 supradictae
1778 1743 1938 1778 Ecclesiae

1192 1794 1222 1827 in
1246 1794 1400 1827 territorio
1420 1793 1545 1827 Macelli
1569 1793 1711 1827 detinent
1733 1793 1785 1827 lilii
1806 1792 1938 1838 Ugonis,

1194 1842 1245 1876 lilii
1270 1842 1454 1886 Rumberti‚
1488 1851 1517 1876 et
1544 1841 1627 1876 Azzo
1654 1842 1738 1877 tilius
1764 1841 1882 1882 Albim,
1909 1850 1940 1876 et

1194 1891 1277 1925 iilius
1299 1891 1398 1925 Azoni
1431 1891 1469 1925 (le
1496 1890 1717 1930 Castanicula,
1752 1899 1782 1925 et
1805 1890 1941 1937 Longo-

1194 1940 1279 1974 banli
1302 1940 1340 1974 de
1375 1940 1572 1982 Molezzano‚
1600 1947 1630 1974 et
1668 1940 1722 1973 lilii
1751 1939 1872 1986 Ugonis
1903 1940 1942 1974 de

1193 1989 1316 2032 Casola,
1330 1997 1357 2023 et
1373 1989 1571 2035 Longobartli
1591 1988 1629 2022 de
1647 1988 1802 2029 Ferliano,
1819 1997 1848 2022 et
1862 1988 1942 2022 Lon·

1193 2038 1321 2084 gobarili
1339 2038 1376 2072 de
1387 2038 1504 2072 Sancto
1518 2038 1633 2072 Ioanne
1650 2037 1782 2081 Maiore,
1799 2039 1843 2071 vel
1857 2038 1944 2084 quic-

1194 2087 1268 2132 quid
1298 2087 1327 2120 in
1352 2087 1509 2133 praedicto
1539 2087 1692 2121 territorio
1720 2087 1797 2121 iuris
1823 2095 1943 2121 vestrae

1195 2135 1355 2170 Ecclesiae
1387 2136 1500 2182 aliquis
1533 2136 1697 2170 bominum
1725 2136 1865 2170 detinere
1894 2135 1942 2169 vi-

1195 2184 1296 2224 detur,
1325 2193 1353 2219 et
1388 2185 1537 2231 quicquid
1572 2183 1642 2230 Ugo
1677 2184 1760 2219 lilius
1796 2184 1943 2232 Βιι)ιιθιίἰ

1196 2233 1281 2267 dedit
1305 2233 1458 2279 praefatae
1486 2233 1647 2268 Ecclesiae
1679 2234 1708 2267 in
1736 2233 1945 2278 Ampffliana,

1196 2291 1225 2316 et
1249 2282 1279 2316 in
1302 2282 1408 2317 Monte
1435 2283 1549 2325 Acuto,
1571 2290 1601 2316 et
1629 2282 1660 2316 in
1683 2282 1751 2316 Ren
1774 2282 1946 2328 Mangmra,

1197 2331 1365 2374 Politiano,
1380 2340 1409 2365 et
1424 2332 1621 2366 medietatem
1638 2330 1797 2366 Ecclesiae
1807 2340 1836 2365 et
1850 2331 1946 2365 curtis

1199 2380 1228 2413 in
1266 2380 1333 2414 loco
1359 2380 1554 2421 Quaraelae.
1582 2387 1612 2414 et
1642 2388 1761 2414 curtem
1796 2380 1946 2414 Marinae.

1199 2428 1362 2463 Praeterea
1402 2429 1524 2474 plebem
1558 2429 1591 2463 S.
1630 2428 1757 2463 Ioannis
1793 2429 1884 2462 sitam
1916 2428 1948 2462 in

1198 2477 1304 2511 Monte
1327 2477 1449 2521 Lauro,
1484 2478 1605 2524 plebem
1639 2477 1672 2512 S.
1701 2477 1825 2517 Babilli,
1853 2486 1882 2511 et
1913 2476 1948 2511 S.

1199 2526 1308 2565 Ditati,
1346 2526 1468 2573 plebem
1497 2527 1529 2561 S.
1565 2527 1717 2566 Leonini,
1755 2526 1877 2572 plebem
1913 2525 1948 2560 S.

1201 2575 1325 2614 Mariae,
1349 2576 1469 2620 plebem
1497 2575 1605 2609 Sancti
1633 2574 1798 2621 Stephani,
1827 2575 1950 2620 plebem

1200 2622 1233 2656 S.
1268 2623 1435 2658 Ierusalem
1464 2624 1553 2657 sitam
1582 2624 1612 2657 in
1644 2623 1796 2667 pomino,
1827 2623 1950 2669 plebem

1201 2671 1233 2705 S.
1266 2672 1432 2707 Ierusalem
1462 2673 1551 2708 sitam
1581 2672 1611 2707 in
1642 2671 1790 2719 Glaeet0‚
1825 2672 1950 2720 plebet‘*

1955 304 2003 330 Αη.
2026 303 2052 330 C.
2068 302 2137 330 1103

1955 365 1970 387 B
1987 372 2013 386 na
2033 365 2059 386 ad
2074 364 2138 386 resu-
2166 371 2173 390 ι

1956 394 2023 413 tanam
2063 391 2139 413 Ecule-

1957 420 2007 439 «ιιηιι
2022 418 2139 444 specularia

1957 445 2110 466 confirmantur.
2163 451 2169 475 ιῚ
