2180 3205
172 254 220 279 An.
242 252 269 279 ⁴1.
290 251 356 278 1123

204 543 328 564 Exordium.

191 705 357 727 consumamur

173 735 287 760 prixitcgia
310 740 358 754 nni-

174 762 208 780 μὴ
233 767 242 779 :i
269 761 356 781 Bautis⁴

172 788 267 812 aiu-inp.
284 793 357 806 nnana-

173 818 199 833 sn
209 820 240 834 rio
248 820 357 834 concessu.

201 1399 264 1425 Quod
281 1404 361 1419 mona—

174 1426 266 1447 sterium
281 1426 308 1445 ab
327 1431 360 1446 ar-

195 1453 340 1477 chwprseopis

174 1479 307 1499 Barensibm
321 1484 360 1499 ex-

176 1506 345 1529 communicari,

174 1537 208 1551 vti
231 1533 274 1552 ano
296 1533 361 1552 modo

174 1559 287 1579 molestari
315 1564 359 1579 non

175 1589 254 1611 possin

203 1780 266 1806 Quod
278 1781 362 1805 episco-

176 1812 218 1832 pus
233 1808 300 1827 sacris
320 1808 362 1827 ini-

177 1834 197 1854 bi
213 1834 298 1858 operari
323 1840 361 1854 ne-

176 1864 242 1885 queat
257 1866 304 1880 sine
319 1861 362 1880 ab-

177 1887 234 1907 batis
243 1892 362 1912 cousensu3

219 2018 281 2043 Quod
297 2020 363 2041 abhas

178 2051 220 2077 nnn
228 2047 363 2071 eligatur-ni-

179 2077 196 2093 si
211 2078 223 2092 a
238 2074 363 2099 monachis;

432 226 501 259 5⁷40

380 295 505 323 calixtus
524 294 664 328 episcopus
685 297 779 319 servus
798 296 936 318 servorum
963 289 1018 321 Dei,
1038 288 1135 316 dilecto

424 340 479 367 filio
497 338 562 366 Melo
574 337 666 364 abbati
680 335 843 364 venerabilis
869 333 1042 365 monasterii.
1068 333 1136 368 quud

426 384 546 412 omnium
565 382 722 409 sanctorum
753 380 862 412 dicitur,
888 379 916 406 in
943 379 1000 422 ¹⁰9⁰
1023 378 1084 406 cuti
1107 378 1136 405 in

425 427 536 456 Barensi
551 426 688 458 suburbio,
709 425 818 460 eiusque
834 423 1032 452 successoribus
1055 429 1134 457 regu·

426 473 525 501 latitet
545 470 753 502 substituendis.
777 469 805 497 in
822 469 990 504 perpetuum.

431 543 521 578 Sicut
557 541 672 576 iniusta
708 539 912 587 poscentibus
948 538 1055 572 nullus
1087 544 1135 572 est

383 591 571 627 tribuendus
597 590 739 631 effectus,
771 589 817 624 sic
840 588 981 635 legitima
1003 586 1135 621 deside-

382 642 518 676 rantium
535 653 597 675 non
614 648 661 674 est
676 638 849 673 differenda
873 637 991 683 petitio.
1019 636 1136 678 Quam-

383 691 504 729 obrem,
527 690 639 724 dilecte
663 689 694 723 in
720 688 846 723 Christo
869 686 911 720 fili
933 686 1013 720 Mele
1027 685 1133 723 abbas,

383 741 535 774 Omnium
571 739 758 773 Sanctorum
799 735 1022 771 monasterium
1037 762 1045 775 ,
1083 734 1132 768 cui

384 790 451 824 Deo
479 796 604 823 auctore
627 787 798 835 praesides,
821 785 1022 832 Apostolicae
1042 783 1134 818 Sedis

384 839 568 873 auctoritate
605 837 787 877 munimus3
827 846 938 869 omnes
977 832 1160 879 siquidem¹

383 888 498 935 quietis
543 895 573 921 et
604 886 756 920 libertatis
791 884 1008 931 provisiones,
1057 894 1135 928 quas

386 938 486 972 bonae
508 935 734 970 recordationis
762 933 864 967 Ursus
890 941 920 967 et
949 930 1046 974 Elias,
1074 930 1134 964 Ba-

386 987 486 1021 rensis
512 985 672 1020 Ecclesiae
692 982 864 1030 praesules,
891 981 992 1015 eidem
1023 991 1135 1014 mona-

384 1037 480 1070 sterio
514 1034 726 1076 contulerant,
760 1040 791 1066 et
821 1031 969 1065 dominus
1005 1028 1135 1074 praede—

384 1097 491 1120 cessor
512 1091 618 1118 noster
638 1090 764 1117 sanctae
787 1080 956 1114 memoriae
971 1078 1134 1112 paschalis

384 1134 469 1180 Papa
506 1132 656 1172 firmavit,
704 1143 761 1165 nos
795 1141 923 1176 quoque
962 1128 1135 1175 praesentis

385 1183 493 1230 scripti
522 1182 634 1228 pagina
661 1180 896 1216 confirmamus,
929 1185 963 1211 ut
991 1176 1134 1211 videlicet

385 1233 474 1267 locus
498 1232 565 1278 ipse
587 1242 657 1265 cum
688 1229 782 1264 rebus
808 1226 972 1266 omnibus,
995 1225 1032 1260 ad
1061 1238 1132 1260 eum

387 1282 467 1316 inste
483 1279 724 1328 pertinentibus,
746 1290 762 1312 a
782 1277 920 1311 dominio
943 1275 987 1309 vel
1004 1287 1135 1322 oppres-

386 1331 475 1365 sione
491 1329 660 1365 cuiuslibet
687 1326 825 1362 hominis
846 1326 924 1360 liber
942 1324 1052 1359 debeat
1071 1336 1133 1370 per-

386 1392 529 1414 manere:
570 1391 627 1413 nec
666 1377 749 1412 ullus
788 1375 948 1409 Ecclesiae
986 1373 1135 1408 Barensis

385 1431 527 1472 antistes,
561 1436 614 1462 aut
640 1427 738 1466 alius,
764 1424 849 1472 qnod
872 1424 966 1462 absit,
999 1431 1135 1472 temera—

385 1479 469 1519 rius,
504 1477 618 1512 audeat
643 1476 744 1511 eidem
774 1473 929 1509 coenobio
951 1484 1135 1507 excommn-

388 1528 577 1562 uicationem
611 1525 742 1560 inferre:
778 1534 881 1569 neque
915 1521 1057 1568 personis
1083 1528 1135 1555 aut

387 1577 482 1611 rebus
503 1576 583 1615 eius,
616 1575 720 1621 aliquo
747 1573 822 1612 citra
850 1571 996 1605 iustitiam
1020 1569 1134 1610 modo,

387 1625 561 1660 molestiam
601 1632 654 1658 aut
697 1622 941 1657 controversiam
982 1620 1133 1664 irrogare:

386 1675 600 1709 ordinationes
621 1680 724 1707 autem
747 1670 931 1705 clericorum
968 1676 998 1703 et
1031 1668 1135 1702 eccle-

387 1725 503 1758 siarum
527 1723 635 1768 gratis,
663 1720 799 1766 seposita
827 1719 977 1766 pravitate
998 1725 1028 1751 et
1049 1717 1133 1752 omui

388 1773 572 1816 exactione,
607 1769 774 1806 concedat:
817 1769 930 1803 missas
966 1779 1041 1801 sane
1073 1766 1136 1800 illic

390 1822 530 1869 publicas
547 1833 601 1868 per
627 1822 813 1867 episcopum
842 1818 906 1852 lieri
932 1825 1053 1863 praeter
1073 1815 1135 1850 ab—

389 1872 468 1906 batis
505 1879 535 1905 et
567 1870 696 1904 fratrum
731 1868 921 1902 voluntatem
956 1865 1136 1900 omnimode

390 1920 613 1967 prohibemus,
639 1930 677 1952 ne
706 1918 736 1951 in
759 1927 919 1951 servorum
943 1914 1000 1949 Dei
1032 1926 1136 1948 reces-

389 1971 487 2008 sibus,
513 1967 718 2016 popularibus
739 1967 862 2000 occasio
879 1964 1064 2011 praebeatur
1077 1964 1135 1997 ulla

389 2019 613 2054 conventibus:
641 2017 776 2051 obeunte
804 2023 844 2058 te,
879 2021 954 2048 tunc
984 2013 1050 2047 eius
1077 2013 1135 2046 loci

389 2069 513 2112 abbate,
535 2067 582 2102 vel
606 2075 728 2101 tuorum
745 2064 884 2111 quolibet
905 2074 1136 2101 successorum,

391 2119 497 2153 nullus
538 2117 580 2151 ibi
610 2115 749 2162 qualibet
782 2112 996 2159 subreptionis
1025 2110 1136 2145 astutia

390 2180 446 2203 seu
475 2166 619 2201 violentia
643 2171 862 2212 praeponatur,
885 2161 943 2195 nisi
971 2172 1065 2207 quem
1082 2159 1139 2194 fra-

392 2226 454 2252 tres
476 2215 637 2251 communi
659 2219 828 2250 consensu,
852 2212 896 2245 vel
922 2210 1050 2245 fratrum
1068 2221 1139 2256 pars

392 2267 513 2301 consilii
536 2263 680 2301 sanioriS,
708 2261 882 2297 seeundum
905 2259 965 2294 Dei
982 2261 1138 2298 timorem,

392 2325 422 2350 et
456 2316 536 2350 beati
572 2312 736 2348 Benedicti
771 2310 910 2357 regulam
949 2308 1140 2356 providerint

393 2365 592 2410 eligendum:
612 2363 662 2397 cui
685 2362 710 2396 si
729 2373 788 2408 qua
811 2358 933 2406 gravior
955 2370 1045 2392 causa
1068 2369 1140 2391 ere-

393 2416 486 2456 nei-it,
509 2413 605 2447 libere
632 2411 723 2446 liceat
744 2408 946 2456 Apostolicae
971 2406 1064 2441 Sedis
1077 2418 1140 2440 au-

394 2462 542 2497 dientiam
578 2460 745 2508 appellare.
774 2459 821 2493 Ad
857 2458 934 2491 haec
959 2455 1141 2491 adiicientes

393 2511 606 2551 decernimus,
629 2518 662 2545 ut
676 2519 892 2556 quaecumque
908 2506 1000 2545 bona,
1024 2504 1069 2538 vel
1087 2516 1142 2550 per

394 2568 479 2595 tuam
495 2561 692 2602 industriam,
715 2560 761 2592 vel
782 2569 835 2604 per
853 2557 988 2590 virorum
1003 2553 1140 2588 fidelium

395 2609 597 2653 oblationem,
631 2608 731 2643 eidem
758 2607 828 2642 loco
856 2612 960 2653 parata
983 2610 1068 2645 sunt,
1090 2610 1142 2637 aut

982 229 1082 253 mmm
1088 228 1170 252 nim!
1195 227 1358 250 ROMANUM

1178 283 1208 316 in
1237 282 1375 316 futurum
1406 288 1579 328 praestante
1602 281 1671 316 Deo
1698 280 1780 316 iuste
1796 279 1929 316 canoni-

1176 343 1274 378 ceque
1302 331 1401 378 parari
1430 331 1608 375 contigerit,
1641 331 1728 364 firma
1759 330 1846 364 vobis
1874 342 1927 364 ve-

1176 382 1310 427 strisque
1332 379 1578 419 successoribus,
1600 386 1631 413 et
1657 379 1773 413 illibata
1801 391 1928 426 perma-

1176 438 1282 464 neant:
1319 442 1376 463 nec
1406 429 1457 463 ulli
1489 429 1618 463 omnino
1645 428 1810 463 hominum
1833 428 1927 464 liceat

1178 479 1259 514 idem
1289 478 1476 513 coenobium
1512 486 1629 512 temere
1655 477 1851 524 perturbare,
1873 486 1927 513 aut

1175 529 1243 563 eius
1270 528 1489 575 possessiones
1509 527 1643 570 auferre,
1665 526 1712 561 vel
1734 526 1852 561 ablatas
1875 540 1927 562 re-

1176 578 1285 617 tinere,
1310 578 1462 617 minuere,
1485 576 1531 611 vel
1556 576 1732 611 temerariis
1759 577 1928 611 vexationi-

1177 627 1235 661 bus
1262 627 1410 672 fatigare;
1437 625 1493 660 sed
1521 625 1625 660 omnia
1653 625 1771 671 integra
1795 637 1926 660 conser-

1177 683 1287 711 ventur
1307 676 1365 719 eis,
1391 688 1447 722 pro
1469 687 1605 722 quorum
1627 674 1878 710 substentatione
1893 683 1925 710 et

1175 725 1400 771 gubernatione
1422 736 1573 759 concessa
1602 732 1685 765 sunt,
1717 723 1827 758 usibus
1848 736 1926 759 om-

1177 774 1313 809 nimodis
1341 774 1511 821 profutura.
1546 773 1579 808 Si
1608 785 1668 820 qua
1702 773 1797 819 igitur
1819 774 1848 808 in
1877 773 1927 808 fu-

1176 831 1279 858 turum
1307 823 1517 858 ecclesiastica
1543 822 1751 857 saecularisve
1779 834 1924 869 persona,

1175 872 1256 907 hanc
1269 880 1392 907 nostrae
1407 872 1642 907 constitutionis
1655 871 1799 919 paginam
1811 872 1926 914 sciens,

1175 929 1283 956 contra
1305 934 1372 956 eam
1400 929 1517 956 temere
1540 922 1646 956 venire
1668 921 1847 962 tentaverit,
1870 933 1923 956 se-

1176 971 1280 1005 cundo
1302 971 1430 1006 tertiove
1452 971 1654 1015 commonita,
1688 970 1714 1005 si
1747 982 1808 1004 non
1833 971 1926 1005 satis-

1177 1020 1309 1054 factione
1341 1032 1478 1066 congrua
1505 1019 1734 1063 emendaverit,
1762 1020 1926 1066 potestatis

1176 1069 1369 1115 honorisque
1390 1070 1436 1103 sui
1460 1068 1613 1114 dignitate
1631 1077 1746 1113 careat,
1774 1080 1925 1116 reamque

1176 1130 1209 1152 se
1247 1118 1351 1152 divino
1386 1118 1501 1152 iudicio
1535 1118 1645 1152 sistere
1672 1117 1711 1152 de
1746 1126 1924 1165 perpetrata

1177 1167 1340 1214 iniquitate
1373 1175 1563 1213 cognoscat,
1598 1174 1629 1201 et
1662 1179 1677 1201 a
1713 1168 1926 1202 sacratissimo

1176 1216 1316 1263 Corpore
1342 1217 1401 1251 Dei
1423 1224 1453 1251 et
1476 1216 1601 1251 Domini
1624 1216 1847 1262 Redemptoris
1867 1228 1927 1251 no-

1175 1267 1229 1300 stri
1258 1266 1329 1300 Iesn
1351 1265 1467 1300 Christi
1493 1266 1592 1300 aliena
1611 1266 1678 1309 liat,
1700 1273 1795 1312 atque
1824 1266 1854 1300 in
1877 1277 1928 1300 ex-

1176 1323 1275 1349 tremo
1290 1315 1433 1350 examine
1447 1315 1604 1349 districtae
1623 1315 1731 1350 ultioni
1750 1314 1923 1350 subiaceat.

1176 1364 1306 1399 Cunctis
1333 1373 1437 1399 antem
1465 1364 1567 1399 eidem
1596 1364 1665 1399 loco
1693 1364 1772 1398 iusta
1795 1376 1924 1399 servan-

1177 1413 1260 1447 tibus
1286 1415 1326 1448 sit
1349 1426 1407 1460 pax
1428 1413 1556 1448 Domini
1580 1413 1677 1457 nostri
1701 1413 1770 1448 lesu
1794 1412 1924 1454 Christi;

1176 1471 1332 1509 quatenus
1361 1471 1391 1497 et
1424 1463 1474 1497 hic
1506 1463 1639 1497 fructum
1668 1462 1769 1497 bonae
1791 1463 1924 1498 actionis

1178 1512 1361 1558 percipiant,
1394 1509 1432 1546 et*
1457 1511 1538 1558 apud
1571 1511 1746 1546 districtum
1783 1511 1924 1546 Iudicem

1178 1562 1311 1607 praemia
1334 1569 1478 1595 aeternae
1502 1561 1586 1608 pacis
1613 1561 1782 1595 inveniant.
1811 1560 1926 1602 Amen,

1176 1622 1280 1646 amon,
1303 1622 1404 1644 amen.

1226 1659 1296 1693 Eoo
1305 1658 1468 1693 CALix'rus
1478 1658 1648 1693 catholicae
1659 1657 1820 1706 Ecclesiae
1828 1658 1924 1704 episc.

1226 1708 1339 1742 Datum
1359 1708 1530 1742 Beneventi
1555 1720 1610 1754 per
1623 1720 1749 1741 manum
1767 1707 1926 1755 Aymerici

1176 1756 1209 1791 S.
1234 1757 1322 1791 RE.
1339 1757 1418 1792 diac.
1435 1757 1518 1791 card.
1542 1764 1572 1791 et
1588 1756 1777 1797 cancellarii,
1800 1768 1824 1791 11
1853 1756 1926 1791 idus

1177 1807 1366 1853 septembris
1401 1806 1507 1840 indict.
1543 1818 1580 1851 11,
1613 1806 1710 1841 incar.
1746 1805 1926 1840 dominicae

1177 1868 1324 1899 mcxxln,
1355 1856 1551 1901 pontificatus
1578 1854 1683 1890 autem
1718 1854 1825 1890 domni
1861 1853 1928 1890 Ca-

1179 1906 1241 1939 lixti
1271 1905 1296 1939 ll
1320 1905 1381 1939 ΡΙ).
1405 1918 1486 1939 anno
1504 1916 1533 1938 v.

1196 1962 1258 1992 Dat.
1279 1963 1326 1992 die
1343 1963 1378 1992 12
1398 1961 1573 2001 septembris
1592 1970 1669 1990 anno
1687 1960 1802 1990 Domini
1822 1959 1908 1997 1123,

1431 2005 1532 2046 pontis.
1551 2014 1627 2035 anno
1648 2014 1674 2035 v.

1504 2067 1636 2077 -ι-

1482 2143 1626 2179 XXXVI.

1183 2222 1380 2265 Confirmatio
1407 2223 1555 2255 bonorum
1582 2227 1609 2254 et
1638 2221 1754 2254 iuriam
1788 2219 1928 2252 omnium

1232 2271 1416 2304 cassinensis
1441 2271 1619 2303 monasterii
1627 2296 1635 2312 ,
1661 2270 1745 2302 cuius
1767 2269 1930 2302 abbatibus

1228 2322 1377 2354 ηοιιηιιίία
1404 2321 1608 2353 concedantar
1631 2319 1795 2363 privileqia
1820 2319 1877 2360 (1).

1455 2396 1667 2445 SUMMARIUM

1183 2465 1368 2495 Prooemium.
1387 2480 1426 2486 —
1441 2463 1519 2493 Bona
1549 2461 1719 2492 monasterii
1741 2460 1929 2490 cassinensis

1223 2514 1360 2549 perpetua
1384 2508 1518 2538 libertate
1537 2507 1605 2544 frui,
1627 2510 1656 2536 et
1680 2505 1735 2535 sub
1752 2505 1814 2534 iure
1835 2504 1929 2533 solius

1218 2571 1256 2607 (¹)
1273 2572 1310 2597 Ex
1324 2569 1441 2605 originali
1458 2570 1484 2596 in
1500 2568 1610 2595 Archiv.
1628 2565 1709 2594 edidit
1725 2565 1843 2598 Guttula,
1860 2564 1928 2591 Hist.

1183 2612 1330 2644 Cussiuen.,
1349 2618 1418 2638 saec.
1437 2615 1485 2642 vn,
1502 2616 1561 2645 pag.
1579 2608 1623 2634 55.

1950 233 2000 261 An.
2019 234 2046 263 C.
2066 234 2133 262 ¹¹23

1984 453 2047 479 Quod
2075 452 2133 474 bona

1949 480 2071 505 spectantia
2105 480 2134 500 ad

1957 507 2119 527 monas=erium

1949 533 2013 554 libera
2025 535 2069 555 sint
2077 534 2104 554 ab
2113 538 2136 554 o·

1950 561 1996 581 inni
2008 562 2136 582 cuiuscum-
2178 574 2180 579 .

1949 592 1993 613 que
2027 592 2134 612 personae

1951 613 2060 635 molestia.

1952 795 1957 800 ‘
1978 795 2058 817 Solitae
2078 794 2136 817 clau·

1952 823 2020 843 sulae.
