2180 3205
20 2571 34 2608 ²?
80 2581 176 2603 mnibus
189 2587 263 2609 supra·
274 2575 352 2610 nulli
367 2577 495 2612 omniuo
509 2577 671 2612 hominum
687 2577 776 2612 liceat
800 2576 942 2612 eamdem
956 2577 1018 2612 Ec-

29 2618 34 2626 ι

88 294 139 316 An.
158 288 185 314 C.
204 288 268 314 ίΙϋΙι

283 340 478 387 ponticulum
507 341 545 377 tle
575 342 679 376 Vineis
707 353 806 389 usque
835 341 864 376 in
894 342 1030 388 Ligerim

282 390 456 432 descendit,
491 391 530 426 ab
569 392 652 426 omni
692 391 758 426 iure
796 391 842 427 vel
870 393 1031 426 exactione

283 452 391 486 regum
414 449 445 475 et
472 441 648 488 principum
681 441 822 482 liberam,
846 441 922 475 infra
946 441 1028 488 quod

282 490 473 524 territorium
496 503 534 525 ex
558 503 616 525 una
632 498 718 538 parte
734 491 931 537 oppidulum,
946 491 1028 538 quod

281 538 499 574 Pontiniacnm
535 540 659 580 dicitur,
693 552 729 575 ex
753 541 846 575 altera
875 552 948 574 vero
971 552 1030 574 ca-

281 589 361 635 pella
388 588 494 624 Sancti
517 589 689 625 'l'beobaldi
713 602 782 625 cum
802 590 953 625 aedificiis
970 589 1029 623 ibi-

279 638 350 672 ‹lem
373 639 568 673 constitutis:
592 640 706 678 villam,
733 652 814 686 quae
841 640 955 674 dicitur
972 639 1029 674 Ca-

279 688 379 728 tonis;
415 701 541 732 nemus,
577 689 659 735 quod
697 688 863 723 Foliolium
900 689 1027 732 dicitur

278 737 361 784 quod
403 739 484 772 iuxta
525 751 637 773 nemus
671 739 796 773 comitis
831 738 1025 778 Theobaldi,

277 786 361 833 quod
389 787 505 822 Hamis
541 788 664 825 dicitur.
693 788 786 822 sitnm
819 796 877 827 est,
906 789 936 822 in
964 800 1026 834 qno

278 848 406 871 nemore
440 837 565 872 comitis
592 838 682 872 talem
707 837 827 872 habetis
854 846 1025 872 consuetu-

277 884 397 930 dinem,
421 887 500 934 ligna
523 886 641 922 scilicet
661 887 699 922 ad
729 896 847 922 vestros
883 887 1026 934 proprios

278 947 366 990 usuS,
401 936 600 972 medietatem
637 937 778 992 pasnagii
812 938 867 982 (1),
894 946 924 971 et
952 949 1026 984 pro-

278 984 418 1032 priorum
450 998 614 1033 porcorum
650 987 842 1033 portionem;
867 994 1024 1033 praeterea

79 1035 264 1093 εῗὲῗζῑιῐῶξθὶ-
277 1034 415 1070 decimas
446 1035 484 1070 ad
520 1036 567 1071 ius
603 1036 816 1071 Ecclesiarum
853 1044 1022 1070 vestrarum

80 1074 194 1126 snt-‚iique
222 1074 265 1119 fin-
279 1084 481 1130 pertinentes,
505 1098 585 1132 quae
607 1094 713 1120 contra
742 1086 793 1120 Ss.
826 1085 953 1120 Patrum
974 1085 1026 1120 de-

80 1134 264 1187 ξξζημζυίζῗῖ
278 1142 361 1169 creta
387 1146 404 1169 a
427 1135 514 1169 laicis
532 1136 723 1173 detinentur,
746 1135 785 1170 de
808 1135 953 1170 manibus
970 1148 1025 1169 eo-

79 1191 182 1217 rosit-nne
197 1194 218 1212 et
240 1190 265 1212 ¹*—
277 1195 346 1218 rum
369 1184 556 1225 redimendi
585 1193 627 1229 et,
654 1185 907 1240 quibuscumque
930 1185 1025 1220 ratio-

79 1221 170 1243 '’²⁸⁸'‘
278 1232 435 1268 nabilibus
451 1235 552 1270 modis
567 1235 719 1283 poteritis,
734 1234 914 1281 acquirendi
931 1234 1025 1269 licen-

278 1282 349 1317 tiam
373 1283 462 1319 tobis
483 1285 696 1320 concedimus.
720 1284 931 1319 Concordiam
951 1296 1024 1319 vero

275 1344 356 1380 quae
378 1333 458 1368 inter
484 1347 537 1369 vos
570 1343 601 1369 et
634 1334 891 1369 sanctimoniales
917 1333 1022 1368 Sancti

275 1381 434 1418 Laurentii
458 1383 497 1419 de
519 1384 708 1419 Bituricensi
722 1395 817 1430 super
838 1383 970 1418 decimis
985 1383 1024 1419 de

277 1443 370 1467 manu
390 1433 539 1469 laicorum
561 1434 773 1469 communiter
797 1433 959 1480 acquisitis
976 1433 1022 1468 vel

274 1482 474 1529 acquirendis
496 1483 719 1519 rationabiliter
738 1483 816 1518 facta
830 1491 887 1523 est,
902 1492 932 1518 et
945 1495 1024 1518 scri-

276 1538 329 1578 pto
349 1531 424 1568 hinc.
446 1533 519 1568 inde
553 1533 691 1575 firmata,
719 1540 814 1568 ratam
839 1545 1023 1580 permanere

274 1592 450 1617 censemus.
476 1583 560 1618 Nulli
582 1595 709 1631 quoque
729 1582 859 1618 fratrum
882 1591 951 1630 post
976 1582 1023 1617 sa-

274 1638 355 1665 etam
382 1632 412 1666 in
449 1633 585 1680 praefata
623 1633 766 1668 Ecclesia
795 1632 1020 1680 professionem

274 1680 393 1728 absque
418 1681 540 1718 abbatis
578 1683 737 1729 totiusque
769 1682 1022 1730 congregationis

275 1731 484 1777 permissione
515 1733 607 1768 liceat
632 1745 649 1768 e
675 1733 811 1767 claustro
842 1732 1021 1771 diseedere;

274 1779 489 1817 discedentem
535 1795 608 1818 vero
649 1782 768 1830 absque
806 1782 1020 1817 communium

275 1828 433 1865 literarum
453 1832 598 1867 cautione
622 1832 727 1867 nullus
744 1831 858 1867 audeat
875 1832 1019 1866 retinere.

274 1878 382 1915 Liceat
407 1889 510 1916 autem
545 1881 671 1927 abbati,
704 1881 758 1929 qui
792 1894 848 1929 pro
880 1889 1021 1928 tempore

274 1927 390 1969 fuerit
417 1931 446 1965 iu
481 1943 577 1973 eum
611 1932 662 1979 qui
690 1931 779 1966 tobis
807 1930 1021 1978 ignorantibus

274 1986 328 2013 aut
354 1979 458 2015 invitis
478 1981 668 2019 discesserit,
690 1982 716 2016 si
737 1981 878 2016 secundo
893 1981 1021 2015 tertioxe

275 2030 486 2066 commonitus
508 2032 608 2067 redire
629 2031 865 2078 contempserit
888 2030 1021 2065 canoni-

274 2089 342 2113 cam
376 2080 514 2127 perferre
550 2082 748 2116 sententiam.
776 2080 922 2116 Obeunte
949 2092 1021 2115 vero

274 2135 316 2169 te,
339 2141 423 2165 nunc
451 2131 591 2167 eiusdem
624 2130 684 2166 loci
718 2130 847 2174 abbate,
870 2130 916 2165 vel
944 2138 1021 2164 tuo—

274 2190 342 2212 rum
373 2180 513 2226 quolibet
552 2193 795 2221 successorum,
835 2179 940 2215 nullus
977 2179 1018 2214 ibi

273 2227 411 2274 qualibet
436 2230 648 2278 subreptionis
669 2230 783 2265 astutia
802 2242 856 2265 seu
875 2229 1019 2264 violentia

274 2287 495 2325 praeponatur,
517 2280 576 2315 nisi
602 2293 695 2327 quem
718 2280 827 2315 fratres
858 2278 1018 2314 communi

274 2338 430 2363 consensu
453 2330 498 2364 vel
519 2330 618 2364 maior
639 2342 710 2376 pars
731 2329 852 2364 consilii
874 2328 1018 2368 sanioris,

274 2377 448 2412 secundum
471 2378 527 2413 Dei
563 2379 721 2418 timorem,
746 2387 776 2413 et
799 2378 878 2413 beati
899 2378 1019 2424 Augu-

274 2425 348 2460 stini
374 2427 528 2475 regulam,
549 2428 589 2463 de
611 2441 668 2464 suo
689 2441 745 2463 seu
772 2428 811 2463 de
832 2428 904 2467 alio,
919 2427 944 2462 si
964 2440 1019 2462 ex-

275 2475 424 2522 pedierit,
461 2478 602 2513 eiusdem
641 2477 759 2512 ordinis
785 2477 917 2524 collegio
944 2489 1018 2524 pro—

275 2524 411 2562 viderint
432 2527 624 2574 eligendum.
645 2527 851 2562 Decernimus
873 2539 960 2573 eigo,
984 2535 1019 2562 ut

91 2080 162 2102 Abba»
179 2085 204 2102 ex
225 2086 262 2102 οι·-

79 2112 128 2134 dine
137 2118 150 2133 a
161 2111 261 2134 [ratribus

79 2143 196 2170 eligendus.

100 2517 239 2541 Immuuitatts

79 2549 187 2572 decretum
222 2557 260 2578 pro

79 2612 152 2639 ‘mm
311 2639 350 2675 (1)
366 2640 537 2673 Pasnaqa'um,
552 2638 801 2673 pannayn1m‚xtde
813 2638 946 2674 superius,
958 2647 1016 2675 pag.

275 2676 334 2703 665.
353 2679 381 2712 (n
409 2676 448 2711 T)

394 2720 468 2751 Bull.
487 2720 562 2750 Rom.
587 2720 639 2750 t'ot.
662 2719 697 2750 ΙΙ.
823 2719 859 2750 87

884 288 1079 311 ALttxan'nEn
1106 288 1143 310 ΙΙΙ
1172 289 1221 311 ΡΡ.

1699 277 1767 310 Gan

1072 342 1197 376 clesiam
1226 349 1342 376 temere
1366 341 1558 388 pertin-bare,
1581 349 1634 376 aut
1655 341 1722 375 cius
1751 354 1821 388 pns-

1071 392 1228 425 sessiones
1246 392 1378 430 anferre,
1400 392 1444 425 vel
1464 391 1582 425 ablatas
1598 391 1742 434 retinere⁷
1759 391 1820 424 mi-

1072 453 1179 481 nuere,
1207 454 1262 475 seu
1290 441 1482 487 quibuslibet
1509 440 1727 475 vexationibus
1750 440 1819 474 tati-

1070 502 1159 536 gare3
1198 491 1250 524 sed
1278 491 1384 524 ‹unnia
1418 491 1535 534 integra
1569 498 1817 531 conserventur,

1069 552 1177 573 eornm
1206 552 1260 585 pro
1279 552 1412 586 quornm
1436 540 1664 587 gubernatione
1691 549 1719 574 et
1742 540 1818 573 sub-

1068 589 1256 624 stentatione
1287 601 1434 624 concessa
1464 597 1548 627 sunt,
1577 589 1686 624 usibus
1713 590 1818 624 onmi-

1069 638 1169 672 modis
1193 638 1365 685 profutura:
1389 638 1470 673 salva
1499 639 1591 674 Sedis
1618 639 1816 686 Apostolicae

1067 688 1271 727 auclorlthle
1301 696 1404 743 atque
1435 689 1660 736 archiepiscopi
1698 689 1816 723 Bituri-

1067 738 1170 771 censis
1197 738 1346 772 canonica
1370 738 1497 772 iustitia.
1527 739 1560 772 Si
1586 751 1645 785 qua
1670 739 1762 784 igitur
1785 739 1813 772 in

1067 787 1205 822 {uturum
1220 788 1430 822 ecclesiastica
1446 787 1652 822 s·=ecutariSte
1670 800 1814 835 persona

1067 836 1145 871 hanc
1161 845 1283 871 nostrae
1295 837 1526 871 constitutionis
1542 838 1683 884 paginam
1700 839 1814 881 sciens,

1066 894 1172 921 contra
1203 898 1270 920 eam
1295 895 1410 921 temere
1433 899 1536 921 ventre
1564 895 1742 931 tentaverit,
1765 901 1815 921 se-

1065 936 1169 970 cundo
1197 937 1325 971 tertiove
1364 936 1571 980 commonita,
1606 937 1663 971 nisi
1694 947 1813 972 reatuin

1065 998 1155 1020 suum
1200 998 1337 1032 congrua
1376 986 1586 1021 satisfactione
1624 988 1790 1022 correxerit
1806 1015 1814 1026 ,

1067 1035 1225 1081 potestatis
1267 1036 1457 1083 honorisque
1493 1035 1540 1070 sui
1579 1035 1727 1082 dignitate
1762 1049 1814 1071 ca-

1065 1093 1140 1125 reat
1168 1097 1315 1133 reamque
1346 1097 1379 1120 se
1410 1085 1515 1120 divino
1540 1085 1655 1120 iudicio
1682 1086 1814 1121 existere

1066 1134 1104 1169 (le
1139 1143 1311 1181 perpetrata
1347 1135 1509 1182 iniquitate
1537 1144 1716 1181 cognoscat
1745 1144 1773 1170 et
1796 1149 1811 1170 a

1065 1185 1274 1219 sacratissimo
1297 1184 1437 1232 Corpore
1458 1197 1493 1219 ac
1515 1184 1676 1231 Sanguine
1698 1185 1754 1219 Dei
1783 1194 1813 1220 et

1064 1234 1193 1268 Domini
1220 1234 1444 1281 Redemptoris
1472 1235 1568 1269 nostri
1602 1234 1669 1269 lesu
1693 1234 1810 1269 Christi

1064 1283 1163 1318 aliena
1198 1284 1273 1323 ssat.
1306 1292 1399 1331 atque
1431 1285 1460 1318 in
1504 1293 1643 1319 extremo
1669 1285 1812 1319 examine

1064 1333 1221 1368 districtae
1244 1333 1354 1368 ultioni
1382 1334 1693 1373 subiaceat;cuuctis
1706 1343 1809 1369 autem

1064 1383 1166 1417 eidem
1194 1383 1263 1417 loco
1290 1396 1344 1418 sua
1380 1384 1446 1418 iura
1475 1383 1670 1418 servantibus
1691 1384 1731 1418 sit
1754 1397 1811 1430 pax

1064 1433 1191 1467 Domini
1227 1434 1325 1468 nostri
1356 1432 1426 1467 Iesu
1454 1433 1582 1473 Christi,
1604 1442 1758 1480 quatenus
1780 1443 1810 1468 et

1065 1482 1113 1517 hie
1136 1482 1270 1517 fructum
1294 1482 1393 1517 honae
1415 1483 1546 1517 actionis
1575 1484 1757 1530 percipiant.
1780 1493 1809 1518 et

1063 1532 1147 1579 apud
1162 1532 1338 1567 districtum
1354 1532 1492 1567 Iudicem
1512 1533 1647 1580 praemia
1665 1542 1810 1568 aeternae

1064 1581 1148 1629 pacis
1175 1582 1343 1616 inveniant.
1363 1582 1477 1616 Amen.

1111 1631 1183 1666 EGO
1216 1631 1421 1667 Act-:mxima
1449 1631 1620 1667 catholicae
1651 1632 1810 1668 Ecclesiae
1837 1646 2006 1671 Alexandrit’t‘..

1063 1682 1241 1728 episcopus.

1110 1731 1177 1777 Ego
1199 1731 1340 1766 Ubaldus
1366 1730 1525 1767 Ostiensis
1545 1732 1642 1779 episc.
1825 1757 1970 1778 epscopofm,
1985 1757 2005 1772 ρ,

1111 1780 1178 1827 Ego
1200 1781 1382 1816 Bernardus
1408 1781 1592 1816 Portuensis
1627 1789 1656 1817 et
1678 1781 1711 1817 S.
1741 1781 2006 1834 Ru-ffimsslfbffln‘

1064 1810 1158 1865 finaeo
1164 1831 1263 1878 episc.
1822 1846 1913 1871 pisones

1111 1880 1179 1926 Ego
1205 1880 1383 1915 Gualterius
1408 1880 1598 1916 Albauensis
1623 1881 1720 1928 episc.

1109 1929 1178 1975 Ego
1204 1929 1345 1964 Ubaldus
1368 1930 1470 1977 presb.
1490 1938 1520 1965 et
1541 1930 1705 1966 cardinalis
1728 1930 1807 1965 tituli

1061 1978 1095 2013 S.
1118 1978 1232 2014 Crucis
1254 1981 1283 2014 in
1306 1979 1514 2015 Hierusalem.

1109 2028 1176 2075 Ego
1198 2028 1352 2064 Henricus
1376 2029 1478 2076 presb.
1495 2029 1578 2065 card.
1605 2030 1651 2064 tit.
1675 2029 1809 2064 Sancto-

1062 2091 1130 2113 rum
1153 2079 1245 2113 Nerei
1269 2087 1299 2113 et
1326 2079 1469 2114 Achillei.

1108 2128 1177 2175 Ego
1198 2128 1296 2163 Guill.
1326 2128 1488 2176 presbyter
1519 2128 1604 2164 card.
1627 2128 1673 2162 tit.
1701 2128 1806 2164 Sancti

1061 2177 1142 2212 Petri
1165 2178 1202 2213 ad
1231 2178 1371 2213 Vincula.

1107 2231 1177 2278 Ego
1198 2232 1334 2267 lacintus
1357 2231 1461 2279 presb.
1484 2231 1569 2267 card.
1598 2232 1646 2266 tit.
1675 2231 1708 2266 S.
1739 2233 1807 2268 Ma-

1060 2285 1122 2320 riae
1149 2286 1179 2320 in
1202 2285 1384 2321 Cosmediu.

1108 2340 1175 2386 Ego
1200 2340 1275 2375 Otto
1297 2340 1448 2375 diaconus
1470 2340 1636 2376 cardinalis
1657 2340 1690 2376 S.
1718 2341 1808 2376 Nico-

1059 2393 1097 2429 lai
1122 2394 1152 2428 in
1174 2393 1309 2429 Carcere
1331 2394 1487 2429 Tulliano.

1106 2448 1175 2495 Ego
1200 2448 1284 2483 Boso
1306 2449 1386 2484 diac.
1410 2449 1493 2484 card.
1516 2449 1705 2485 Sanctorum
1725 2449 1806 2486 Cos-

1060 2514 1127 2537 mae
1153 2510 1184 2537 et
1205 2501 1359 2537 Damiaui.

1107 2557 1174 2603 Ego
1195 2555 1319 2592 Cintius
1341 2557 1420 2592 diac.
1449 2557 1533 2592 card.
1557 2557 1590 2593 S.
1613 2557 1755 2594 Adriani.

1106 2611 1175 2658 Ego
1208 2611 1321 2646 Petrus
1353 2612 1432 2646 diac.
1463 2612 1546 2647 card.
1580 2611 1615 2647 S.
1644 2612 1806 2650 Eustachii

1058 2665 1140 2700 iuxta
1162 2664 1315 2713 templum
1335 2666 1502 2714 Agrippae.

1834 286 1885 314 An.
1903 285 1934 312 C.
1951 284 2015 312 ¹¹62:

1844 750 1950 776 Apposuit
1958 751 1975 771 ο·
1992 758 2014 769 ιι-

1830 780 1868 799 suti
1864 787 1879 798 i>
1889 786 1899 805 p
1910 786 1941 799 »cn
1952 789 1963 798 n
1996 792 2012 797 ..

1805 816 1866 836 7pru
1886 810 2012 830 inobeuwn-

1829 842 1897 866 titius]

1838 1402 1988 1425 Benedictione

1825 1437 1845 1454 et
1858 1440 1910 1461 pace
1920 1441 1957 1461 pro
1968 1436 2008 1455 ob-

1825 1467 1964 1486 servantibus.
