<?xml version="1.0" encoding="UTF-8"?>
<!DOCTYPE html PUBLIC "-//W3C//DTD XHTML 1.0 Transitional//EN"
    "http://www.w3.org/TR/xhtml1/DTD/xhtml1-transitional.dtd">
<html xmlns="http://www.w3.org/1999/xhtml" xml:lang="en" lang="en">
 <head>
  <title>
</title>
<meta http-equiv="Content-Type" content="text/html;charset=utf-8" />
  <meta name='ocr-system' content='tesseract 3.04.00' />
  <meta name='ocr-capabilities' content='ocr_page ocr_carea ocr_par ocr_line ocrx_word'/>
</head>
<body>
  <div class='ocr_page' id='page_1' title='image "./bullarumdiplomat02cath_0587.png"; bbox 0 0 2180 3205; ppageno 0'>
   <div class='ocr_carea' id='block_1_1' title="bbox 26 259 960 362">
    <p class='ocr_par' dir='ltr' id='par_1_1' title="bbox 26 259 960 362">
     <span class='ocr_line' id='line_1_1' title="bbox 26 259 201 286; baseline -0.006 0"><span class='ocrx_word' id='word_1_1' title='bbox 26 259 74 286; x_wconf 78' lang='grc' dir='ltr'>ΛΠ.</span> <span class='ocrx_word' id='word_1_2' title='bbox 94 259 122 286; x_wconf 71' lang='grc' dir='ltr'>(ἶ.</span> <span class='ocrx_word' id='word_1_3' title='bbox 139 260 201 286; x_wconf 74' lang='grc'>1151</span> 
     </span>
     <span class='ocr_line' id='line_1_2' title="bbox 36 311 960 362; baseline -0.002 -15"><span class='ocrx_word' id='word_1_4' title='bbox 36 319 126 347; x_wconf 74' lang='lat' dir='ltr'>Quorum</span> <span class='ocrx_word' id='word_1_5' title='bbox 151 315 296 349; x_wconf 66' lang='lat' dir='ltr'>non-haec</span> <span class='ocrx_word' id='word_1_6' title='bbox 323 314 458 362; x_wconf 87' lang='lat' dir='ltr'>propriis</span> <span class='ocrx_word' id='word_1_7' title='bbox 490 313 638 348; x_wconf 82' lang='lat' dir='ltr'>duximus</span> <span class='ocrx_word' id='word_1_8' title='bbox 672 311 828 347; x_wconf 71' lang='lat' dir='ltr'>vocabulis</span> <span class='ocrx_word' id='word_1_9' title='bbox 861 311 960 346; x_wconf 86' lang='lat' dir='ltr'>adno-</span> 
     </span>
    </p>
   </div>
   <div class='ocr_carea' id='block_1_2' title="bbox 19 351 977 2716">
    <p class='ocr_par' dir='ltr' id='par_1_2' title="bbox 19 351 977 2716">
     <span class='ocr_line' id='line_1_3' title="bbox 23 351 853 372; baseline -0.006 0"><span class='ocrx_word' id='word_1_10' title='bbox 23 351 79 372; x_wconf 68' lang='lat' dir='ltr'>nutt-</span> <span class='ocrx_word' id='word_1_11' title='bbox 93 354 206 372; x_wconf 75' lang='lat' dir='ltr'>enumernt</span> <span class='ocrx_word' id='word_1_12' title='bbox 558 363 563 369; x_wconf 89' lang='lat'>.</span> <span class='ocrx_word' id='word_1_13' title='bbox 621 363 626 368; x_wconf 94' lang='lat'><em>.</em></span> <span class='ocrx_word' id='word_1_14' title='bbox 651 362 657 368; x_wconf 84' lang='lat'><strong>.</strong></span> <span class='ocrx_word' id='word_1_15' title='bbox 847 361 853 367; x_wconf 66' lang='grc'><strong>.</strong></span> 
     </span>
     <span class='ocr_line' id='line_1_4' title="bbox 24 361 961 411; baseline -0.009 -8"><span class='ocrx_word' id='word_1_16' title='bbox 24 383 113 410; x_wconf 65' lang='lat' dir='ltr'>propt-nu</span> <span class='ocrx_word' id='word_1_17' title='bbox 141 388 205 403; x_wconf 56' lang='lat' dir='ltr'>vot-n-</span> <span class='ocrx_word' id='word_1_18' title='bbox 220 363 327 399; x_wconf 87' lang='lat' dir='ltr'>tanda:</span> <span class='ocrx_word' id='word_1_19' title='bbox 362 363 478 407; x_wconf 86' lang='lat' dir='ltr'>locum,</span> <span class='ocrx_word' id='word_1_20' title='bbox 512 376 565 411; x_wconf 80' lang='lat' dir='ltr'>qui</span> <span class='ocrx_word' id='word_1_21' title='bbox 597 363 711 397; x_wconf 81' lang='lat' dir='ltr'>dicitur</span> <span class='ocrx_word' id='word_1_22' title='bbox 732 361 824 401; x_wconf 78' lang='lat' dir='ltr'>Rota,</span> <span class='ocrx_word' id='word_1_23' title='bbox 848 374 875 395; x_wconf 81' lang='lat' dir='ltr'>in</span> <span class='ocrx_word' id='word_1_24' title='bbox 899 373 961 408; x_wconf 91' lang='lat' dir='ltr'>quo</span> 
     </span>
     <span class='ocr_line' id='line_1_5' title="bbox 22 410 962 461; baseline -0.006 -12"><span class='ocrx_word' id='word_1_25' title='bbox 22 412 84 434; x_wconf 60' lang='lat' dir='ltr'>&#39;mm&#39;</span> <span class='ocrx_word' id='word_1_26' title='bbox 219 415 284 461; x_wconf 81' lang='lat' dir='ltr'>ipsa</span> <span class='ocrx_word' id='word_1_27' title='bbox 311 413 433 448; x_wconf 84' lang='lat' dir='ltr'>abbatia</span> <span class='ocrx_word' id='word_1_28' title='bbox 455 414 513 448; x_wconf 86' lang='lat' dir='ltr'>sita</span> <span class='ocrx_word' id='word_1_29' title='bbox 535 421 593 451; x_wconf 84' lang='lat' dir='ltr'>est,</span> <span class='ocrx_word' id='word_1_30' title='bbox 614 424 686 446; x_wconf 88' lang='lat' dir='ltr'>cum</span> <span class='ocrx_word' id='word_1_31' title='bbox 709 411 861 452; x_wconf 80' lang='lat' dir='ltr'>ecclesiis,</span> <span class='ocrx_word' id='word_1_32' title='bbox 877 410 962 444; x_wconf 86' lang='lat' dir='ltr'>dcci-</span> 
     </span>
     <span class='ocr_line' id='line_1_6' title="bbox 219 459 960 508; baseline -0.005 -11"><span class='ocrx_word' id='word_1_33' title='bbox 219 463 290 503; x_wconf 86' lang='lat' dir='ltr'>mis,</span> <span class='ocrx_word' id='word_1_34' title='bbox 313 463 465 506; x_wconf 81' lang='lat' dir='ltr'>terminis,</span> <span class='ocrx_word' id='word_1_35' title='bbox 480 471 508 497; x_wconf 88' lang='lat' dir='ltr'>et</span> <span class='ocrx_word' id='word_1_36' title='bbox 522 462 651 496; x_wconf 85' lang='lat' dir='ltr'>caeteris</span> <span class='ocrx_word' id='word_1_37' title='bbox 670 461 866 508; x_wconf 84' lang='lat' dir='ltr'>pertinentiis</span> <span class='ocrx_word' id='word_1_38' title='bbox 880 459 960 494; x_wconf 88' lang='lat' dir='ltr'>suis:</span> 
     </span>
     <span class='ocr_line' id='line_1_7' title="bbox 219 510 962 560; baseline -0.007 -13"><span class='ocrx_word' id='word_1_39' title='bbox 219 514 248 547; x_wconf 93' lang='lat' dir='ltr'>in</span> <span class='ocrx_word' id='word_1_40' title='bbox 272 513 417 560; x_wconf 83' lang='lat' dir='ltr'>parochia</span> <span class='ocrx_word' id='word_1_41' title='bbox 439 511 670 557; x_wconf 81' lang='lat' dir='ltr'>Chemeringen</span> <span class='ocrx_word' id='word_1_42' title='bbox 688 510 812 556; x_wconf 83' lang='lat' dir='ltr'>triginta</span> <span class='ocrx_word' id='word_1_43' title='bbox 836 520 962 544; x_wconf 88' lang='lat' dir='ltr'>mansos</span> 
     </span>
     <span class='ocr_line' id='line_1_8' title="bbox 218 558 963 610; baseline -0.008 -13"><span class='ocrx_word' id='word_1_44' title='bbox 218 575 289 597; x_wconf 88' lang='lat' dir='ltr'>cum</span> <span class='ocrx_word' id='word_1_45' title='bbox 306 570 390 610; x_wconf 86' lang='lat' dir='ltr'>parte</span> <span class='ocrx_word' id='word_1_46' title='bbox 408 561 558 596; x_wconf 86' lang='lat' dir='ltr'>ecclesiae</span> <span class='ocrx_word' id='word_1_47' title='bbox 575 560 609 594; x_wconf 87' lang='lat' dir='ltr'>S.</span> <span class='ocrx_word' id='word_1_48' title='bbox 626 559 814 601; x_wconf 69' lang='lat' dir='ltr'>panchratii,</span> <span class='ocrx_word' id='word_1_49' title='bbox 832 558 963 593; x_wconf 81' lang='lat' dir='ltr'>decimis</span> 
     </span>
     <span class='ocr_line' id='line_1_9' title="bbox 218 608 961 659; baseline -0.007 -13"><span class='ocrx_word' id='word_1_50' title='bbox 218 621 247 646; x_wconf 81' lang='lat' dir='ltr'>et</span> <span class='ocrx_word' id='word_1_51' title='bbox 270 611 465 659; x_wconf 85' lang='lat' dir='ltr'>appendiciis</span> <span class='ocrx_word' id='word_1_52' title='bbox 491 610 568 650; x_wconf 87' lang='lat' dir='ltr'>suis,</span> <span class='ocrx_word' id='word_1_53' title='bbox 590 610 771 647; x_wconf 79' lang='lat' dir='ltr'>Beusteten,</span> <span class='ocrx_word' id='word_1_54' title='bbox 795 608 961 654; x_wconf 77' lang='lat' dir='ltr'>l‘utingen,</span> 
     </span>
     <span class='ocr_line' id='line_1_10' title="bbox 218 657 960 705; baseline -0.007 -10"><span class='ocrx_word' id='word_1_55' title='bbox 218 661 323 705; x_wconf 78' lang='lat' dir='ltr'>Aske,</span> <span class='ocrx_word' id='word_1_56' title='bbox 357 661 511 704; x_wconf 86' lang='lat' dir='ltr'>Miuvarn,</span> <span class='ocrx_word' id='word_1_57' title='bbox 548 671 620 694; x_wconf 90' lang='lat' dir='ltr'>cum</span> <span class='ocrx_word' id='word_1_58' title='bbox 658 657 786 692; x_wconf 86' lang='lat' dir='ltr'>ecclesia</span> <span class='ocrx_word' id='word_1_59' title='bbox 820 657 960 691; x_wconf 87' lang='lat' dir='ltr'>ciusdem</span> 
     </span>
     <span class='ocr_line' id='line_1_11' title="bbox 217 705 962 756; baseline -0.008 -11"><span class='ocrx_word' id='word_1_60' title='bbox 217 711 288 751; x_wconf 88' lang='lat' dir='ltr'>loci,</span> <span class='ocrx_word' id='word_1_61' title='bbox 322 707 700 756; x_wconf 88' lang='lat' dir='ltr'>decimisetappendiciis</span> <span class='ocrx_word' id='word_1_62' title='bbox 731 707 813 741; x_wconf 89' lang='lat' dir='ltr'>suis:</span> <span class='ocrx_word' id='word_1_63' title='bbox 839 705 962 740; x_wconf 90' lang='lat' dir='ltr'>Volch—</span> 
     </span>
     <span class='ocr_line' id='line_1_12' title="bbox 218 755 961 801; baseline -0.007 -7"><span class='ocrx_word' id='word_1_64' title='bbox 218 759 389 794; x_wconf 74' lang='lat' dir='ltr'>maristorff</span> <span class='ocrx_word' id='word_1_65' title='bbox 416 771 488 794; x_wconf 92' lang='lat' dir='ltr'>cum</span> <span class='ocrx_word' id='word_1_66' title='bbox 531 757 629 792; x_wconf 88' lang='lat' dir='ltr'>vineis</span> <span class='ocrx_word' id='word_1_67' title='bbox 663 764 693 791; x_wconf 91' lang='lat' dir='ltr'>et</span> <span class='ocrx_word' id='word_1_68' title='bbox 726 756 809 801; x_wconf 81' lang='lat' dir='ltr'>agris</span> <span class='ocrx_word' id='word_1_69' title='bbox 847 755 961 790; x_wconf 88' lang='lat' dir='ltr'>vinito-</span> 
     </span>
     <span class='ocr_line' id='line_1_13' title="bbox 218 805 962 855; baseline -0.008 -11"><span class='ocrx_word' id='word_1_70' title='bbox 218 821 304 844; x_wconf 86' lang='lat' dir='ltr'>rum:</span> <span class='ocrx_word' id='word_1_71' title='bbox 327 808 579 855; x_wconf 81' lang='lat' dir='ltr'>Erigelteshusen</span> <span class='ocrx_word' id='word_1_72' title='bbox 606 818 677 840; x_wconf 91' lang='lat' dir='ltr'>cum</span> <span class='ocrx_word' id='word_1_73' title='bbox 712 805 840 840; x_wconf 85' lang='lat' dir='ltr'>ecclesia</span> <span class='ocrx_word' id='word_1_74' title='bbox 870 805 962 839; x_wconf 89' lang='lat' dir='ltr'>cius-</span> 
     </span>
     <span class='ocr_line' id='line_1_14' title="bbox 216 854 960 902; baseline -0.008 -9"><span class='ocrx_word' id='word_1_75' title='bbox 216 858 286 894; x_wconf 90' lang='lat' dir='ltr'>dem</span> <span class='ocrx_word' id='word_1_76' title='bbox 321 857 403 898; x_wconf 90' lang='lat' dir='ltr'>loci,</span> <span class='ocrx_word' id='word_1_77' title='bbox 437 856 569 892; x_wconf 80' lang='lat' dir='ltr'>decimis</span> <span class='ocrx_word' id='word_1_78' title='bbox 600 863 630 890; x_wconf 88' lang='lat' dir='ltr'>et</span> <span class='ocrx_word' id='word_1_79' title='bbox 660 855 854 902; x_wconf 84' lang='lat' dir='ltr'>appendiciis</span> <span class='ocrx_word' id='word_1_80' title='bbox 879 854 960 888; x_wconf 88' lang='lat' dir='ltr'>suis:</span> 
     </span>
     <span class='ocr_line' id='line_1_15' title="bbox 218 903 962 956; baseline -0.007 -14"><span class='ocrx_word' id='word_1_81' title='bbox 218 907 402 956; x_wconf 81' lang='lat' dir='ltr'>praedium,</span> <span class='ocrx_word' id='word_1_82' title='bbox 437 905 521 953; x_wconf 91' lang='lat' dir='ltr'>quod</span> <span class='ocrx_word' id='word_1_83' title='bbox 548 904 721 953; x_wconf 89' lang='lat' dir='ltr'>appellatur</span> <span class='ocrx_word' id='word_1_84' title='bbox 750 903 851 944; x_wconf 84' lang='lat' dir='ltr'>Rota,</span> <span class='ocrx_word' id='word_1_85' title='bbox 876 903 962 937; x_wconf 89' lang='lat' dir='ltr'>adia-</span> 
     </span>
     <span class='ocr_line' id='line_1_16' title="bbox 216 952 960 992; baseline -0.008 0"><span class='ocrx_word' id='word_1_86' title='bbox 216 969 291 992; x_wconf 84' lang='lat' dir='ltr'>cens</span> <span class='ocrx_word' id='word_1_87' title='bbox 323 955 570 992; x_wconf 75' lang='lat' dir='ltr'>Glane-ssumini</span> <span class='ocrx_word' id='word_1_88' title='bbox 598 967 669 989; x_wconf 81' lang='lat' dir='ltr'>curn</span> <span class='ocrx_word' id='word_1_89' title='bbox 697 953 827 988; x_wconf 80' lang='lat' dir='ltr'>ecclesia</span> <span class='ocrx_word' id='word_1_90' title='bbox 856 952 960 987; x_wconf 83' lang='lat' dir='ltr'>Sancti</span> 
     </span>
     <span class='ocr_line' id='line_1_17' title="bbox 205 1002 961 1053; baseline -0.008 -12"><span class='ocrx_word' id='word_1_91' title='bbox 205 1006 355 1053; x_wconf 67' lang='lat' dir='ltr'>Georgii,</span> <span class='ocrx_word' id='word_1_92' title='bbox 369 1005 499 1041; x_wconf 85' lang='lat' dir='ltr'>decimis</span> <span class='ocrx_word' id='word_1_93' title='bbox 512 1013 541 1039; x_wconf 89' lang='lat' dir='ltr'>et</span> <span class='ocrx_word' id='word_1_94' title='bbox 553 1003 749 1051; x_wconf 89' lang='lat' dir='ltr'>appendiciis</span> <span class='ocrx_word' id='word_1_95' title='bbox 761 1003 836 1041; x_wconf 83' lang='lat' dir='ltr'>suis,</span> <span class='ocrx_word' id='word_1_96' title='bbox 846 1002 961 1046; x_wconf 89' lang='lat' dir='ltr'>llarde,</span> 
     </span>
     <span class='ocr_line' id='line_1_18' title="bbox 216 1052 963 1100; baseline -0.008 -9"><span class='ocrx_word' id='word_1_97' title='bbox 216 1055 444 1096; x_wconf 85' lang='lat' dir='ltr'>Bruuniuutal;</span> <span class='ocrx_word' id='word_1_98' title='bbox 468 1066 610 1088; x_wconf 90' lang='lat' dir='ltr'>mansum</span> <span class='ocrx_word' id='word_1_99' title='bbox 645 1053 728 1100; x_wconf 89' lang='lat' dir='ltr'>apud</span> <span class='ocrx_word' id='word_1_100' title='bbox 751 1052 963 1087; x_wconf 88' lang='lat' dir='ltr'>Truhtherin-</span> 
     </span>
     <span class='ocr_line' id='line_1_19' title="bbox 216 1101 961 1152; baseline -0.005 -13"><span class='ocrx_word' id='word_1_101' title='bbox 216 1117 294 1151; x_wconf 82' lang='lat' dir='ltr'>gen,</span> <span class='ocrx_word' id='word_1_102' title='bbox 317 1103 540 1152; x_wconf 73' lang='lat' dir='ltr'>Helpfendorf,</span> <span class='ocrx_word' id='word_1_103' title='bbox 561 1102 818 1141; x_wconf 88' lang='lat' dir='ltr'>Tuntinhuscen,</span> <span class='ocrx_word' id='word_1_104' title='bbox 841 1101 961 1145; x_wconf 54' lang='lat' dir='ltr'>XVzirte,</span> 
     </span>
     <span class='ocr_line' id='line_1_20' title="bbox 216 1150 962 1195; baseline -0.004 -8"><span class='ocrx_word' id='word_1_105' title='bbox 216 1154 405 1195; x_wconf 88' lang='lat' dir='ltr'>Veristeten,</span> <span class='ocrx_word' id='word_1_106' title='bbox 426 1153 629 1195; x_wconf 80' lang='lat' dir='ltr'>wachreine,</span> <span class='ocrx_word' id='word_1_107' title='bbox 653 1151 819 1195; x_wconf 88' lang='lat' dir='ltr'>Durcholz,</span> <span class='ocrx_word' id='word_1_108' title='bbox 841 1150 962 1191; x_wconf 89' lang='lat' dir='ltr'>Walse,</span> 
     </span>
     <span class='ocr_line' id='line_1_21' title="bbox 217 1200 961 1248; baseline -0.007 -9"><span class='ocrx_word' id='word_1_109' title='bbox 217 1204 397 1248; x_wconf 88' lang='lat' dir='ltr'>Cholental,</span> <span class='ocrx_word' id='word_1_110' title='bbox 419 1211 518 1238; x_wconf 90' lang='lat' dir='ltr'>totum</span> <span class='ocrx_word' id='word_1_111' title='bbox 547 1202 702 1244; x_wconf 83' lang='lat' dir='ltr'>Bileresse</span> <span class='ocrx_word' id='word_1_112' title='bbox 735 1213 807 1236; x_wconf 92' lang='lat' dir='ltr'>cum</span> <span class='ocrx_word' id='word_1_113' title='bbox 829 1200 961 1235; x_wconf 89' lang='lat' dir='ltr'>ecclesia</span> 
     </span>
     <span class='ocr_line' id='line_1_22' title="bbox 217 1250 960 1296; baseline -0.007 -8"><span class='ocrx_word' id='word_1_114' title='bbox 217 1253 360 1288; x_wconf 89' lang='lat' dir='ltr'>eiusdem</span> <span class='ocrx_word' id='word_1_115' title='bbox 377 1253 449 1296; x_wconf 91' lang='lat' dir='ltr'>loci,</span> <span class='ocrx_word' id='word_1_116' title='bbox 464 1252 606 1296; x_wconf 83' lang='lat' dir='ltr'>decimis,</span> <span class='ocrx_word' id='word_1_117' title='bbox 620 1260 649 1285; x_wconf 91' lang='lat' dir='ltr'>et</span> <span class='ocrx_word' id='word_1_118' title='bbox 667 1250 863 1296; x_wconf 85' lang='lat' dir='ltr'>appendiciis</span> <span class='ocrx_word' id='word_1_119' title='bbox 877 1250 960 1284; x_wconf 87' lang='lat' dir='ltr'>suis:</span> 
     </span>
     <span class='ocr_line' id='line_1_23' title="bbox 218 1299 962 1348; baseline -0.005 -11"><span class='ocrx_word' id='word_1_120' title='bbox 218 1303 249 1338; x_wconf 91' lang='lat' dir='ltr'>iu</span> <span class='ocrx_word' id='word_1_121' title='bbox 277 1302 462 1338; x_wconf 89' lang='lat' dir='ltr'>Luichental</span> <span class='ocrx_word' id='word_1_122' title='bbox 488 1301 628 1348; x_wconf 83' lang='lat' dir='ltr'>Stegen,</span> <span class='ocrx_word' id='word_1_123' title='bbox 661 1299 962 1344; x_wconf 76' lang='lat' dir='ltr'>wisinchswanch,</span> 
     </span>
     <span class='ocr_line' id='line_1_24' title="bbox 217 1349 964 1396; baseline -0.005 -9"><span class='ocrx_word' id='word_1_124' title='bbox 217 1352 469 1393; x_wconf 76' lang='lat' dir='ltr'>criessenuowe,</span> <span class='ocrx_word' id='word_1_125' title='bbox 493 1350 676 1391; x_wconf 84' lang='lat' dir='ltr'>Gransowe,</span> <span class='ocrx_word' id='word_1_126' title='bbox 699 1350 810 1388; x_wconf 71' lang='lat' dir='ltr'>Barne,</span> <span class='ocrx_word' id='word_1_127' title='bbox 831 1358 860 1383; x_wconf 88' lang='lat' dir='ltr'>et</span> <span class='ocrx_word' id='word_1_128' title='bbox 878 1349 964 1396; x_wconf 88' lang='lat' dir='ltr'>quic-</span> 
     </span>
     <span class='ocr_line' id='line_1_25' title="bbox 219 1399 963 1449; baseline -0.005 -13"><span class='ocrx_word' id='word_1_129' title='bbox 219 1402 292 1449; x_wconf 90' lang='lat' dir='ltr'>quid</span> <span class='ocrx_word' id='word_1_130' title='bbox 326 1401 455 1436; x_wconf 89' lang='lat' dir='ltr'>illustris</span> <span class='ocrx_word' id='word_1_131' title='bbox 489 1400 657 1436; x_wconf 80' lang='lat' dir='ltr'>memoriae</span> <span class='ocrx_word' id='word_1_132' title='bbox 684 1399 774 1434; x_wconf 92' lang='lat' dir='ltr'>Cono</span> <span class='ocrx_word' id='word_1_133' title='bbox 802 1399 963 1433; x_wconf 89' lang='lat' dir='ltr'>Palatinus</span> 
     </span>
     <span class='ocr_line' id='line_1_26' title="bbox 218 1447 964 1492; baseline -0.007 -6"><span class='ocrx_word' id='word_1_134' title='bbox 218 1463 337 1492; x_wconf 90' lang='lat' dir='ltr'>comes,</span> <span class='ocrx_word' id='word_1_135' title='bbox 359 1451 518 1486; x_wconf 81' lang='lat' dir='ltr'>Ecclesiae</span> <span class='ocrx_word' id='word_1_136' title='bbox 537 1459 656 1484; x_wconf 89' lang='lat' dir='ltr'>vestrae</span> <span class='ocrx_word' id='word_1_137' title='bbox 670 1448 828 1492; x_wconf 75' lang='lat' dir='ltr'>fundator,</span> <span class='ocrx_word' id='word_1_138' title='bbox 849 1460 866 1483; x_wconf 93' lang='lat' dir='ltr'>a</span> <span class='ocrx_word' id='word_1_139' title='bbox 888 1447 964 1482; x_wconf 89' lang='lat' dir='ltr'>Stri-</span> 
     </span>
     <span class='ocr_line' id='line_1_27' title="bbox 219 1497 963 1548; baseline -0.005 -13"><span class='ocrx_word' id='word_1_140' title='bbox 219 1501 298 1535; x_wconf 90' lang='lat' dir='ltr'>chen</span> <span class='ocrx_word' id='word_1_141' title='bbox 323 1513 421 1548; x_wconf 87' lang='lat' dir='ltr'>usque</span> <span class='ocrx_word' id='word_1_142' title='bbox 443 1499 593 1547; x_wconf 83' lang='lat' dir='ltr'>Iogperch</span> <span class='ocrx_word' id='word_1_143' title='bbox 616 1499 696 1534; x_wconf 90' lang='lat' dir='ltr'>iuste</span> <span class='ocrx_word' id='word_1_144' title='bbox 723 1498 884 1542; x_wconf 84' lang='lat' dir='ltr'>habuerat,</span> <span class='ocrx_word' id='word_1_145' title='bbox 916 1497 963 1544; x_wconf 90' lang='lat' dir='ltr'>pia</span> 
     </span>
     <span class='ocr_line' id='line_1_28' title="bbox 219 1549 965 1594; baseline -0.007 -9"><span class='ocrx_word' id='word_1_146' title='bbox 219 1549 308 1585; x_wconf 84' lang='lat' dir='ltr'>vobis</span> <span class='ocrx_word' id='word_1_147' title='bbox 328 1550 368 1585; x_wconf 89' lang='lat' dir='ltr'>ab</span> <span class='ocrx_word' id='word_1_148' title='bbox 389 1563 425 1585; x_wconf 90' lang='lat' dir='ltr'>eo</span> <span class='ocrx_word' id='word_1_149' title='bbox 444 1549 611 1585; x_wconf 89' lang='lat' dir='ltr'>devotione</span> <span class='ocrx_word' id='word_1_150' title='bbox 625 1560 824 1591; x_wconf 85' lang='lat' dir='ltr'>concessum,</span> <span class='ocrx_word' id='word_1_151' title='bbox 844 1555 965 1594; x_wconf 83' lang='lat' dir='ltr'>praeter</span> 
     </span>
     <span class='ocr_line' id='line_1_29' title="bbox 220 1596 963 1645; baseline -0.007 -10"><span class='ocrx_word' id='word_1_152' title='bbox 220 1611 314 1634; x_wconf 88' lang='lat' dir='ltr'>unam</span> <span class='ocrx_word' id='word_1_153' title='bbox 341 1600 535 1635; x_wconf 83' lang='lat' dir='ltr'>mansionem</span> <span class='ocrx_word' id='word_1_154' title='bbox 557 1598 638 1645; x_wconf 92' lang='lat' dir='ltr'>apud</span> <span class='ocrx_word' id='word_1_155' title='bbox 669 1596 963 1632; x_wconf 78' lang='lat' dir='ltr'>wisinchswanch:</span> 
     </span>
     <span class='ocr_line' id='line_1_30' title="bbox 219 1651 964 1702; baseline -0.005 -13"><span class='ocrx_word' id='word_1_156' title='bbox 219 1653 303 1702; x_wconf 88' lang='lat' dir='ltr'>apud</span> <span class='ocrx_word' id='word_1_157' title='bbox 352 1653 442 1689; x_wconf 87' lang='lat' dir='ltr'>Halle</span> <span class='ocrx_word' id='word_1_158' title='bbox 485 1652 629 1701; x_wconf 80' lang='lat' dir='ltr'>patellam</span> <span class='ocrx_word' id='word_1_159' title='bbox 672 1651 745 1687; x_wconf 86' lang='lat' dir='ltr'>salis</span> <span class='ocrx_word' id='word_1_160' title='bbox 788 1659 819 1686; x_wconf 91' lang='lat' dir='ltr'>et</span> <span class='ocrx_word' id='word_1_161' title='bbox 861 1651 964 1685; x_wconf 92' lang='lat' dir='ltr'>locum</span> 
     </span>
     <span class='ocr_line' id='line_1_31' title="bbox 221 1704 967 1756; baseline -0.005 -13"><span class='ocrx_word' id='word_1_162' title='bbox 221 1707 368 1756; x_wconf 87' lang='lat' dir='ltr'>patellae:</span> <span class='ocrx_word' id='word_1_163' title='bbox 403 1707 434 1742; x_wconf 91' lang='lat' dir='ltr'>in</span> <span class='ocrx_word' id='word_1_164' title='bbox 470 1715 595 1748; x_wconf 89' lang='lat' dir='ltr'>monte,</span> <span class='ocrx_word' id='word_1_165' title='bbox 637 1705 691 1754; x_wconf 89' lang='lat' dir='ltr'>qui</span> <span class='ocrx_word' id='word_1_166' title='bbox 723 1705 836 1740; x_wconf 91' lang='lat' dir='ltr'>dicitur</span> <span class='ocrx_word' id='word_1_167' title='bbox 857 1704 967 1739; x_wconf 85' lang='lat' dir='ltr'>Ritino</span> 
     </span>
     <span class='ocr_line' id='line_1_32' title="bbox 221 1759 968 1796; baseline -0.004 1"><span class='ocrx_word' id='word_1_168' title='bbox 221 1774 319 1796; x_wconf 91' lang='lat' dir='ltr'>unum</span> <span class='ocrx_word' id='word_1_169' title='bbox 342 1773 506 1796; x_wconf 89' lang='lat' dir='ltr'>mansum:</span> <span class='ocrx_word' id='word_1_170' title='bbox 530 1761 561 1795; x_wconf 92' lang='lat' dir='ltr'>in</span> <span class='ocrx_word' id='word_1_171' title='bbox 594 1759 698 1795; x_wconf 88' lang='lat' dir='ltr'>Bozen</span> <span class='ocrx_word' id='word_1_172' title='bbox 727 1760 844 1795; x_wconf 89' lang='lat' dir='ltr'>curiam</span> <span class='ocrx_word' id='word_1_173' title='bbox 868 1767 899 1794; x_wconf 92' lang='lat' dir='ltr'>et</span> <span class='ocrx_word' id='word_1_174' title='bbox 920 1759 968 1793; x_wconf 92' lang='lat' dir='ltr'>vi—</span> 
     </span>
     <span class='ocr_line' id='line_1_33' title="bbox 222 1814 966 1863; baseline -0.004 -13"><span class='ocrx_word' id='word_1_175' title='bbox 222 1827 312 1851; x_wconf 90' lang='lat' dir='ltr'>neas:</span> <span class='ocrx_word' id='word_1_176' title='bbox 336 1816 368 1850; x_wconf 87' lang='lat' dir='ltr'>in</span> <span class='ocrx_word' id='word_1_177' title='bbox 394 1815 569 1863; x_wconf 85' lang='lat' dir='ltr'>Hartperch</span> <span class='ocrx_word' id='word_1_178' title='bbox 591 1826 646 1849; x_wconf 80' lang='lat' dir='ltr'>sex</span> <span class='ocrx_word' id='word_1_179' title='bbox 677 1814 781 1850; x_wconf 88' lang='lat' dir='ltr'>vineas</span> <span class='ocrx_word' id='word_1_180' title='bbox 808 1823 837 1849; x_wconf 90' lang='lat' dir='ltr'>et</span> <span class='ocrx_word' id='word_1_181' title='bbox 858 1826 966 1860; x_wconf 84' lang='lat' dir='ltr'>agros:</span> 
     </span>
     <span class='ocr_line' id='line_1_34' title="bbox 221 1867 967 1916; baseline -0.001 -13"><span class='ocrx_word' id='word_1_182' title='bbox 221 1867 412 1915; x_wconf 83' lang='lat' dir='ltr'>Chol&#39;tingen</span> <span class='ocrx_word' id='word_1_183' title='bbox 444 1877 475 1904; x_wconf 87' lang='lat' dir='ltr'>et</span> <span class='ocrx_word' id='word_1_184' title='bbox 504 1867 706 1916; x_wconf 88' lang='lat' dir='ltr'>Ratisponae,</span> <span class='ocrx_word' id='word_1_185' title='bbox 736 1869 853 1904; x_wconf 90' lang='lat' dir='ltr'>curiam</span> <span class='ocrx_word' id='word_1_186' title='bbox 884 1869 967 1902; x_wconf 86' lang='lat' dir='ltr'>iuxta</span> 
     </span>
     <span class='ocr_line' id='line_1_35' title="bbox 222 1922 968 1970; baseline -0.001 -12"><span class='ocrx_word' id='word_1_187' title='bbox 222 1923 257 1958; x_wconf 91' lang='lat' dir='ltr'>S.</span> <span class='ocrx_word' id='word_1_188' title='bbox 284 1922 471 1958; x_wconf 88' lang='lat' dir='ltr'>Cassianum</span> <span class='ocrx_word' id='word_1_189' title='bbox 497 1935 571 1958; x_wconf 88' lang='lat' dir='ltr'>cum</span> <span class='ocrx_word' id='word_1_190' title='bbox 604 1923 682 1958; x_wconf 91' lang='lat' dir='ltr'>atrio</span> <span class='ocrx_word' id='word_1_191' title='bbox 716 1935 771 1970; x_wconf 89' lang='lat' dir='ltr'>per</span> <span class='ocrx_word' id='word_1_192' title='bbox 803 1923 968 1958; x_wconf 91' lang='lat' dir='ltr'>circuitum</span> 
     </span>
     <span class='ocr_line' id='line_1_36' title="bbox 42 1977 969 2039; baseline -0.001 -26"><span class='ocrx_word' id='word_1_193' title='bbox 42 1987 212 2039; x_wconf 46' lang='lat' dir='ltr'>oeeimnstahss-</span> <span class='ocrx_word' id='word_1_194' title='bbox 225 1985 256 2013; x_wconf 90' lang='lat' dir='ltr'>et</span> <span class='ocrx_word' id='word_1_195' title='bbox 285 1977 449 2012; x_wconf 86' lang='lat' dir='ltr'>aedificiis.</span> <span class='ocrx_word' id='word_1_196' title='bbox 481 1977 566 2013; x_wconf 91' lang='lat' dir='ltr'>Sane</span> <span class='ocrx_word' id='word_1_197' title='bbox 597 1978 738 2014; x_wconf 84' lang='lat' dir='ltr'>laborum</span> <span class='ocrx_word' id='word_1_198' title='bbox 770 1986 969 2018; x_wconf 86' lang='lat' dir='ltr'>vestrorum,</span> 
     </span>
     <span class='ocr_line' id='line_1_37' title="bbox 30 2024 971 2080; baseline 0 -13"><span class='ocrx_word' id='word_1_199' title='bbox 30 2024 213 2078; x_wconf 50' lang='grc' dir='ltr'>ζζζᾷῗᾎὲῗξοῖἶ</span> <span class='ocrx_word' id='word_1_200' title='bbox 225 2043 305 2079; x_wconf 92' lang='lat' dir='ltr'>quos</span> <span class='ocrx_word' id='word_1_201' title='bbox 326 2032 462 2080; x_wconf 90' lang='lat' dir='ltr'>propriis</span> <span class='ocrx_word' id='word_1_202' title='bbox 484 2031 628 2067; x_wconf 88' lang='lat' dir='ltr'>manibus</span> <span class='ocrx_word' id='word_1_203' title='bbox 643 2040 697 2067; x_wconf 89' lang='lat' dir='ltr'>aut</span> <span class='ocrx_word' id='word_1_204' title='bbox 718 2031 898 2080; x_wconf 82' lang='lat' dir='ltr'>sumptibus</span> <span class='ocrx_word' id='word_1_205' title='bbox 917 2043 971 2067; x_wconf 92' lang='lat' dir='ltr'>co-</span> 
     </span>
     <span class='ocr_line' id='line_1_38' title="bbox 31 2082 971 2126; baseline -0.002 -4"><span class='ocrx_word' id='word_1_206' title='bbox 31 2082 122 2107; x_wconf 66' lang='lat'>&#39;⁰”‘¹“⁵³</span> <span class='ocrx_word' id='word_1_207' title='bbox 225 2086 300 2126; x_wconf 89' lang='lat' dir='ltr'>litis,</span> <span class='ocrx_word' id='word_1_208' title='bbox 321 2085 386 2121; x_wconf 88' lang='lat' dir='ltr'>sive</span> <span class='ocrx_word' id='word_1_209' title='bbox 407 2085 447 2122; x_wconf 88' lang='lat' dir='ltr'>de</span> <span class='ocrx_word' id='word_1_210' title='bbox 478 2086 679 2122; x_wconf 77' lang='lat' dir='ltr'>nutrimentis</span> <span class='ocrx_word' id='word_1_211' title='bbox 706 2094 880 2122; x_wconf 89' lang='lat' dir='ltr'>vestrorum</span> <span class='ocrx_word' id='word_1_212' title='bbox 902 2085 971 2120; x_wconf 90' lang='lat' dir='ltr'>ani-</span> 
     </span>
     <span class='ocr_line' id='line_1_39' title="bbox 227 2140 972 2188; baseline 0.001 -14"><span class='ocrx_word' id='word_1_213' title='bbox 227 2140 367 2181; x_wconf 80' lang='lat' dir='ltr'>malium,</span> <span class='ocrx_word' id='word_1_214' title='bbox 389 2140 495 2175; x_wconf 89' lang='lat' dir='ltr'>nullus</span> <span class='ocrx_word' id='word_1_215' title='bbox 528 2153 544 2176; x_wconf 88' lang='lat' dir='ltr'>a</span> <span class='ocrx_word' id='word_1_216' title='bbox 567 2141 655 2176; x_wconf 88' lang='lat' dir='ltr'>vobis</span> <span class='ocrx_word' id='word_1_217' title='bbox 677 2141 814 2176; x_wconf 87' lang='lat' dir='ltr'>decimas</span> <span class='ocrx_word' id='word_1_218' title='bbox 842 2152 972 2188; x_wconf 87' lang='lat' dir='ltr'>praesu-</span> 
     </span>
     <span class='ocr_line' id='line_1_40' title="bbox 45 2193 972 2242; baseline -0.001 -12"><span class='ocrx_word' id='word_1_219' title='bbox 45 2201 214 2238; x_wconf 29' lang='lat' dir='ltr'>sepunuramj&#39;n</span> <span class='ocrx_word' id='word_1_220' title='bbox 227 2202 290 2229; x_wconf 89' lang='lat' dir='ltr'>mat</span> <span class='ocrx_word' id='word_1_221' title='bbox 322 2195 456 2242; x_wconf 83' lang='lat' dir='ltr'>exigere.</span> <span class='ocrx_word' id='word_1_222' title='bbox 493 2193 693 2242; x_wconf 87' lang='lat' dir='ltr'>Sepulturam</span> <span class='ocrx_word' id='word_1_223' title='bbox 725 2207 852 2242; x_wconf 90' lang='lat' dir='ltr'>quoque</span> <span class='ocrx_word' id='word_1_224' title='bbox 873 2195 972 2242; x_wconf 91' lang='lat' dir='ltr'>ipsius</span> 
     </span>
     <span class='ocr_line' id='line_1_41' title="bbox 19 2231 657 2255; baseline -0.006 -1"><span class='ocrx_word' id='word_1_225' title='bbox 19 2237 103 2254; x_wconf 78' lang='lat' dir='ltr'>-eorum</span> <span class='ocrx_word' id='word_1_226' title='bbox 113 2231 213 2254; x_wconf 79' lang='lat' dir='ltr'>Ecclesns</span> <span class='ocrx_word' id='word_1_227' title='bbox 280 2248 286 2255; x_wconf 94' lang='lat'><strong>.</strong></span> <span class='ocrx_word' id='word_1_228' title='bbox 327 2249 332 2254; x_wconf 87' lang='lat'>.</span> <span class='ocrx_word' id='word_1_229' title='bbox 651 2249 657 2255; x_wconf 82' lang='grc'>,</span> 
     </span>
     <span class='ocr_line' id='line_1_42' title="bbox 33 2248 971 2294; baseline -0.002 -9"><span class='ocrx_word' id='word_1_230' title='bbox 33 2264 127 2292; x_wconf 63' lang='lat' dir='ltr'>cuiquam</span> <span class='ocrx_word' id='word_1_231' title='bbox 158 2248 287 2286; x_wconf 61' lang='lat' dir='ltr'>nne-loci</span> <span class='ocrx_word' id='word_1_232' title='bbox 314 2248 442 2284; x_wconf 77' lang='lat' dir='ltr'>liberam</span> <span class='ocrx_word' id='word_1_233' title='bbox 470 2261 540 2284; x_wconf 89' lang='lat' dir='ltr'>esse</span> <span class='ocrx_word' id='word_1_234' title='bbox 572 2261 744 2291; x_wconf 78' lang='lat' dir='ltr'>sancimus,</span> <span class='ocrx_word' id='word_1_235' title='bbox 779 2260 812 2283; x_wconf 87' lang='lat' dir='ltr'>ut</span> <span class='ocrx_word' id='word_1_236' title='bbox 842 2261 971 2294; x_wconf 89' lang='lat' dir='ltr'>eorum,</span> 
     </span>
     <span class='ocr_line' id='line_1_43' title="bbox 34 2294 974 2351; baseline -0.001 -12"><span class='ocrx_word' id='word_1_237' title='bbox 34 2294 148 2321; x_wconf 58' lang='lat' dir='ltr'>&#39;‘mm&#39;‘</span> <span class='ocrx_word' id='word_1_238' title='bbox 227 2303 280 2351; x_wconf 90' lang='lat' dir='ltr'>qui</span> <span class='ocrx_word' id='word_1_239' title='bbox 306 2314 340 2338; x_wconf 88' lang='lat' dir='ltr'>se</span> <span class='ocrx_word' id='word_1_240' title='bbox 361 2302 424 2338; x_wconf 90' lang='lat' dir='ltr'>illic</span> <span class='ocrx_word' id='word_1_241' title='bbox 444 2303 570 2350; x_wconf 88' lang='lat' dir='ltr'>sepeliri</span> <span class='ocrx_word' id='word_1_242' title='bbox 600 2303 853 2345; x_wconf 72' lang='lat' dir='ltr'>deliberaverint,</span> <span class='ocrx_word' id='word_1_243' title='bbox 876 2302 974 2338; x_wconf 92' lang='lat' dir='ltr'>devo-</span> 
     </span>
     <span class='ocr_line' id='line_1_44' title="bbox 228 2356 974 2402; baseline -0.001 -10"><span class='ocrx_word' id='word_1_244' title='bbox 228 2357 319 2399; x_wconf 90' lang='lat' dir='ltr'>tioni,</span> <span class='ocrx_word' id='word_1_245' title='bbox 340 2365 370 2393; x_wconf 93' lang='lat' dir='ltr'>et</span> <span class='ocrx_word' id='word_1_246' title='bbox 391 2365 548 2393; x_wconf 83' lang='lat' dir='ltr'>extremae</span> <span class='ocrx_word' id='word_1_247' title='bbox 574 2357 738 2402; x_wconf 88' lang='lat' dir='ltr'>voluntati,</span> <span class='ocrx_word' id='word_1_248' title='bbox 760 2356 818 2391; x_wconf 91' lang='lat' dir='ltr'>nisi</span> <span class='ocrx_word' id='word_1_249' title='bbox 843 2368 974 2392; x_wconf 92' lang='lat' dir='ltr'>excom-</span> 
     </span>
     <span class='ocr_line' id='line_1_45' title="bbox 228 2410 973 2454; baseline -0.001 -8"><span class='ocrx_word' id='word_1_250' title='bbox 228 2411 378 2448; x_wconf 90' lang='lat' dir='ltr'>municati</span> <span class='ocrx_word' id='word_1_251' title='bbox 393 2412 467 2454; x_wconf 91' lang='lat' dir='ltr'>sint,</span> <span class='ocrx_word' id='word_1_252' title='bbox 482 2411 589 2447; x_wconf 91' lang='lat' dir='ltr'>nullus</span> <span class='ocrx_word' id='word_1_253' title='bbox 606 2411 749 2446; x_wconf 87' lang='lat' dir='ltr'>obsistat:</span> <span class='ocrx_word' id='word_1_254' title='bbox 772 2410 855 2446; x_wconf 86' lang='lat' dir='ltr'>salva</span> <span class='ocrx_word' id='word_1_255' title='bbox 870 2418 973 2446; x_wconf 89' lang='lat' dir='ltr'>tamen</span> 
     </span>
     <span class='ocr_line' id='line_1_46' title="bbox 229 2465 976 2502; baseline -0.001 -2"><span class='ocrx_word' id='word_1_256' title='bbox 229 2465 346 2502; x_wconf 88' lang='lat' dir='ltr'>iustitia</span> <span class='ocrx_word' id='word_1_257' title='bbox 367 2466 506 2501; x_wconf 86' lang='lat' dir='ltr'>matricis</span> <span class='ocrx_word' id='word_1_258' title='bbox 525 2465 697 2501; x_wconf 82' lang='lat' dir='ltr'>Ecclesiae.</span> <span class='ocrx_word' id='word_1_259' title='bbox 719 2465 818 2501; x_wconf 85' lang='lat' dir='ltr'>Porro</span> <span class='ocrx_word' id='word_1_260' title='bbox 840 2465 899 2500; x_wconf 90' lang='lat' dir='ltr'>loci</span> <span class='ocrx_word' id='word_1_261' title='bbox 926 2477 976 2500; x_wconf 91' lang='lat' dir='ltr'>ve-</span> 
     </span>
     <span class='ocr_line' id='line_1_47' title="bbox 37 2519 977 2582; baseline -0.003 -26"><span class='ocrx_word' id='word_1_262' title='bbox 37 2524 218 2582; x_wconf 48' lang='lat' dir='ltr'>effigffiess-</span> <span class='ocrx_word' id='word_1_263' title='bbox 229 2520 284 2555; x_wconf 89' lang='lat' dir='ltr'>stri</span> <span class='ocrx_word' id='word_1_264' title='bbox 305 2519 497 2556; x_wconf 83' lang='lat' dir='ltr'>advocatiam</span> <span class='ocrx_word' id='word_1_265' title='bbox 525 2519 632 2554; x_wconf 91' lang='lat' dir='ltr'>nullus</span> <span class='ocrx_word' id='word_1_266' title='bbox 645 2519 795 2554; x_wconf 90' lang='lat' dir='ltr'>invadere</span> <span class='ocrx_word' id='word_1_267' title='bbox 817 2519 864 2554; x_wconf 89' lang='lat' dir='ltr'>vel</span> <span class='ocrx_word' id='word_1_268' title='bbox 887 2531 977 2554; x_wconf 92' lang='lat' dir='ltr'>usur-</span> 
     </span>
     <span class='ocr_line' id='line_1_48' title="bbox 37 2573 976 2623; baseline 0.001 -17"><span class='ocrx_word' id='word_1_269' title='bbox 37 2585 114 2612; x_wconf 65' lang='grc' dir='ltr'>ιιιοις</span> <span class='ocrx_word' id='word_1_270' title='bbox 233 2586 306 2623; x_wconf 88' lang='lat' dir='ltr'>pare</span> <span class='ocrx_word' id='word_1_271' title='bbox 332 2582 519 2622; x_wconf 86' lang='lat' dir='ltr'>praesumat,</span> <span class='ocrx_word' id='word_1_272' title='bbox 543 2574 600 2609; x_wconf 81' lang='lat' dir='ltr'>nisi</span> <span class='ocrx_word' id='word_1_273' title='bbox 624 2586 718 2621; x_wconf 88' lang='lat' dir='ltr'>quem</span> <span class='ocrx_word' id='word_1_274' title='bbox 739 2573 837 2609; x_wconf 89' lang='lat' dir='ltr'>abbas</span> <span class='ocrx_word' id='word_1_275' title='bbox 858 2581 889 2608; x_wconf 92' lang='lat' dir='ltr'>et</span> <span class='ocrx_word' id='word_1_276' title='bbox 914 2573 976 2607; x_wconf 82' lang='lat' dir='ltr'>fra-</span> 
     </span>
     <span class='ocr_line' id='line_1_49' title="bbox 232 2627 976 2676; baseline -0.003 -12"><span class='ocrx_word' id='word_1_277' title='bbox 232 2636 296 2664; x_wconf 85' lang='lat' dir='ltr'>tres</span> <span class='ocrx_word' id='word_1_278' title='bbox 319 2627 492 2663; x_wconf 89' lang='lat' dir='ltr'>secundum</span> <span class='ocrx_word' id='word_1_279' title='bbox 520 2627 646 2663; x_wconf 84' lang='lat' dir='ltr'>Domini</span> <span class='ocrx_word' id='word_1_280' title='bbox 674 2636 705 2663; x_wconf 88' lang='lat' dir='ltr'>et</span> <span class='ocrx_word' id='word_1_281' title='bbox 737 2628 836 2676; x_wconf 91' lang='lat' dir='ltr'>ipsius</span> <span class='ocrx_word' id='word_1_282' title='bbox 865 2638 976 2662; x_wconf 89' lang='lat' dir='ltr'>mona-</span> 
     </span>
     <span class='ocr_line' id='line_1_50' title="bbox 313 2684 820 2716; baseline -0.002 -1"><span class='ocrx_word' id='word_1_283' title='bbox 313 2685 387 2715; x_wconf 83' lang='lat' dir='ltr'>Bull.</span> <span class='ocrx_word' id='word_1_284' title='bbox 405 2685 482 2716; x_wconf 85' lang='lat' dir='ltr'>Rom.</span> <span class='ocrx_word' id='word_1_285' title='bbox 509 2685 563 2715; x_wconf 89' lang='lat' dir='ltr'>Vol.</span> <span class='ocrx_word' id='word_1_286' title='bbox 587 2685 622 2714; x_wconf 86' lang='grc' dir='ltr'>ΙΙ,</span> <span class='ocrx_word' id='word_1_287' title='bbox 783 2684 820 2714; x_wconf 74' lang='grc'>’12</span> 
     </span>
    </p>
   </div>
   <div class='ocr_carea' id='block_1_3' title="bbox 837 257 991 280">
    <p class='ocr_par' dir='ltr' id='par_1_3' title="bbox 837 257 991 280">
     <span class='ocr_line' id='line_1_51' title="bbox 837 257 991 280; baseline -0.013 0"><span class='ocrx_word' id='word_1_288' title='bbox 837 257 991 280; x_wconf 56' lang='lat' dir='ltr'>Eruimus</span> 
     </span>
    </p>
   </div>
   <div class='ocr_carea' id='block_1_4' title="bbox 1628 239 1697 274">
    <p class='ocr_par' dir='ltr' id='par_1_4' title="bbox 1628 239 1697 274">
     <span class='ocr_line' id='line_1_52' title="bbox 1628 239 1697 274; baseline 0 0"><span class='ocrx_word' id='word_1_289' title='bbox 1628 239 1697 274; x_wconf 79' lang='lat'>569</span> 
     </span>
    </p>
   </div>
   <div class='ocr_carea' id='block_1_5' title="bbox 1001 305 1758 2178">
    <p class='ocr_par' dir='ltr' id='par_1_5' title="bbox 1001 305 1758 2178">
     <span class='ocr_line' id='line_1_53' title="bbox 1002 305 1746 353; baseline -0.005 -10"><span class='ocrx_word' id='word_1_290' title='bbox 1002 311 1084 345; x_wconf 78' lang='lat' dir='ltr'>sterii</span> <span class='ocrx_word' id='word_1_291' title='bbox 1123 309 1284 344; x_wconf 82' lang='lat' dir='ltr'>utilitatem</span> <span class='ocrx_word' id='word_1_292' title='bbox 1312 307 1472 353; x_wconf 77' lang='lat' dir='ltr'>elegerint.</span> <span class='ocrx_word' id='word_1_293' title='bbox 1499 305 1646 340; x_wconf 89' lang='lat' dir='ltr'>Obeunte</span> <span class='ocrx_word' id='word_1_294' title='bbox 1673 318 1746 340; x_wconf 86' lang='lat' dir='ltr'>vero</span> 
     </span>
     <span class='ocr_line' id='line_1_54' title="bbox 1003 357 1742 399; baseline -0.007 -6"><span class='ocrx_word' id='word_1_295' title='bbox 1003 369 1042 398; x_wconf 72' lang='lat' dir='ltr'>te,</span> <span class='ocrx_word' id='word_1_296' title='bbox 1067 372 1149 393; x_wconf 79' lang='lat' dir='ltr'>nimc</span> <span class='ocrx_word' id='word_1_297' title='bbox 1165 359 1303 393; x_wconf 84' lang='lat' dir='ltr'>eiusdem</span> <span class='ocrx_word' id='word_1_298' title='bbox 1328 357 1385 392; x_wconf 89' lang='lat' dir='ltr'>loci</span> <span class='ocrx_word' id='word_1_299' title='bbox 1404 357 1527 399; x_wconf 87' lang='lat' dir='ltr'>ahbatc,</span> <span class='ocrx_word' id='word_1_300' title='bbox 1551 363 1603 390; x_wconf 88' lang='lat' dir='ltr'>aut</span> <span class='ocrx_word' id='word_1_301' title='bbox 1620 364 1742 389; x_wconf 88' lang='lat' dir='ltr'>tuorum</span> 
     </span>
     <span class='ocr_line' id='line_1_55' title="bbox 1001 404 1743 455; baseline -0.005 -13"><span class='ocrx_word' id='word_1_302' title='bbox 1001 408 1142 455; x_wconf 87' lang='lat' dir='ltr'>qnohhet</span> <span class='ocrx_word' id='word_1_303' title='bbox 1164 419 1392 446; x_wconf 80' lang='lat' dir='ltr'>successorum,</span> <span class='ocrx_word' id='word_1_304' title='bbox 1417 406 1521 441; x_wconf 86' lang='lat' dir='ltr'>nullus</span> <span class='ocrx_word' id='word_1_305' title='bbox 1543 405 1583 439; x_wconf 89' lang='lat' dir='ltr'>ihi</span> <span class='ocrx_word' id='word_1_306' title='bbox 1606 404 1743 453; x_wconf 87' lang='lat' dir='ltr'>qualibet</span> 
     </span>
     <span class='ocr_line' id='line_1_56' title="bbox 1001 456 1744 504; baseline -0.005 -12"><span class='ocrx_word' id='word_1_307' title='bbox 1001 458 1207 504; x_wconf 81' lang='lat' dir='ltr'>surreptionis</span> <span class='ocrx_word' id='word_1_308' title='bbox 1229 457 1339 491; x_wconf 86' lang='lat' dir='ltr'>astutia</span> <span class='ocrx_word' id='word_1_309' title='bbox 1363 469 1416 490; x_wconf 81' lang='lat' dir='ltr'>seu</span> <span class='ocrx_word' id='word_1_310' title='bbox 1442 456 1586 490; x_wconf 76' lang='lat' dir='ltr'>violentia</span> <span class='ocrx_word' id='word_1_311' title='bbox 1611 467 1744 502; x_wconf 87' lang='lat' dir='ltr'>praepo-</span> 
     </span>
     <span class='ocr_line' id='line_1_57' title="bbox 1003 505 1746 553; baseline -0.005 -11"><span class='ocrx_word' id='word_1_312' title='bbox 1003 515 1109 550; x_wconf 90' lang='lat' dir='ltr'>natur,</span> <span class='ocrx_word' id='word_1_313' title='bbox 1133 507 1189 540; x_wconf 85' lang='lat' dir='ltr'>nisi</span> <span class='ocrx_word' id='word_1_314' title='bbox 1219 518 1311 553; x_wconf 86' lang='lat' dir='ltr'>quem</span> <span class='ocrx_word' id='word_1_315' title='bbox 1341 507 1448 540; x_wconf 79' lang='lat' dir='ltr'>fratres</span> <span class='ocrx_word' id='word_1_316' title='bbox 1475 505 1635 539; x_wconf 86' lang='lat' dir='ltr'>communi</span> <span class='ocrx_word' id='word_1_317' title='bbox 1662 516 1746 539; x_wconf 90' lang='lat' dir='ltr'>con-</span> 
     </span>
     <span class='ocr_line' id='line_1_58' title="bbox 1002 554 1746 602; baseline -0.004 -11"><span class='ocrx_word' id='word_1_318' title='bbox 1002 569 1108 599; x_wconf 88' lang='lat' dir='ltr'>sensu,</span> <span class='ocrx_word' id='word_1_319' title='bbox 1131 556 1176 590; x_wconf 68' lang='lat' dir='ltr'>vel</span> <span class='ocrx_word' id='word_1_320' title='bbox 1212 556 1338 589; x_wconf 72' lang='lat' dir='ltr'>fratrum</span> <span class='ocrx_word' id='word_1_321' title='bbox 1364 567 1434 602; x_wconf 88' lang='lat' dir='ltr'>pars</span> <span class='ocrx_word' id='word_1_322' title='bbox 1463 555 1584 589; x_wconf 84' lang='lat' dir='ltr'>consilii</span> <span class='ocrx_word' id='word_1_323' title='bbox 1613 554 1746 588; x_wconf 86' lang='lat' dir='ltr'>sanioris</span> 
     </span>
     <span class='ocr_line' id='line_1_59' title="bbox 1002 603 1745 641; baseline -0.003 -2"><span class='ocrx_word' id='word_1_324' title='bbox 1002 605 1176 641; x_wconf 85' lang='lat' dir='ltr'>secuudum</span> <span class='ocrx_word' id='word_1_325' title='bbox 1204 605 1261 639; x_wconf 84' lang='lat' dir='ltr'>l)ei</span> <span class='ocrx_word' id='word_1_326' title='bbox 1284 605 1425 639; x_wconf 87' lang='lat' dir='ltr'>timorem</span> <span class='ocrx_word' id='word_1_327' title='bbox 1454 613 1484 639; x_wconf 88' lang='lat' dir='ltr'>et</span> <span class='ocrx_word' id='word_1_328' title='bbox 1505 604 1583 638; x_wconf 78' lang='lat' dir='ltr'>heati</span> <span class='ocrx_word' id='word_1_329' title='bbox 1609 603 1745 638; x_wconf 85' lang='lat' dir='ltr'>Benedi-</span> 
     </span>
     <span class='ocr_line' id='line_1_60' title="bbox 1002 653 1746 701; baseline -0.004 -11"><span class='ocrx_word' id='word_1_330' title='bbox 1002 656 1042 691; x_wconf 87' lang='lat' dir='ltr'>cti</span> <span class='ocrx_word' id='word_1_331' title='bbox 1067 655 1203 700; x_wconf 66' lang='lat' dir='ltr'>regulam</span> <span class='ocrx_word' id='word_1_332' title='bbox 1237 654 1427 701; x_wconf 81' lang='lat' dir='ltr'>providerint</span> <span class='ocrx_word' id='word_1_333' title='bbox 1459 654 1651 699; x_wconf 76' lang='lat' dir='ltr'>eligendum.</span> <span class='ocrx_word' id='word_1_334' title='bbox 1680 653 1746 687; x_wconf 85' lang='lat' dir='ltr'>De-</span> 
     </span>
     <span class='ocr_line' id='line_1_61' title="bbox 1003 702 1745 749; baseline -0.007 -9"><span class='ocrx_word' id='word_1_335' title='bbox 1003 705 1160 740; x_wconf 85' lang='lat' dir='ltr'>cernimus</span> <span class='ocrx_word' id='word_1_336' title='bbox 1187 716 1280 749; x_wconf 73' lang='lat' dir='ltr'>ergo,</span> <span class='ocrx_word' id='word_1_337' title='bbox 1316 710 1349 737; x_wconf 93' lang='lat' dir='ltr'>ut</span> <span class='ocrx_word' id='word_1_338' title='bbox 1381 702 1455 737; x_wconf 89' lang='lat' dir='ltr'>nulli</span> <span class='ocrx_word' id='word_1_339' title='bbox 1490 703 1617 737; x_wconf 78' lang='lat' dir='ltr'>(minino</span> <span class='ocrx_word' id='word_1_340' title='bbox 1649 702 1745 737; x_wconf 87' lang='lat' dir='ltr'>homi-</span> 
     </span>
     <span class='ocr_line' id='line_1_62' title="bbox 1004 751 1744 800; baseline -0.003 -12"><span class='ocrx_word' id='word_1_341' title='bbox 1004 767 1076 789; x_wconf 89' lang='lat' dir='ltr'>num</span> <span class='ocrx_word' id='word_1_342' title='bbox 1105 753 1195 788; x_wconf 89' lang='lat' dir='ltr'>liceat</span> <span class='ocrx_word' id='word_1_343' title='bbox 1223 752 1390 800; x_wconf 74' lang='lat' dir='ltr'>praefatam</span> <span class='ocrx_word' id='word_1_344' title='bbox 1425 751 1593 786; x_wconf 79' lang='lat' dir='ltr'>Ecclesiam</span> <span class='ocrx_word' id='word_1_345' title='bbox 1629 759 1744 787; x_wconf 88' lang='lat' dir='ltr'>temere</span> 
     </span>
     <span class='ocr_line' id='line_1_63' title="bbox 1004 802 1745 850; baseline -0.004 -12"><span class='ocrx_word' id='word_1_346' title='bbox 1004 803 1199 850; x_wconf 86' lang='lat' dir='ltr'>perturbare,</span> <span class='ocrx_word' id='word_1_347' title='bbox 1235 810 1288 837; x_wconf 91' lang='lat' dir='ltr'>aut</span> <span class='ocrx_word' id='word_1_348' title='bbox 1329 803 1396 836; x_wconf 88' lang='lat' dir='ltr'>eius</span> <span class='ocrx_word' id='word_1_349' title='bbox 1431 802 1645 848; x_wconf 79' lang='lat' dir='ltr'>possessiones</span> <span class='ocrx_word' id='word_1_350' title='bbox 1682 814 1745 835; x_wconf 89' lang='lat' dir='ltr'>au—</span> 
     </span>
     <span class='ocr_line' id='line_1_64' title="bbox 1004 851 1744 897; baseline -0.004 -9"><span class='ocrx_word' id='word_1_351' title='bbox 1004 854 1105 897; x_wconf 78' lang='lat' dir='ltr'>ferre,</span> <span class='ocrx_word' id='word_1_352' title='bbox 1146 852 1189 886; x_wconf 76' lang='lat' dir='ltr'>rel</span> <span class='ocrx_word' id='word_1_353' title='bbox 1228 851 1345 886; x_wconf 88' lang='lat' dir='ltr'>ablatas</span> <span class='ocrx_word' id='word_1_354' title='bbox 1382 851 1538 891; x_wconf 87' lang='lat' dir='ltr'>retinere,</span> <span class='ocrx_word' id='word_1_355' title='bbox 1581 851 1744 890; x_wconf 85' lang='lat' dir='ltr'>minuere,</span> 
     </span>
     <span class='ocr_line' id='line_1_65' title="bbox 1002 900 1745 949; baseline -0.003 -13"><span class='ocrx_word' id='word_1_356' title='bbox 1002 916 1056 937; x_wconf 83' lang='lat' dir='ltr'>seu</span> <span class='ocrx_word' id='word_1_357' title='bbox 1084 901 1240 949; x_wconf 83' lang='lat' dir='ltr'>aliquibus</span> <span class='ocrx_word' id='word_1_358' title='bbox 1271 900 1486 936; x_wconf 88' lang='lat' dir='ltr'>vexationibus</span> <span class='ocrx_word' id='word_1_359' title='bbox 1520 900 1663 945; x_wconf 79' lang='lat' dir='ltr'>fatigare;</span> <span class='ocrx_word' id='word_1_360' title='bbox 1691 900 1745 934; x_wconf 91' lang='lat' dir='ltr'>sed</span> 
     </span>
     <span class='ocr_line' id='line_1_66' title="bbox 1003 952 1747 997; baseline -0.004 -11"><span class='ocrx_word' id='word_1_361' title='bbox 1003 952 1107 987; x_wconf 86' lang='lat' dir='ltr'>omnia</span> <span class='ocrx_word' id='word_1_362' title='bbox 1131 952 1248 997; x_wconf 81' lang='lat' dir='ltr'>integra</span> <span class='ocrx_word' id='word_1_363' title='bbox 1275 958 1516 990; x_wconf 74' lang='lat' dir='ltr'>conserventur,</span> <span class='ocrx_word' id='word_1_364' title='bbox 1544 962 1667 994; x_wconf 90' lang='lat' dir='ltr'>corum,</span> <span class='ocrx_word' id='word_1_365' title='bbox 1692 962 1747 996; x_wconf 87' lang='lat' dir='ltr'>pro</span> 
     </span>
     <span class='ocr_line' id='line_1_67' title="bbox 1002 999 1749 1048; baseline -0.004 -13"><span class='ocrx_word' id='word_1_366' title='bbox 1002 1014 1136 1048; x_wconf 80' lang='lat' dir='ltr'>qnorum</span> <span class='ocrx_word' id='word_1_367' title='bbox 1158 1000 1386 1047; x_wconf 79' lang='lat' dir='ltr'>gubernatione</span> <span class='ocrx_word' id='word_1_368' title='bbox 1413 1011 1561 1034; x_wconf 89' lang='lat' dir='ltr'>concessa</span> <span class='ocrx_word' id='word_1_369' title='bbox 1589 1006 1671 1039; x_wconf 90' lang='lat' dir='ltr'>sunt,</span> <span class='ocrx_word' id='word_1_370' title='bbox 1689 999 1749 1033; x_wconf 90' lang='lat' dir='ltr'>nsi-</span> 
     </span>
     <span class='ocr_line' id='line_1_68' title="bbox 1004 1048 1748 1097; baseline -0.005 -12"><span class='ocrx_word' id='word_1_371' title='bbox 1004 1049 1278 1096; x_wconf 67' lang='lat' dir='ltr'>husomuimoffls</span> <span class='ocrx_word' id='word_1_372' title='bbox 1317 1049 1494 1097; x_wconf 79' lang='lat' dir='ltr'>profutura:</span> <span class='ocrx_word' id='word_1_373' title='bbox 1537 1048 1623 1083; x_wconf 88' lang='lat' dir='ltr'>salva</span> <span class='ocrx_word' id='word_1_374' title='bbox 1660 1048 1748 1082; x_wconf 78' lang='lat' dir='ltr'>dioe-</span> 
     </span>
     <span class='ocr_line' id='line_1_69' title="bbox 1002 1097 1748 1146; baseline -0.005 -11"><span class='ocrx_word' id='word_1_375' title='bbox 1002 1113 1186 1136; x_wconf 84' lang='lat' dir='ltr'>cesanorum</span> <span class='ocrx_word' id='word_1_376' title='bbox 1215 1111 1436 1146; x_wconf 81' lang='lat' dir='ltr'>episcoporum</span> <span class='ocrx_word' id='word_1_377' title='bbox 1461 1098 1611 1133; x_wconf 86' lang='lat' dir='ltr'>canonica</span> <span class='ocrx_word' id='word_1_378' title='bbox 1634 1097 1748 1131; x_wconf 86' lang='lat' dir='ltr'>iustitia</span> 
     </span>
     <span class='ocr_line' id='line_1_70' title="bbox 1002 1148 1750 1194; baseline -0.005 -9"><span class='ocrx_word' id='word_1_379' title='bbox 1002 1159 1031 1185; x_wconf 89' lang='lat' dir='ltr'>et</span> <span class='ocrx_word' id='word_1_380' title='bbox 1059 1149 1241 1185; x_wconf 82' lang='lat' dir='ltr'>reverentia.</span> <span class='ocrx_word' id='word_1_381' title='bbox 1276 1149 1322 1183; x_wconf 74' lang='lat' dir='ltr'>Ad</span> <span class='ocrx_word' id='word_1_382' title='bbox 1352 1148 1504 1183; x_wconf 90' lang='lat' dir='ltr'>indicium</span> <span class='ocrx_word' id='word_1_383' title='bbox 1533 1160 1605 1182; x_wconf 90' lang='lat' dir='ltr'>vero</span> <span class='ocrx_word' id='word_1_384' title='bbox 1640 1159 1750 1194; x_wconf 89' lang='lat' dir='ltr'>perce-</span> 
     </span>
     <span class='ocr_line' id='line_1_71' title="bbox 1004 1196 1751 1247; baseline -0.005 -13"><span class='ocrx_word' id='word_1_385' title='bbox 1004 1209 1073 1247; x_wconf 85' lang='lat' dir='ltr'>ptae</span> <span class='ocrx_word' id='word_1_386' title='bbox 1095 1199 1189 1234; x_wconf 90' lang='lat' dir='ltr'>huius</span> <span class='ocrx_word' id='word_1_387' title='bbox 1209 1211 1224 1233; x_wconf 88' lang='lat' dir='ltr'>a</span> <span class='ocrx_word' id='word_1_388' title='bbox 1242 1199 1324 1234; x_wconf 86' lang='lat' dir='ltr'>Sede</span> <span class='ocrx_word' id='word_1_389' title='bbox 1339 1198 1520 1245; x_wconf 84' lang='lat' dir='ltr'>Apostolica</span> <span class='ocrx_word' id='word_1_390' title='bbox 1548 1196 1751 1245; x_wconf 89' lang='lat' dir='ltr'>protectionis</span> 
     </span>
     <span class='ocr_line' id='line_1_72' title="bbox 1004 1247 1753 1294; baseline -0.005 -11"><span class='ocrx_word' id='word_1_391' title='bbox 1004 1249 1174 1284; x_wconf 83' lang='lat' dir='ltr'>bizantium</span> <span class='ocrx_word' id='word_1_392' title='bbox 1202 1261 1332 1283; x_wconf 86' lang='lat' dir='ltr'>aureum</span> <span class='ocrx_word' id='word_1_393' title='bbox 1355 1248 1446 1282; x_wconf 90' lang='lat' dir='ltr'>nobis</span> <span class='ocrx_word' id='word_1_394' title='bbox 1473 1247 1649 1294; x_wconf 89' lang='lat' dir='ltr'>nostrisque</span> <span class='ocrx_word' id='word_1_395' title='bbox 1677 1259 1753 1280; x_wconf 89' lang='lat' dir='ltr'>suc-</span> 
     </span>
     <span class='ocr_line' id='line_1_73' title="bbox 1003 1296 1753 1344; baseline -0.005 -11"><span class='ocrx_word' id='word_1_396' title='bbox 1003 1298 1180 1334; x_wconf 85' lang='lat' dir='ltr'>cessoribus</span> <span class='ocrx_word' id='word_1_397' title='bbox 1206 1298 1382 1333; x_wconf 84' lang='lat' dir='ltr'>annualiter</span> <span class='ocrx_word' id='word_1_398' title='bbox 1404 1297 1597 1344; x_wconf 86' lang='lat' dir='ltr'>persolvetis.</span> <span class='ocrx_word' id='word_1_399' title='bbox 1625 1296 1658 1331; x_wconf 91' lang='lat' dir='ltr'>Si</span> <span class='ocrx_word' id='word_1_400' title='bbox 1689 1308 1753 1343; x_wconf 89' lang='lat' dir='ltr'>qua</span> 
     </span>
     <span class='ocr_line' id='line_1_74' title="bbox 1005 1345 1753 1395; baseline -0.005 -12"><span class='ocrx_word' id='word_1_401' title='bbox 1005 1350 1099 1395; x_wconf 74' lang='lat' dir='ltr'>igitur</span> <span class='ocrx_word' id='word_1_402' title='bbox 1116 1349 1144 1382; x_wconf 90' lang='lat' dir='ltr'>in</span> <span class='ocrx_word' id='word_1_403' title='bbox 1163 1347 1301 1383; x_wconf 85' lang='lat' dir='ltr'>futurum</span> <span class='ocrx_word' id='word_1_404' title='bbox 1318 1347 1529 1382; x_wconf 88' lang='lat' dir='ltr'>ecclesiastica</span> <span class='ocrx_word' id='word_1_405' title='bbox 1546 1345 1753 1381; x_wconf 86' lang='lat' dir='ltr'>saecularisve</span> 
     </span>
     <span class='ocr_line' id='line_1_75' title="bbox 1007 1394 1754 1445; baseline -0.004 -14"><span class='ocrx_word' id='word_1_406' title='bbox 1007 1410 1150 1445; x_wconf 83' lang='lat' dir='ltr'>persona,</span> <span class='ocrx_word' id='word_1_407' title='bbox 1170 1398 1250 1432; x_wconf 89' lang='lat' dir='ltr'>hanc</span> <span class='ocrx_word' id='word_1_408' title='bbox 1264 1405 1386 1432; x_wconf 89' lang='lat' dir='ltr'>nostrae</span> <span class='ocrx_word' id='word_1_409' title='bbox 1408 1395 1642 1431; x_wconf 87' lang='lat' dir='ltr'>constitutionis</span> <span class='ocrx_word' id='word_1_410' title='bbox 1665 1394 1754 1442; x_wconf 86' lang='lat' dir='ltr'>pagi-</span> 
     </span>
     <span class='ocr_line' id='line_1_76' title="bbox 1005 1452 1754 1491; baseline -0.005 -9"><span class='ocrx_word' id='word_1_411' title='bbox 1005 1461 1074 1482; x_wconf 88' lang='lat' dir='ltr'>nam</span> <span class='ocrx_word' id='word_1_412' title='bbox 1092 1459 1207 1491; x_wconf 79' lang='lat' dir='ltr'>sciens,</span> <span class='ocrx_word' id='word_1_413' title='bbox 1221 1456 1329 1482; x_wconf 87' lang='lat' dir='ltr'>contra</span> <span class='ocrx_word' id='word_1_414' title='bbox 1345 1458 1411 1482; x_wconf 91' lang='lat' dir='ltr'>eam</span> <span class='ocrx_word' id='word_1_415' title='bbox 1427 1453 1544 1481; x_wconf 87' lang='lat' dir='ltr'>temere</span> <span class='ocrx_word' id='word_1_416' title='bbox 1559 1457 1664 1480; x_wconf 89' lang='lat' dir='ltr'>ven1re</span> <span class='ocrx_word' id='word_1_417' title='bbox 1684 1452 1754 1479; x_wconf 89' lang='lat' dir='ltr'>ten-</span> 
     </span>
     <span class='ocr_line' id='line_1_77' title="bbox 1004 1494 1751 1537; baseline -0.005 -5"><span class='ocrx_word' id='word_1_418' title='bbox 1004 1497 1131 1537; x_wconf 85' lang='lat' dir='ltr'>taverit,</span> <span class='ocrx_word' id='word_1_419' title='bbox 1152 1497 1292 1531; x_wconf 84' lang='lat' dir='ltr'>secundo</span> <span class='ocrx_word' id='word_1_420' title='bbox 1307 1496 1437 1531; x_wconf 83' lang='lat' dir='ltr'>tertiove</span> <span class='ocrx_word' id='word_1_421' title='bbox 1459 1494 1661 1535; x_wconf 88' lang='lat' dir='ltr'>commonita,</span> <span class='ocrx_word' id='word_1_422' title='bbox 1691 1494 1751 1528; x_wconf 88' lang='lat' dir='ltr'>nisi</span> 
     </span>
     <span class='ocr_line' id='line_1_78' title="bbox 1004 1544 1756 1593; baseline -0.004 -12"><span class='ocrx_word' id='word_1_423' title='bbox 1004 1547 1215 1582; x_wconf 77' lang='lat' dir='ltr'>satisfactione</span> <span class='ocrx_word' id='word_1_424' title='bbox 1231 1558 1369 1593; x_wconf 84' lang='lat' dir='ltr'>congrua</span> <span class='ocrx_word' id='word_1_425' title='bbox 1384 1544 1607 1585; x_wconf 76' lang='lat' dir='ltr'>emendaverit,</span> <span class='ocrx_word' id='word_1_426' title='bbox 1624 1550 1756 1592; x_wconf 88' lang='lat' dir='ltr'>potesta-</span> 
     </span>
     <span class='ocr_line' id='line_1_79' title="bbox 1006 1595 1753 1643; baseline -0.004 -12"><span class='ocrx_word' id='word_1_427' title='bbox 1006 1597 1043 1631; x_wconf 92' lang='lat' dir='ltr'>tis</span> <span class='ocrx_word' id='word_1_428' title='bbox 1058 1596 1250 1643; x_wconf 85' lang='lat' dir='ltr'>honorisque</span> <span class='ocrx_word' id='word_1_429' title='bbox 1271 1596 1317 1631; x_wconf 90' lang='lat' dir='ltr'>sui</span> <span class='ocrx_word' id='word_1_430' title='bbox 1336 1595 1488 1642; x_wconf 83' lang='lat' dir='ltr'>dignitate</span> <span class='ocrx_word' id='word_1_431' title='bbox 1503 1601 1626 1635; x_wconf 90' lang='lat' dir='ltr'>careat,</span> <span class='ocrx_word' id='word_1_432' title='bbox 1650 1605 1753 1628; x_wconf 88' lang='lat' dir='ltr'>ream-</span> 
     </span>
     <span class='ocr_line' id='line_1_80' title="bbox 1006 1644 1757 1694; baseline -0.005 -13"><span class='ocrx_word' id='word_1_433' title='bbox 1006 1659 1067 1694; x_wconf 86' lang='lat' dir='ltr'>que</span> <span class='ocrx_word' id='word_1_434' title='bbox 1089 1659 1122 1681; x_wconf 90' lang='lat' dir='ltr'>se</span> <span class='ocrx_word' id='word_1_435' title='bbox 1150 1645 1255 1681; x_wconf 89' lang='lat' dir='ltr'>divino</span> <span class='ocrx_word' id='word_1_436' title='bbox 1278 1645 1394 1680; x_wconf 89' lang='lat' dir='ltr'>iudicio</span> <span class='ocrx_word' id='word_1_437' title='bbox 1421 1645 1554 1679; x_wconf 81' lang='lat' dir='ltr'>existere</span> <span class='ocrx_word' id='word_1_438' title='bbox 1576 1644 1615 1678; x_wconf 91' lang='lat' dir='ltr'>de</span> <span class='ocrx_word' id='word_1_439' title='bbox 1644 1655 1757 1690; x_wconf 87' lang='lat' dir='ltr'>perpe-</span> 
     </span>
     <span class='ocr_line' id='line_1_81' title="bbox 1008 1692 1757 1743; baseline -0.005 -13"><span class='ocrx_word' id='word_1_440' title='bbox 1008 1704 1083 1731; x_wconf 86' lang='lat' dir='ltr'>trata</span> <span class='ocrx_word' id='word_1_441' title='bbox 1098 1696 1260 1743; x_wconf 81' lang='lat' dir='ltr'>iniquitate</span> <span class='ocrx_word' id='word_1_442' title='bbox 1278 1702 1457 1741; x_wconf 81' lang='lat' dir='ltr'>cognoscat,</span> <span class='ocrx_word' id='word_1_443' title='bbox 1472 1702 1502 1729; x_wconf 91' lang='lat' dir='ltr'>et</span> <span class='ocrx_word' id='word_1_444' title='bbox 1516 1706 1532 1728; x_wconf 90' lang='lat' dir='ltr'>a</span> <span class='ocrx_word' id='word_1_445' title='bbox 1545 1692 1757 1728; x_wconf 91' lang='lat' dir='ltr'>sacratissimo</span> 
     </span>
     <span class='ocr_line' id='line_1_82' title="bbox 1007 1741 1757 1792; baseline -0.005 -12"><span class='ocrx_word' id='word_1_446' title='bbox 1007 1745 1146 1792; x_wconf 86' lang='lat' dir='ltr'>Corpore</span> <span class='ocrx_word' id='word_1_447' title='bbox 1166 1758 1201 1780; x_wconf 90' lang='lat' dir='ltr'>ac</span> <span class='ocrx_word' id='word_1_448' title='bbox 1219 1744 1381 1791; x_wconf 83' lang='lat' dir='ltr'>Sanguine</span> <span class='ocrx_word' id='word_1_449' title='bbox 1402 1744 1461 1778; x_wconf 89' lang='lat' dir='ltr'>Dei</span> <span class='ocrx_word' id='word_1_450' title='bbox 1484 1751 1515 1778; x_wconf 87' lang='lat' dir='ltr'>et</span> <span class='ocrx_word' id='word_1_451' title='bbox 1535 1743 1663 1778; x_wconf 87' lang='lat' dir='ltr'>Domini</span> <span class='ocrx_word' id='word_1_452' title='bbox 1691 1741 1757 1776; x_wconf 89' lang='lat' dir='ltr'>Re—</span> 
     </span>
     <span class='ocr_line' id='line_1_83' title="bbox 1008 1792 1755 1843; baseline -0.007 -13"><span class='ocrx_word' id='word_1_453' title='bbox 1008 1795 1180 1843; x_wconf 86' lang='lat' dir='ltr'>demptoris</span> <span class='ocrx_word' id='word_1_454' title='bbox 1208 1795 1303 1829; x_wconf 89' lang='lat' dir='ltr'>nostri</span> <span class='ocrx_word' id='word_1_455' title='bbox 1326 1794 1394 1829; x_wconf 88' lang='lat' dir='ltr'>lesu</span> <span class='ocrx_word' id='word_1_456' title='bbox 1423 1792 1540 1828; x_wconf 86' lang='lat' dir='ltr'>Christi</span> <span class='ocrx_word' id='word_1_457' title='bbox 1567 1793 1669 1828; x_wconf 88' lang='lat' dir='ltr'>aliena</span> <span class='ocrx_word' id='word_1_458' title='bbox 1691 1792 1755 1835; x_wconf 85' lang='lat' dir='ltr'>fiat,</span> 
     </span>
     <span class='ocr_line' id='line_1_84' title="bbox 1009 1840 1757 1893; baseline -0.007 -13"><span class='ocrx_word' id='word_1_459' title='bbox 1009 1854 1101 1893; x_wconf 91' lang='lat' dir='ltr'>atque</span> <span class='ocrx_word' id='word_1_460' title='bbox 1124 1845 1154 1879; x_wconf 89' lang='lat' dir='ltr'>in</span> <span class='ocrx_word' id='word_1_461' title='bbox 1186 1854 1325 1879; x_wconf 85' lang='lat' dir='ltr'>extremo</span> <span class='ocrx_word' id='word_1_462' title='bbox 1352 1843 1495 1878; x_wconf 80' lang='lat' dir='ltr'>examine</span> <span class='ocrx_word' id='word_1_463' title='bbox 1521 1842 1680 1877; x_wconf 90' lang='lat' dir='ltr'>districtae</span> <span class='ocrx_word' id='word_1_464' title='bbox 1707 1840 1757 1874; x_wconf 90' lang='lat' dir='ltr'>ul-</span> 
     </span>
     <span class='ocr_line' id='line_1_85' title="bbox 1011 1890 1757 1935; baseline -0.008 -5"><span class='ocrx_word' id='word_1_465' title='bbox 1011 1895 1085 1930; x_wconf 84' lang='lat' dir='ltr'>tioni</span> <span class='ocrx_word' id='word_1_466' title='bbox 1109 1895 1281 1935; x_wconf 68' lang='lat' dir='ltr'>subiaceat,</span> <span class='ocrx_word' id='word_1_467' title='bbox 1304 1893 1425 1928; x_wconf 88' lang='lat' dir='ltr'>cunctis</span> <span class='ocrx_word' id='word_1_468' title='bbox 1442 1900 1546 1928; x_wconf 86' lang='lat' dir='ltr'>autem</span> <span class='ocrx_word' id='word_1_469' title='bbox 1569 1892 1670 1927; x_wconf 89' lang='lat' dir='ltr'>eidem</span> <span class='ocrx_word' id='word_1_470' title='bbox 1688 1890 1757 1925; x_wconf 89' lang='lat' dir='ltr'>loco</span> 
     </span>
     <span class='ocr_line' id='line_1_86' title="bbox 1009 1941 1758 1990; baseline -0.007 -11"><span class='ocrx_word' id='word_1_471' title='bbox 1009 1957 1066 1979; x_wconf 89' lang='lat' dir='ltr'>sua</span> <span class='ocrx_word' id='word_1_472' title='bbox 1097 1945 1164 1978; x_wconf 89' lang='lat' dir='ltr'>iura</span> <span class='ocrx_word' id='word_1_473' title='bbox 1190 1943 1386 1979; x_wconf 85' lang='lat' dir='ltr'>servantibus</span> <span class='ocrx_word' id='word_1_474' title='bbox 1407 1943 1447 1977; x_wconf 90' lang='lat' dir='ltr'>sit</span> <span class='ocrx_word' id='word_1_475' title='bbox 1470 1954 1528 1990; x_wconf 84' lang='lat' dir='ltr'>pax</span> <span class='ocrx_word' id='word_1_476' title='bbox 1554 1941 1680 1976; x_wconf 91' lang='lat' dir='ltr'>Domini</span> <span class='ocrx_word' id='word_1_477' title='bbox 1704 1952 1758 1974; x_wconf 91' lang='lat' dir='ltr'>no-</span> 
     </span>
     <span class='ocr_line' id='line_1_87' title="bbox 1010 1991 1757 2040; baseline -0.007 -11"><span class='ocrx_word' id='word_1_478' title='bbox 1010 1994 1065 2029; x_wconf 90' lang='lat' dir='ltr'>stri</span> <span class='ocrx_word' id='word_1_479' title='bbox 1088 1993 1159 2028; x_wconf 84' lang='lat' dir='ltr'>[esu</span> <span class='ocrx_word' id='word_1_480' title='bbox 1180 1993 1310 2034; x_wconf 90' lang='lat' dir='ltr'>Christi,</span> <span class='ocrx_word' id='word_1_481' title='bbox 1331 2000 1486 2040; x_wconf 86' lang='lat' dir='ltr'>quatenus</span> <span class='ocrx_word' id='word_1_482' title='bbox 1499 1999 1530 2026; x_wconf 88' lang='lat' dir='ltr'>et</span> <span class='ocrx_word' id='word_1_483' title='bbox 1546 1992 1598 2026; x_wconf 90' lang='lat' dir='ltr'>hic</span> <span class='ocrx_word' id='word_1_484' title='bbox 1622 1991 1757 2026; x_wconf 81' lang='lat' dir='ltr'>fructum</span> 
     </span>
     <span class='ocr_line' id='line_1_88' title="bbox 1012 2040 1758 2090; baseline -0.007 -11"><span class='ocrx_word' id='word_1_485' title='bbox 1012 2044 1112 2078; x_wconf 89' lang='lat' dir='ltr'>bonae</span> <span class='ocrx_word' id='word_1_486' title='bbox 1133 2043 1264 2078; x_wconf 88' lang='lat' dir='ltr'>actionis</span> <span class='ocrx_word' id='word_1_487' title='bbox 1282 2042 1471 2090; x_wconf 87' lang='lat' dir='ltr'>percipiant,</span> <span class='ocrx_word' id='word_1_488' title='bbox 1487 2050 1517 2077; x_wconf 94' lang='lat' dir='ltr'>et</span> <span class='ocrx_word' id='word_1_489' title='bbox 1542 2041 1623 2088; x_wconf 92' lang='lat' dir='ltr'>apud</span> <span class='ocrx_word' id='word_1_490' title='bbox 1651 2040 1758 2075; x_wconf 91' lang='lat' dir='ltr'>distri-</span> 
     </span>
     <span class='ocr_line' id='line_1_89' title="bbox 1010 2090 1758 2140; baseline -0.003 -12"><span class='ocrx_word' id='word_1_491' title='bbox 1010 2102 1095 2128; x_wconf 86' lang='lat' dir='ltr'>ctum</span> <span class='ocrx_word' id='word_1_492' title='bbox 1112 2092 1252 2128; x_wconf 89' lang='lat' dir='ltr'>Iudicem</span> <span class='ocrx_word' id='word_1_493' title='bbox 1274 2091 1410 2140; x_wconf 88' lang='lat' dir='ltr'>praemia</span> <span class='ocrx_word' id='word_1_494' title='bbox 1431 2099 1576 2127; x_wconf 89' lang='lat' dir='ltr'>aeternae</span> <span class='ocrx_word' id='word_1_495' title='bbox 1597 2090 1682 2139; x_wconf 87' lang='lat' dir='ltr'>pacis</span> <span class='ocrx_word' id='word_1_496' title='bbox 1711 2091 1758 2126; x_wconf 94' lang='lat' dir='ltr'>in-</span> 
     </span>
     <span class='ocr_line' id='line_1_90' title="bbox 1012 2142 1290 2178; baseline -0.004 0"><span class='ocrx_word' id='word_1_497' title='bbox 1012 2143 1148 2178; x_wconf 90' lang='lat' dir='ltr'>veniant.</span> <span class='ocrx_word' id='word_1_498' title='bbox 1176 2142 1290 2177; x_wconf 84' lang='lat' dir='ltr'>Amen.</span> 
     </span>
    </p>
   </div>
   <div class='ocr_carea' id='block_1_6' title="bbox 1013 2194 1760 2678">
    <p class='ocr_par' dir='ltr' id='par_1_6' title="bbox 1013 2194 1760 2298">
     <span class='ocr_line' id='line_1_91' title="bbox 1060 2194 1760 2244; baseline -0.003 -12"><span class='ocrx_word' id='word_1_499' title='bbox 1060 2197 1130 2232; x_wconf 74' lang='lat' dir='ltr'>Eoo</span> <span class='ocrx_word' id='word_1_500' title='bbox 1140 2196 1305 2232; x_wconf 66' lang='lat' dir='ltr'>Eudemus</span> <span class='ocrx_word' id='word_1_501' title='bbox 1324 2194 1496 2232; x_wconf 88' lang='lat' dir='ltr'>catholicae</span> <span class='ocrx_word' id='word_1_502' title='bbox 1517 2194 1679 2230; x_wconf 86' lang='lat' dir='ltr'>Ecclesiae</span> <span class='ocrx_word' id='word_1_503' title='bbox 1696 2197 1760 2244; x_wconf 91' lang='lat' dir='ltr'>epi-</span> 
     </span>
     <span class='ocr_line' id='line_1_92' title="bbox 1013 2263 1190 2298; baseline -0.006 -12"><span class='ocrx_word' id='word_1_504' title='bbox 1013 2263 1127 2298; x_wconf 85' lang='lat' dir='ltr'>scopus</span> <span class='ocrx_word' id='word_1_505' title='bbox 1148 2264 1190 2286; x_wconf 87' lang='lat' dir='ltr'>ss.</span> 
     </span>
    </p>

    <p class='ocr_par' dir='ltr' id='par_1_7' title="bbox 1013 2303 1757 2393">
     <span class='ocr_line' id='line_1_93' title="bbox 1062 2303 1757 2352; baseline -0.001 -13"><span class='ocrx_word' id='word_1_506' title='bbox 1062 2305 1128 2351; x_wconf 81' lang='lat' dir='ltr'>Ego</span> <span class='ocrx_word' id='word_1_507' title='bbox 1155 2304 1328 2352; x_wconf 83' lang='lat' dir='ltr'>Gregorius</span> <span class='ocrx_word' id='word_1_508' title='bbox 1354 2303 1459 2352; x_wconf 88' lang='lat' dir='ltr'>presb.</span> <span class='ocrx_word' id='word_1_509' title='bbox 1482 2303 1650 2339; x_wconf 88' lang='lat' dir='ltr'>cardinalis</span> <span class='ocrx_word' id='word_1_510' title='bbox 1676 2304 1757 2339; x_wconf 87' lang='lat' dir='ltr'>tituli</span> 
     </span>
     <span class='ocr_line' id='line_1_94' title="bbox 1013 2357 1189 2393; baseline -0.006 0"><span class='ocrx_word' id='word_1_511' title='bbox 1013 2357 1125 2393; x_wconf 80' lang='lat' dir='ltr'>Calixti</span> <span class='ocrx_word' id='word_1_512' title='bbox 1147 2371 1189 2393; x_wconf 91' lang='lat' dir='ltr'>ss.</span> 
     </span>
    </p>

    <p class='ocr_par' dir='ltr' id='par_1_8' title="bbox 1014 2411 1760 2514">
     <span class='ocr_line' id='line_1_95' title="bbox 1062 2411 1760 2461; baseline 0.001 -14"><span class='ocrx_word' id='word_1_513' title='bbox 1062 2413 1130 2460; x_wconf 80' lang='lat' dir='ltr'>Ego</span> <span class='ocrx_word' id='word_1_514' title='bbox 1160 2412 1280 2447; x_wconf 87' lang='lat' dir='ltr'>Imarus</span> <span class='ocrx_word' id='word_1_515' title='bbox 1310 2411 1557 2448; x_wconf 86' lang='lat' dir='ltr'>Tusculanensis</span> <span class='ocrx_word' id='word_1_516' title='bbox 1592 2413 1760 2461; x_wconf 90' lang='lat' dir='ltr'>episcopus</span> 
     </span>
     <span class='ocr_line' id='line_1_96' title="bbox 1014 2467 1197 2514; baseline -0.016 -11"><span class='ocrx_word' id='word_1_517' title='bbox 1014 2467 1197 2514; x_wconf 87' lang='lat' dir='ltr'>subscripsi.</span> 
     </span>
    </p>

    <p class='ocr_par' dir='ltr' id='par_1_9' title="bbox 1016 2520 1760 2611">
     <span class='ocr_line' id='line_1_97' title="bbox 1062 2520 1760 2569; baseline 0.003 -13"><span class='ocrx_word' id='word_1_518' title='bbox 1062 2522 1129 2568; x_wconf 84' lang='lat' dir='ltr'>Ego</span> <span class='ocrx_word' id='word_1_519' title='bbox 1143 2522 1217 2555; x_wconf 74' lang='lat' dir='ltr'>Otto</span> <span class='ocrx_word' id='word_1_520' title='bbox 1231 2520 1382 2556; x_wconf 88' lang='lat' dir='ltr'>diaconus</span> <span class='ocrx_word' id='word_1_521' title='bbox 1403 2520 1488 2556; x_wconf 83' lang='lat' dir='ltr'>card.</span> <span class='ocrx_word' id='word_1_522' title='bbox 1511 2520 1546 2557; x_wconf 92' lang='lat' dir='ltr'>S.</span> <span class='ocrx_word' id='word_1_523' title='bbox 1571 2520 1698 2569; x_wconf 82' lang='lat' dir='ltr'>Georgii</span> <span class='ocrx_word' id='word_1_524' title='bbox 1720 2521 1760 2558; x_wconf 88' lang='lat' dir='ltr'>ad</span> 
     </span>
     <span class='ocr_line' id='line_1_98' title="bbox 1016 2575 1353 2611; baseline -0.003 -1"><span class='ocrx_word' id='word_1_525' title='bbox 1016 2576 1127 2611; x_wconf 89' lang='lat' dir='ltr'>Velum</span> <span class='ocrx_word' id='word_1_526' title='bbox 1149 2575 1288 2610; x_wconf 83' lang='lat' dir='ltr'>Aureum</span> <span class='ocrx_word' id='word_1_527' title='bbox 1311 2588 1353 2610; x_wconf 89' lang='lat' dir='ltr'>ss.</span> 
     </span>
    </p>

    <p class='ocr_par' dir='ltr' id='par_1_10' title="bbox 1064 2629 1726 2678">
     <span class='ocr_line' id='line_1_99' title="bbox 1064 2629 1726 2678; baseline 0 -13"><span class='ocrx_word' id='word_1_528' title='bbox 1064 2630 1132 2678; x_wconf 84' lang='lat' dir='ltr'>Ego</span> <span class='ocrx_word' id='word_1_529' title='bbox 1154 2629 1302 2665; x_wconf 89' lang='lat' dir='ltr'>Nicolaus</span> <span class='ocrx_word' id='word_1_530' title='bbox 1323 2629 1464 2665; x_wconf 86' lang='lat' dir='ltr'>Albanus</span> <span class='ocrx_word' id='word_1_531' title='bbox 1489 2629 1658 2678; x_wconf 89' lang='lat' dir='ltr'>episcopus</span> <span class='ocrx_word' id='word_1_532' title='bbox 1684 2641 1726 2665; x_wconf 91' lang='lat' dir='ltr'>ss.</span> 
     </span>
    </p>
   </div>
   <div class='ocr_carea' id='block_1_7' title="bbox 1762 248 1937 276">
    <p class='ocr_par' dir='ltr' id='par_1_11' title="bbox 1762 248 1937 276">
     <span class='ocr_line' id='line_1_100' title="bbox 1762 248 1937 276; baseline -0.017 0"><span class='ocrx_word' id='word_1_533' title='bbox 1762 249 1811 276; x_wconf 77' lang='lat' dir='ltr'>An.</span> <span class='ocrx_word' id='word_1_534' title='bbox 1830 248 1856 274; x_wconf 77' lang='grc' dir='ltr'>(Σ.</span> <span class='ocrx_word' id='word_1_535' title='bbox 1875 248 1937 275; x_wconf 73' lang='grc'>1151</span> 
     </span>
    </p>
   </div>
   <div class='ocr_carea' id='block_1_8' title="bbox 1759 358 1942 470">
    <p class='ocr_par' dir='ltr' id='par_1_12' title="bbox 1759 358 1942 470">
     <span class='ocr_line' id='line_1_101' title="bbox 1773 358 1942 377; baseline -0.012 0"><span class='ocrx_word' id='word_1_536' title='bbox 1773 358 1858 377; x_wconf 69' lang='lat' dir='ltr'>Abbatis</span> <span class='ocrx_word' id='word_1_537' title='bbox 1893 362 1942 376; x_wconf 70' lang='lat' dir='ltr'>vern</span> 
     </span>
     <span class='ocr_line' id='line_1_102' title="bbox 1760 388 1942 414; baseline -0.016 -5"><span class='ocrx_word' id='word_1_538' title='bbox 1760 395 1796 414; x_wconf 69' lang='lat' dir='ltr'>por</span> <span class='ocrx_word' id='word_1_539' title='bbox 1828 388 1942 407; x_wconf 74' lang='lat' dir='ltr'>runnu-hus</span> 
     </span>
     <span class='ocr_line' id='line_1_103' title="bbox 1759 419 1942 438; baseline -0.011 0"><span class='ocrx_word' id='word_1_540' title='bbox 1759 419 1874 438; x_wconf 64' lang='lat' dir='ltr'>lat-tendant</span> <span class='ocrx_word' id='word_1_541' title='bbox 1904 419 1942 437; x_wconf 73' lang='lat' dir='ltr'>de-</span> 
     </span>
     <span class='ocr_line' id='line_1_104' title="bbox 1759 450 1833 470; baseline -0.014 0"><span class='ocrx_word' id='word_1_542' title='bbox 1759 450 1833 470; x_wconf 64' lang='lat' dir='ltr'>clarat.</span> 
     </span>
    </p>
   </div>
   <div class='ocr_carea' id='block_1_9' title="bbox 1759 704 1944 880">
    <p class='ocr_par' dir='ltr' id='par_1_13' title="bbox 1759 704 1944 880">
     <span class='ocr_line' id='line_1_105' title="bbox 1773 704 1938 724; baseline -0.006 0"><span class='ocrx_word' id='word_1_543' title='bbox 1773 704 1882 724; x_wconf 63' lang='lat' dir='ltr'>Decretum</span> <span class='ocrx_word' id='word_1_544' title='bbox 1899 705 1938 723; x_wconf 38' lang='lat' dir='ltr'>ini*</span> 
     </span>
     <span class='ocr_line' id='line_1_106' title="bbox 1759 735 1941 756; baseline -0.022 0"><span class='ocrx_word' id='word_1_545' title='bbox 1759 736 1865 756; x_wconf 57' lang='lat' dir='ltr'>nnuntatis</span> <span class='ocrx_word' id='word_1_546' title='bbox 1877 735 1941 754; x_wconf 70' lang='lat' dir='ltr'>bono-</span> 
     </span>
     <span class='ocr_line' id='line_1_107' title="bbox 1759 767 1940 787; baseline -0.017 0"><span class='ocrx_word' id='word_1_547' title='bbox 1759 774 1802 787; x_wconf 85' lang='lat' dir='ltr'>rum</span> <span class='ocrx_word' id='word_1_548' title='bbox 1820 772 1865 785; x_wconf 74' lang='lat' dir='ltr'>niun</span> <span class='ocrx_word' id='word_1_549' title='bbox 1875 767 1940 785; x_wconf 41' lang='lat' dir='ltr'>istc-m</span> 
     </span>
     <span class='ocr_line' id='line_1_108' title="bbox 1759 798 1941 818; baseline -0.011 -1"><span class='ocrx_word' id='word_1_550' title='bbox 1759 798 1866 818; x_wconf 66' lang='lat' dir='ltr'>eius-leni,</span> <span class='ocrx_word' id='word_1_551' title='bbox 1897 803 1941 815; x_wconf 78' lang='lat' dir='ltr'>run·</span> 
     </span>
     <span class='ocr_line' id='line_1_109' title="bbox 1759 828 1944 849; baseline -0.022 0"><span class='ocrx_word' id='word_1_552' title='bbox 1759 828 1827 849; x_wconf 60' lang='lat' dir='ltr'>soliti&lt;</span> <span class='ocrx_word' id='word_1_553' title='bbox 1856 828 1944 846; x_wconf 68' lang='lat' dir='ltr'>enuchi-</span> 
     </span>
     <span class='ocr_line' id='line_1_110' title="bbox 1760 859 1854 880; baseline -0.032 0"><span class='ocrx_word' id='word_1_554' title='bbox 1760 859 1854 880; x_wconf 67' lang='lat' dir='ltr'>sionibus</span> 
     </span>
    </p>
   </div>
   <div class='ocr_carea' id='block_1_10' title="bbox 1795 2198 1935 2227">
    <p class='ocr_par' dir='ltr' id='par_1_14' title="bbox 1795 2198 1935 2227">
     <span class='ocr_line' id='line_1_111' title="bbox 1795 2198 1935 2227; baseline -0.014 -5"><span class='ocrx_word' id='word_1_555' title='bbox 1795 2200 1881 2227; x_wconf 82' lang='lat' dir='ltr'>Eugenii</span> <span class='ocrx_word' id='word_1_556' title='bbox 1895 2198 1935 2220; x_wconf 80' lang='lat' dir='ltr'>PP,</span> 
     </span>
    </p>
   </div>
   <div class='ocr_carea' id='block_1_11' title="bbox 1774 2305 1953 2396">
    <p class='ocr_par' dir='ltr' id='par_1_15' title="bbox 1774 2305 1953 2396">
     <span class='ocr_line' id='line_1_112' title="bbox 1774 2305 1953 2328; baseline -0.017 0"><span class='ocrx_word' id='word_1_557' title='bbox 1774 2310 1795 2328; x_wconf 89' lang='lat' dir='ltr'>et</span> <span class='ocrx_word' id='word_1_558' title='bbox 1815 2306 1836 2327; x_wconf 35' lang='lat' dir='ltr'>S,</span> <span class='ocrx_word' id='word_1_559' title='bbox 1857 2305 1879 2326; x_wconf 83' lang='lat' dir='ltr'>R.</span> <span class='ocrx_word' id='word_1_560' title='bbox 1896 2305 1953 2326; x_wconf 79' lang='lat' dir='ltr'>Eccl.</span> 
     </span>
     <span class='ocr_line' id='line_1_113' title="bbox 1796 2337 1934 2359; baseline -0.022 0"><span class='ocrx_word' id='word_1_561' title='bbox 1796 2337 1934 2359; x_wconf 78' lang='lat' dir='ltr'>cardinalium</span> 
     </span>
     <span class='ocr_line' id='line_1_114' title="bbox 1775 2369 1950 2396; baseline -0.017 -5"><span class='ocrx_word' id='word_1_562' title='bbox 1775 2369 1950 2396; x_wconf 75' lang='lat' dir='ltr'>subscriptiones.</span> 
     </span>
    </p>
   </div>
  </div>
 </body>
</html>
