2180 3205
30 269 80 298 An.
101 268 213 298 &1099

67 1783 188 1806 Exordium.

74 2177 225 2199 Monasterium

43 2203 81 2225 snb
95 2204 140 2225 iure
164 2204 227 2226 Sedis

43 2229 178 2260 Apostolicae
192 2236 227 2252 su-

43 2257 140 2284 teipitur:

879 266 1024 290 unmxtjs
1047 266 1069 288 11
1093 265 1142 288 ΡΙ).

239 325 414 362 inhabitare
443 325 613 369 noluerint,
629 332 663 360 ut
684 336 747 359 non
775 323 832 358 nisi
856 323 989 364 clericis,

238 376 285 411 rel
315 376 457 423 personis
496 374 670 422 regularem
710 374 802 407 vitam
831 371 989 419 professis,

237 426 334 472 gratis
361 425 409 459 vel
437 436 493 471 pro
517 424 616 471 pretio
634 422 860 462 concedantur,
878 421 902 455 si
918 433 991 455 cou-

236 486 352 519 gruum
380 474 426 508 cis
467 473 600 520 pretium
640 471 795 506 voluerint
829 470 988 504 exhibere.

236 523 321 558 Nulli
348 535 423 569 ergo
450 522 581 557 omnino
608 521 773 555 bominum
802 518 990 553 liceatlianc

237 573 385 619 paginam
414 580 537 606 nostrae
557 567 791 605 constitutionis
806 567 989 613 infringere,

238 618 291 655 vel¹
312 622 338 655 ei
367 633 445 655 ausu
473 619 641 654 temerario
668 617 833 652 contraire.
856 616 891 651 Si
918 616 990 663 quis

235 678 340 705 autem
368 670 428 704 hoc
455 676 606 704 attentare
629 665 888 714 praesumpserit,
913 665 992 699 indi-

235 720 416 764 gnationem
440 716 668 764 omnipotentis
685 715 757 760 Dei,
775 722 806 749 et
824 714 988 749 beatorum

235 767 320 803 Petri
348 776 379 802 et
406 767 494 802 Pauli
523 765 742 813 apostolorum
770 764 839 799 eius
866 776 899 798 se
928 775 988 798 no-

235 817 314 852 verit
342 817 556 852 incursurum.

283 865 399 901 Datum
427 864 508 900 Ven.
531 876 581 898 xil
604 863 665 898 kal.
687 862 801 897 martii.

434 921 494 951 Dat.
513 921 560 951 die
584 921 620 950 18
639 919 789 950 februarii.

581 1034 647 1069 LV.

260 1103 463 1148 Privileqium
487 1114 545 1147 pro
572 1102 758 1135 monasterio
782 1100 966 1134 monialium

408 1153 443 1186 S.
473 1151 558 1185 Petri
586 1152 740 1185 Blazr'lien
763 1153 817 1195 (l).

505 1223 721 1255 SUMMARlUi'tt

236 1285 405 1318 Exordium.
430 1302 471 1308 —
495 1285 706 1315 Moriasterium
734 1285 789 1314 sub
819 1285 883 1314 iure
906 1283 991 1313 Sedis

274 1330 462 1370 Apostolicae
485 1330 663 1369 suscipitur:
680 1346 720 1352 —
744 1328 991 1366 Confirmatisque

276 1374 362 1404 bonis
381 1374 537 1410 omnibus;
554 1390 593 1395 -
615 1372 761 1403 Omnibus
784 1372 906 1402 omnino
926 1380 992 1410 per-

279 1419 360 1449 sonis
388 1418 550 1458 quidquam
579 1417 614 1447 ab
644 1426 677 1447 eo
705 1417 834 1454 auferre,
861 1416 990 1446 alienare

281 1467 336 1493 etc.
359 1463 554 1494 interdicitur.

243 1529 348 1560 Urbanus
369 1530 490 1568 episcopus
509 1551 515 1558 .
533 1552 539 1558 .
556 1551 562 1557 .
581 1551 587 1558 .
606 1528 705 1558 dilectae
721 1529 744 1558 in
756 1528 846 1558 Chrtsto
864 1528 926 1557 [iliae
941 1529 994 1558 Flo-

279 1574 368 1604 rentiae
383 1573 511 1603 abbatissae
523 1573 656 1603 monasterii
672 1573 694 1602 S.
713 1573 776 1602 Petri
789 1573 817 1602 de
833 1573 929 1602 Blazilia
943 1574 992 1611 (ἲ),

279 1626 302 1651 et
337 1623 379 1659 cis,
402 1631 461 1660 quae
489 1622 510 1651 in
542 1622 611 1660 ipsius
634 1621 679 1650 loci
701 1622 815 1659 regimine
842 1621 995 1651 successerint

278 1666 427 1705 regulariter,
446 1666 468 1695 in
484 1670 630 1705 perpetuum.

290 1728 339 1763 Ad
374 1728 452 1763 haec
484 1740 542 1762 nos
574 1728 763 1775 disponente
795 1728 936 1762 Domino
963 1728 994 1761 in

239 1777 442 1824 Apostolicae
486 1777 582 1812 Sedis
625 1777 787 1812 servitium
832 1785 995 1823 promotos

241 1826 456 1873 agnoscimus,
484 1836 518 1862 ut
544 1827 613 1861 eius
640 1826 730 1864 tiliis,
758 1826 908 1860 auxilium
937 1826 996 1860 im-

242 1875 462 1924 plorantibus,
497 1875 665 1910 efficaciter
699 1875 877 1916 subvenire,
911 1875 994 1910 etei

242 1924 428 1960 obedientes
472 1925 551 1959 tueri
598 1937 635 1959 ac
673 1932 863 1972 protegere,
904 1933 997 1971 prout

242 1973 401 2009 Dominus
415 1973 546 2015 dederit,
561 1974 743 2008 debeamus.
766 1973 860 2008 Unde
876 1982 997 2019 oportet

243 2035 304 2058 nos
320 2022 554 2058 venerabilibus
581 2023 659 2058 locis
678 2035 805 2057 manum
832 2023 998 2069 protectio-

245 2072 295 2106 nis
324 2072 503 2115 extendere,
530 2080 561 2106 et
587 2084 749 2107 servorum
777 2080 870 2118 atque
896 2072 999 2106 ancil-

245 2120 347 2155 larum
373 2121 431 2155 Dei
459 2121 557 2167 quieti
585 2122 735 2155 attentius
764 2121 941 2167 providere.

296 2169 374 2203 Tuis
402 2169 520 2216 igitur,
558 2169 670 2205 dilecta
704 2170 764 2203 lilia
801 2170 830 2203 in
870 2170 998 2204 Christo

246 2217 419 2258 Florentia,
446 2218 595 2265 precibus
625 2225 814 2262 annuentes,
849 2218 884 2252 B.
912 2218 997 2252 Petri

248 2267 288 2302 de
321 2267 452 2301 Blazilia
483 2268 708 2302 monasterium
743 2267 773 2301 in
807 2266 999 2302 Arvernensi

249 2316 402 2351 comitatu
423 2315 530 2360 situm,
557 2317 608 2350 cui
635 2316 703 2351 Deo
729 2324 856 2350 auctore
879 2316 1000 2363 praesi-

248 2365 316 2405 des,
347 2365 387 2400 ab
415 2364 630 2410 Ermengarda
661 2365 821 2400 comitissa
854 2374 1001 2400 constru-

249 2422 357 2454 ctum,
393 2421 424 2448 et
449 2414 611 2449 Romanae
637 2414 799 2449 Ecclesiae
831 2414 1000 2455 traditum,

249 2462 310 2498 sub
342 2463 410 2498 iure
428 2471 459 2498 et
482 2463 676 2510 protectione
689 2463 782 2498 Sedis
799 2464 1001 2510 Apostolicae

250 2512 455 2559 suscipimus,
481 2512 749 2558 quemadmodum
771 2524 788 2547 a
816 2513 1003 2559 praedeces-

286 2591 325 2627 (1)
342 2591 381 2618 Ex
397 2591 463 2619 Gall.
482 2592 578 2618 Christ.
602 2595 654 2619 tom
672 2600 701 2625 11,
730 2594 798 2619 inter
824 2593 1003 2619 Instrumenta

252 2631 377 2659 ecclesiae
392 2632 420 2658 S.
438 2632 506 2658 Flori
519 2640 591 2658 num.
605 2640 684 2659 xxiv.
723 2632 761 2667 (ἓ)
779 2632 849 2658 Alias
865 2635 895 2658 de
911 2633 1002 2659 Blesse.

331 2675 406 2707 Ball.
424 2675 502 2705 Rom.
530 2675 584 2706 Vol.
606 2675 642 2704 ΙΙ,
672 2684 677 2691 ’
807 2676 845 2703 ‘'ss

1667 255 1731 288 ⁰201

1035 320 1160 355 soribus
1191 321 1307 355 nostris
1339 328 1463 356 constat
1488 333 1557 356 esse
1591 329 1786 368 susceptum.

1035 369 1095 404 Per
1122 379 1316 415 praesentem
1341 370 1445 418 itaque
1463 370 1616 417 privilegii
1641 371 1786 418 paginam

1033 419 1203 465 apostolica
1231 420 1415 455 auctoritate
1430 420 1609 461 statuimus,
1634 428 1667 454 ut
1688 432 1787 467 quae-

1033 480 1169 513 cumque
1211 468 1291 502 idem
1339 469 1529 503 coenobium
1571 469 1666 504 bodie
1706 470 1787 505 iuste

1035 517 1188 562 possidet,
1222 516 1267 550 rel
1297 516 1469 552 infuturum
1488 518 1567 552 iuste
1589 525 1619 552 et
1636 519 1788 554 canonice

1035 565 1219 611 possidebit,
1247 573 1277 599 et
1301 566 1414 612 poterit
1448 566 1592 613 adipisci,
1621 567 1649 601 in
1685 568 1786 607 cellis,

1034 614 1064 647 in
1088 614 1246 652 ecclesiis,
1275 614 1304 647 in
1325 615 1417 654 villis,
1440 623 1469 649 et
1489 616 1518 649 in
1538 616 1672 650 caeteris
1693 617 1788 650 rebus

1033 662 1204 697 mobilibus
1230 663 1296 697 sive
1329 663 1562 706 immobilibus,
1586 664 1639 698 tibi
1663 666 1788 712 tuisque

1032 711 1193 746 sororibus
1220 719 1282 745 tam
1303 712 1520 758 praesentibus
1543 726 1635 759 quam
1662 714 1787 759 suturis,

1034 760 1217 806 regulariter
1244 761 1384 806 victuris,
1408 761 1496 796 lirnia
1523 774 1649 809 semper
1671 771 1700 798 et
1721 763 1789 797 illi—

1034 809 1103 843 bata
1127 818 1342 856 permaneant.

1080 857 1289 893 Decernimus
1329 871 1426 904 erge,
1467 867 1500 893 ut
1540 860 1617 894 nulli
1656 861 1788 896 omnino

1034 907 1199 941 bominum
1222 908 1313 942 liceat
1346 908 1428 942 idem
1452 908 1641 943 coenobium
1666 916 1786 945 temere

1034 956 1227 1002 perturbare,
1253 964 1306 991 aut
1332 957 1401 991 eius
1415 958 1633 1004 possessiones
1651 958 1787 1001 auferre,

1033 1005 1080 1039 vel
1102 1005 1220 1040 ablatas
1247 1006 1393 1048 retinere,
1420 1006 1582 1051 minuere,
1608 1007 1654 1042 vel
1682 1015 1787 1043 teme-

1035 1055 1122 1088 rariis
1161 1055 1379 1090 vexationibus
1415 1055 1559 1102 fatigare;
1587 1056 1641 1090 sed
1676 1057 1785 1092 omnia

1034 1103 1151 1149 integra
1174 1113 1402 1139 conserventur
1427 1117 1547 1146 earum,
1575 1117 1632 1152 pro
1652 1117 1786 1152 quarum

1033 1153 1281 1187 substentatione
1314 1165 1349 1188 ac
1383 1153 1611 1200 gubernatione
1637 1166 1788 1190 concessa

1033 1209 1118 1243 sunt,
1142 1202 1253 1237 usibus
1281 1202 1472 1237 omnimodis
1495 1203 1673 1249 profutura:
1702 1204 1788 1239 salvo

1033 1251 1185 1285 canonico
1211 1251 1305 1285 Sedis
1331 1252 1531 1297 Apostolicae
1555 1252 1631 1287 iure.
1660 1252 1710 1286 Ad
1739 1254 1788 1287 iu-

1034 1300 1147 1334 dicium
1177 1309 1280 1334 autem
1305 1300 1398 1334 buius
1422 1307 1587 1348 perceptae
1609 1313 1626 1336 a
1645 1300 1789 1337 Romana

1035 1348 1175 1383 Ecclesia
1211 1350 1380 1390 libertatis,
1423 1362 1478 1396 per
1512 1351 1654 1396 singulos
1688 1363 1790 1386 annos

1034 1398 1175 1444 quinque
1202 1406 1345 1432 monetae
1369 1408 1487 1433 vestrae
1514 1399 1633 1434 solidos
1662 1399 1790 1434 Latera-

1035 1448 1124 1490 nensi
1152 1448 1266 1494 palatio
1292 1448 1486 1493 persolvetis.
1515 1448 1548 1482 Si
1573 1448 1645 1495 quis
1666 1449 1789 1483 sanein

1034 1496 1205 1531 crastinum
1233 1496 1503 1544 archiepiscopus,
1526 1497 1707 1545 episcopus,
1733 1498 1790 1532 im-

1037 1553 1176 1591 perator,
1203 1553 1257 1580 aut
1284 1558 1348 1590 rex,
1373 1554 1425 1580 aut
1448 1546 1608 1593 princeps,
1635 1554 1689 1581 aut
1716 1547 1790 1591 dux,

1035 1601 1089 1628 aut
1115 1607 1244 1640 comes,
1279 1604 1332 1630 aut
1362 1595 1552 1636 vicecomes,
1589 1595 1702 1640 iudex,
1738 1604 1792 1630 aut

1036 1644 1194 1689 quaelibet
1215 1644 1427 1679 ecclesiastica
1455 1644 1502 1679 vel
1529 1645 1702 1679 saecularis
1717 1657 1791 1692 per—

1036 1705 1134 1734 sona,
1162 1693 1266 1728 sciens
1301 1694 1394 1728 liuius
1429 1693 1582 1740 privilegii
1617 1694 1791 1740 paginam,

1036 1750 1143 1776 contra
1171 1755 1240 1777 eam
1264 1743 1369 1778 venire
1397 1751 1513 1778 temere
1536 1743 1711 1783 tentaverit,
1740 1755 1792 1777 se-

1036 1791 1142 1826 eundo
1181 1792 1225 1827 vel
1264 1792 1356 1827 tertio
1388 1792 1625 1833 commonitus,
1663 1793 1687 1826 si
1728 1804 1790 1826 non

1037 1841 1249 1876 satisfactione
1276 1853 1415 1888 congrua
1442 1840 1668 1880 emendaverit,
1697 1850 1790 1887 pote-

1038 1891 1127 1925 statis
1146 1890 1337 1938 honorisque
1357 1890 1405 1925 sui
1428 1889 1580 1937 dignitate
1602 1898 1705 1925 careat
1725 1892 1781 1935 (1).

1373 2031 1454 2066 LVI.

1040 2105 1257 2148 Fraqmenlttm
1279 2104 1381 2137 bullae
1412 2104 1611 2148 eccemptiom's
1642 2102 1794 2136 Ecclesiae

1088 2155 1221 2187 Sanctae
1247 2154 1418 2196 Trinitatis,
1441 2165 1461 2186 a
1485 2154 1642 2196 Liprando
1666 2153 1793 2196 presby-

1089 2209 1150 2234 tero
1177 2203 1406 2235 Mediolanensi
1435 2203 1584 2246 fundatae
1610 2202 1652 2234 acl
1670 2207 1794 2245 pontem

1094 2250 1272 2284 Guinzelmi
1294 2253 1351 2294 (2).

1109 2314 1236 2353 *Urbanus
1265 2324 1385 2362 episcopus
1413 2333 1491 2353 servus
1512 2332 1628 2353 servorum
1654 2322 1706 2361 Dei,

1240 2367 1326 2397 dilecto
1350 2367 1397 2397 lilio
1410 2367 1533 2406 Liprando,
1547 2371 1591 2396 ete.

1091 2432 1267 2468 Statuimus
1294 2432 1468 2468 Ecclesiam
1493 2432 1580 2468 illam
1601 2444 1673 2468 cum
1698 2444 1790 2480 prae-

1043 2482 1139 2526 diolo,
1166 2482 1196 2517 in
1220 2494 1283 2528 quo
1307 2482 1432 2517 fundata
1452 2490 1550 2518 est....
1574 2482 1621 2516 vel
1645 2494 1701 2529 per
1715 2481 1794 2517 alios

1080 2556 1118 2590 (t)
1138 2556 1246 2590 Reliqua
1271 2556 1468 2582 desiderantur.
1516 2556 1555 2591 (2)
1584 2556 1623 2583 Ex
1648 2555 1797 2590 Landulphi

1045 2596 1153 2622 iunioris
1178 2595 1245 2622 lIist.
1269 2595 1373 2623 Mediol.
1399 2603 1457 2631 cap.
1481 2604 1530 2622 vm
1554 2595 1624 2622 inter
1647 2595 1710 2622 Rer.
1737 2593 1794 2621 ltat.

1046 2636 1142 2671 Script.
1156 2639 1220 2662 tom.
1238 2642 1265 2661 v.

1806 259 1854 284 An.
1875 256 1988 286 (21099

1815 429 1989 455 confirmatisque

1807 456 1868 477 bonis
1888 456 1992 480 ominbus,

1835 866 1936 886 Omnibus
1952 872 1994 886 orn-

1809 893 1879 913 mnino
1898 894 1994 918 personis

1811 920 1925 945 quidquam
1934 919 1961 939 ab
1967 925 1993 939 00

1817 946 1907 968 auferre,
1930 946 1981 965 alte-

1811 978 1861 992 nare
1873 974 1921 996 cto,
1932 972 1995 992 inter-

1812 999 1895 1019 dicitur.
