2180 3205
175 231 223 256 Λιι.
245 231 360 259 (1.1122

214 1293 349 1319 t‘rttttngtum

165 1322 306 1340 maternitatis
316 1327 350 1341 ec-

165 1347 243 1366 ‹·l=·<titc
259 1348 280 1367 S.
302 1348 349 1368 Sto-

164 1373 228 1398 phani
239 1379 251 1393 a
259 1373 325 1394 past-h
321 1381 350 1395 1-:1

165 1400 178 1419 li
191 1400 230 1420 Μ’.
243 1406 279 1425 per
288 1402 349 1422 obre·

163 1428 348 1451 pttttnctttcunces·

206 1852 306 1872 Rationes
322 1858 345 1872 ex

162 1880 252 1904 utraque
285 1881 345 1903 parte

161 1906 300 1930 capitularum
316 1906 345 1926 al·

161 1932 216 1951 tatae
228 1938 231 1951 :

179 2306 221 2327 Res
232 2312 243 2327 a
255 2306 343 2332 catino,

159 2333 207 2353 dunt
233 2335 343 2357 twatuuns

159 2365 244 2380 munere
273 2360 344 2387 funge-

159 2389 217 2406 retur
234 2393 252 2406 ιιι
265 2388 344 2412 Galliis

159 2413 285 2434 examinata.

443 218 513 251 5⁶20

973 228 1054 251 BUIJ
1057 228 1162 250 Attum
1193 228 1281 250 {toust
1287 229 1353 251 Ntm

428 298 468 306 —
498 281 675 321 Sparsisque
702 291 754 322 per
789 281 893 313 urbem
918 282 1081 321 figmentis;
1115 286 1142 312 et
1186 290 1256 329 post
1294 282 1589 329 redintegrationem
1635 284 1795 320 Ecclesiae
1839 298 1933 329 suae,

430 327 616 370 privilegium
628 336 680 366 pro
691 337 722 357 se
734 330 914 367 extorquent.
926 327 1036 357 —Non
1050 327 1140 356 multo

426 378 491 413 post
503 371 584 401 fraus
598 371 633 401 ab
646 372 748 402 eodem
762 372 898 402 Paschali
915 373 1045 410 cognita:
1058 380 1140 401 reas-

428 420 543 455 sumpta
581 425 670 446 causa
698 426 712 446 a
749 415 859 447 Calixto
891 425 1071 447 successore.
1100 432 1140 438 —

426 460 616 499 Privilegium
639 459 793 490 Paschalis
816 465 961 497 cassatur,
979 465 1006 491 et
1028 464 1139 490 mater-

423 505 501 535 nitas
520 504 665 534 ecclesiae
686 504 714 535 S.
732 504 851 535 loannis
874 505 1077 535 adjudicatur:
1098 521 1138 527 —

422 549 494 579 Cum
514 549 631 579 decreto
649 553 682 579 ut,
699 549 825 578 ecclesia
846 548 873 579 S.
900 549 1042 588 Stephani
1069 558 1138 579 con-

421 593 595 624 suetudines
608 594 764 623 illiomnes
777 593 1015 633 persolvat,quas
1029 593 1135 632 priscis

420 637 607 677 temporibus
626 637 738 667 solvere
761 637 887 667 solebat:
905 655 945 660 —
961 637 1032 668 Item
1057 637 1135 667 iura-

419 685 551 711 mentum
563 680 600 711 ab
611 685 736 720 utraque
755 685 837 720 parte
851 692 1004 722 perperam
1024 684 1133 715 factum

419 724 561 755 irritatur.
587 741 629 748 —
651 724 808 755 Bisuntino
834 727 1057 767 archiepiscopo
1087 729 1133 759 ius

418 769 591 799 conceditur
624 769 878 801 animadvertendi
909 771 940 801 in
972 773 1133 803 canonicos

420 812 450 844 S.
469 812 621 852 Stephani,
636 813 696 843 nisi
712 814 781 844 huic
792 814 909 845 decreto
922 817 1132 855 acquieverint.

415 872 457 881 —
473 856 583 888 Solitae
606 857 767 888 clausulae.
792 875 832 882 —
854 858 956 889 Calixti
983 859 1037 890 PP.
1065 861 1134 891 sub-

418 901 551 942 scriptio.

377 972 481 1004 Calixtus
502 973 710 1014 episcopusservus
731 983 847 1004 servorum
862 974 914 1013 net,
930 974 1056 1004 venerabili
1069 974 1131 1005 fratri

416 1019 526 1050 Auserico
548 1019 652 1049 Mauasse
685 1019 783 1057 decano,
816 1019 931 1058 Stephano
959 1020 1130 1058 archidiacono,

415 1063 532 1103 Stephano
545 1063 709 1098 Thesaurario.
727 1063 820 1103 Hugoni
831 1063 1003 1102 archidiacono,
1019 1068 1040 1094 et
1056 1069 1132 1095 caete·

415 1109 447 1138 ris
477 1107 613 1137 Bisuutiuae
638 1107 756 1138 Ecclesiae
785 1108 813 1138 Β.
849 1108 957 1138 Iohannis
978 1109 1083 1148 Apostoli
1109 1114 1131 1139 ct

414 1152 577 1191 Evangelutae
594 1153 721 1192 canonicis,
736 1152 835 1184 salutem
850 1156 873 1182 et
891 1153 1040 1192 apostolicam
1058 1153 1131 1184 bene-

414 1196 551 1227 dictionem.

425 1267 638 1304 Decessorum
666 1276 798 1311 statuta,
821 1269 900 1304 sicut
929 1269 1066 1316 legitima
1099 1278 1129 1305 et

378 1316 480 1363 iusta,
515 1330 731 1354 successorem
766 1319 912 1354 convenit
950 1320 1126 1354 custodire:

375 1367 416 1402 ita
444 1366 539 1403 debet
560 1368 653 1403 etiam
677 1368 759 1403 maie
781 1368 860 1403 facta
883 1368 1000 1403 salubri
1025 1369 1129 1416 proti-

375 1417 465 1452 sione
487 1417 655 1464 corrigere.
690 1417 733 1453 Ea
771 1426 899 1465 propter
920 1431 979 1453 nos
1001 1431 1129 1465 surrep-

375 1466 494 1502 tionem
514 1467 610 1511 illam,
633 1479 712 1514 quae
733 1467 871 1502 Domino
894 1467 1126 1514 praedecessori

375 1524 485 1551 nostro
507 1524 632 1551 sanctae
659 1517 831 1551 memoriae
858 1517 1000 1551 Pasihali
1024 1517 1128 1564 Papae

375 1577 391 1600 a
418 1565 541 1600 clericis
562 1565 596 1600 S.
623 1565 776 1612 Stephani
796 1566 835 1600 de
858 1566 1063 1601 maternitatis
1085 1567 1129 1601 iu-

374 1614 460 1650 dicio
487 1615 564 1649 facta
599 1622 658 1656 est,
684 1615 723 1649 ad
757 1616 896 1650 veritatis
926 1623 956 1650 et
990 1616 1127 1651 iustitiae

374 1663 555 1699 curavimus
579 1664 723 1699 ordinem
759 1676 915 1699 revocare.
953 1664 1036 1699 later
1073 1678 1127 1700 vos

374 1713 477 1753 enim,
512 1721 542 1747 et
568 1713 738 1748 canonicos
771 1714 805 1748 S.
833 1713 1005 1760 Stephani,
1032 1727 1127 1761 super

374 1762 545 1809 episcopali
581 1762 729 1797 cathedra
755 1772 784 1797 et
818 1763 1030 1798 ecclesiastica
1057 1776 1126 1798 ma-

374 1812 530 1853 ternitate,
549 1811 645 1858 longo
661 1812 720 1846 iam
737 1812 838 1846 suerat
857 1821 997 1859 tempore
1013 1813 1126 1859 agitata

375 1861 542 1895 discordia.
566 1861 731 1907 Siquidem
745 1862 889 1896 canonici
908 1862 941 1896 S.
959 1862 1125 1909 Stephani,

375 1910 540 1945 ecclesiam
568 1923 657 1945 suam
683 1911 843 1945 matricem
866 1912 1040 1957 antiquitus
1068 1924 1125 1946 ex-

375 1959 494 2001 titisse,
522 1960 575 1994 sed
612 1967 738 2006 propter
773 1960 841 1994 eius
876 1960 1123 1995 destructionem

374 2009 543 2056 episcopos
563 2009 600 2043 ad
616 2008 703 2043 Beati
726 2008 876 2044 Iohannis
897 2010 1061 2044 ecclesiam
1077 2023 1126 2045 se-

375 2058 525 2103 cessisse,
553 2067 645 2105 prout
679 2066 840 2105 poterant,
875 2059 1061 2105 allegabant.
1097 2060 1123 2094 E

375 2115 482 2142 contra
506 2120 560 2142 vos
585 2107 760 2142 Ecclesiam
790 2116 920 2142 vestram
950 2121 1005 2155 per
1031 2109 1122 2155 longa

374 2164 552 2203 temporum
575 2158 673 2204 spatia
696 2157 907 2204 episcopalem
930 2158 1036 2192 sedem
1056 2159 1123 2192 sine

375 2205 603 2253 interruptione
619 2207 755 2253 legitima
778 2207 968 2253 possedisse,
988 2208 1123 2254 scripto-

375 2267 443 2289 rum
467 2256 630 2300 memoria,
659 2263 689 2290 et
715 2264 853 2290 veterum
882 2256 1017 2290 virorum
1045 2264 1124 2291 atte-

375 2305 564 2339 stationibus
592 2305 774 2339 iirmabatis.
804 2305 889 2339 Haec
913 2305 1052 2353 profecto
1075 2306 1124 2340 di-

375 2354 496 2388 scordia
530 2366 600 2388 cum
624 2354 660 2388 ad
690 2354 837 2400 praedicti
862 2354 990 2389 Domini
1026 2355 1122 2389 nostri

375 2402 567 2437 audientiam
591 2404 796 2450 pertenisset,
816 2411 921 2438 nostro
944 2416 1010 2438 eam
1030 2416 1123 2438 com-

375 2451 459 2485 misit
480 2453 615 2486 examini
643 2452 825 2497 siniendtm,
847 2465 884 2487 eo
911 2452 997 2500 quod
1026 2453 1124 2500 ipsius

376 2500 459 2534 vices
486 2501 575 2535 illis
568 2514 599 2535 in
623 2502 802 2557 partibus„
785 2514 981 2536 ‹ret-:eremus
1011 2502 1052 2536 ita
1085 2502 1126 2536 vi-

376 2549 501 2593 delicet,
529 2557 562 2584 ut
583 2551 607 2584 si
630 2551 770 2586 canonici
793 2551 828 2585 S.
855 2551 1006 2598 Stephani
1039 2551 1125 2597 quin-

377 2610 438 2647 que
453 2598 575 2635 idoneis
588 2600 721 2647 probare
737 2601 869 2636 testibus
882 2608 1022 2649 possent,
1041 2600 1125 2648 quod

1183 332 1261 366 insta
1298 344 1398 367 annos
1432 333 1557 378 triginta
1584 346 1679 380 super
1712 335 1838 380 querela
1875 336 1933 369 hae

1181 382 1397 429 quaestionem
1422 381 1580 422 fecissent,
1608 395 1664 429 per
1685 396 1777 430 quai-n
1807 384 1931 419 illorum

1181 431 1339 466 videretur
1365 431 1537 478 interrupta
1561 432 1711 475 retentio,
1734 433 1853 467 scilicet
1885 435 1930 467 vel

1179 489 1250 515 ante
1271 481 1443 515 antistitem
1465 493 1572 522 suum,
1606 481 1653 516 vel
1676 489 1747 516 ante
1770 482 1932 517 Romanae

1179 529 1314 576 legatum
1342 529 1504 565 Ecclesiae
1531 530 1560 564 in
1588 531 1749 564 communi
1773 531 1929 566 audientia

1178 578 1235 614 hac
1258 579 1441 626 probatione
1457 579 1606 626 perfecta,
1630 579 1790 626 privilegia
1818 592 1927 615 eorum

1177 628 1226 663 ius
1260 628 1422 675 proprium
1457 628 1654 672 obtinerent,
1687 636 1718 663 et
1739 629 1929 675 episcopalis

1175 678 1268 713 sedes
1295 678 1378 725 apud
1401 678 1437 712 B.
1466 677 1617 724 Stephani
1645 678 1810 713 ecclesian}
1839 678 1928 713 habc-

1176 734 1277 762 retur:
1312 728 1451 775 alioquin
1480 739 1534 761 vos
1560 739 1576 761 a
1599 727 1726 773 querela
1751 727 1810 762 hac
1836 727 1924 762 liberi

1175 777 1362 814 maneretis,
1390 785 1420 811 et
1442 776 1655 823 episcopalem
1682 777 1810 817 sedem,
1845 778 1927 812 sicut

1175 825 1280 872 prius,
1303 826 1462 860 teneretis.
1495 825 1647 860 Eamdem
1677 838 1804 873 quoque
1826 826 1926 872 ipsius

1175 875 1291 921 negotii
1314 875 1505 910 decisionem
1535 887 1634 922 usque
1661 876 1698 909 ad
1724 883 1799 910 tunc
1822 877 1927 923 proxi-

1174 936 1256 958 mam
1280 924 1317 959 B.
1342 924 1458 959 Mariae
1479 924 1739 971 Assumptionem
1762 924 1844 959 idern
1864 925 1926 960 Do-

1175 974 1279 1008 minus
1310 986 1326 1008 a
1360 974 1452 1008 nobis
1486 973 1613 1020 perfici,
1648 974 1924 1021 consummarique

1175 1023 1341 1068 praecepit.
1369 1023 1435 1057 Nos
1456 1023 1522 1057 eius
1544 1022 1728 1057 obedientes
1756 1024 1923 1066 mandatis,

1172 1072 1323 1106 adhibitis
1344 1071 1491 1106 fratribus
1519 1073 1635 1106 nostris
1663 1080 1694 1106 et
1725 1073 1923 1120 coepiscopis

1172 1120 1378 1156 Gruceranno
1400 1121 1618 1167 Lugtlunensi,
1640 1121 1776 1167 Hugone
1798 1121 1922 1156 Gratia-

1173 1171 1367 1218 nopolitano,
1379 1171 1574 1217 Leodegario
1583 1170 1769 1211 Vivariensi,
1782 1171 1922 1206 Berartlo

1171 1220 1407 1262 Matisconensi,
1430 1220 1593 1267 Stephano
1614 1220 1766 1261 Etluensi,
1793 1219 1920 1255 Galtero

1171 1269 1392 1314 Cabiloncnsi,
1430 1271 1637 1304 Ganceranno
1683 1269 1918 1315 Lingonuensi,

1171 1318 1326 1354 Pontione
1336 1319 1518 1361 Belticensi,
1539 1318 1685 1353 Guidone
1703 1318 1918 1360 Gehennensi,

1170 1367 1307 1404 Gulinco
1343 1368 1540 1408 Sedunensi,
1588 1377 1618 1403 et
1656 1368 1769 1402 Pontio
1807 1368 1919 1403 abbate

1170 1417 1384 1458 Cluniacensi,
1407 1426 1437 1452 et
1464 1418 1572 1452 decern
1601 1425 1632 1452 et
1656 1426 1774 1465 septem
1797 1418 1919 1452 abhati-

1171 1466 1245 1509 bus,
1281 1476 1373 1514 atque
1412 1467 1482 1502 aliis
1518 1467 1673 1513 religiosis
1704 1480 1793 1511 virts,
1832 1467 1917 1514 apud

1169 1495 1372 1551 Tieiiorciam
1390 1524 1555 1563 utramque
1570 1525 1686 1571 partem
1699 1516 1915 1551 convenimus

1171 1566 1229 1600 Ubi
1252 1578 1323 1600 cum
1349 1578 1419 1612 pars
1440 1574 1538 1600 vestra
1555 1566 1689 1600 iustitiae
1707 1577 1782 1600 suae
1800 1565 1916 1612 allega—

1169 1615 1270 1649 tiones
1305 1615 1501 1659 ostenderet,
1543 1627 1599 1649 nos
1622 1614 1813 1660 probationis
1843 1628 1917 1649 exe-

1169 1665 1339 1705 cutionem,
1373 1677 1388 1698 a
1414 1665 1574 1710 praedicto
1600 1663 1737 1698 Domino
1767 1665 1917 1699 coustitu-

1169 1722 1249 1755 tam,
1271 1726 1286 1747 a
1314 1714 1421 1748 Sancti
1444 1713 1595 1760 Stephani
1619 1713 1780 1748 canonicis
1803 1715 1916 1761 requi-

1168 1763 1314 1797 sivimus:
1343 1763 1395 1810 qui
1428 1763 1478 1797 vix
1513 1762 1637 1797 tandem
1667 1770 1761 1797 testes
1782 1763 1915 1809 aliquot,

1168 1825 1231 1847 non
1255 1817 1358 1847 tame'n
1385 1812 1530 1853 idoneos,
1566 1811 1791 1859 produxerunt.
1825 1813 1917 1847 Alius

1167 1862 1250 1896 enim
1286 1874 1342 1908 pro
1373 1862 1543 1896 commisso
1571 1861 1708 1908 periurio
1738 1861 1802 1895 sive
1833 1863 1915 1908 turpi

1167 1911 1335 1951 nativitate,
1358 1911 1437 1945 alius
1460 1923 1515 1957 pro
1537 1910 1710 1956 sacrilegio,
1744 1911 1824 1945 alius
1860 1923 1916 1958 pro

1167 1960 1256 2007 pretii
1285 1960 1507 2000 conductione,
1534 1968 1564 1994 et
1594 1960 1674 1994 alius
1704 1972 1759 2006 pro
1781 1972 1916 1994 excom-

1166 2009 1396 2051 municatione,
1431 2022 1491 2057 qna
1526 2009 1580 2043 diu
1615 2009 1760 2054 alligatus
1795 2009 1914 2052 fuerat,

1166 2058 1351 2106 reprobatus
1379 2067 1436 2093 est.
1466 2058 1518 2093 Sic
1551 2058 1678 2105 praefati
1719 2059 1806 2093 Beati
1840 2058 1914 2093 Ste-

1167 2108 1259 2154 phani
1291 2108 1446 2150 canonici,
1480 2108 1540 2142 iam
1569 2120 1642 2142 suae
1667 2108 1764 2154 partis
1786 2120 1912 2142 causam

1165 2157 1333 2192 defendere
1372 2170 1433 2192 non
1475 2157 1634 2201 valentes,
1674 2169 1691 2191 a
1728 2157 1914 2204 probatione

1166 2207 1323 2254 proposita
1352 2207 1381 2241 in
1409 2214 1580 2253 conspectu
1612 2207 1754 2241 omnium
1789 2206 1915 2241 defece-

1166 2265 1248 2290 runt.
1274 2256 1363 2291 Tunc
1394 2268 1429 2290 ex
1452 2256 1612 2290 communi
1645 2255 1772 2290 fratrum
1795 2256 1912 2290 iudicio

1165 2305 1327 2340 definitum
1354 2313 1411 2346 est,
1435 2313 1567 2339 vestram
1590 2305 1676 2339 Beati
1700 2304 1847 2339 Iohannis
1868 2316 1914 2338 ec-

1165 2355 1290 2389 clesiam
1313 2354 1427 2389 debere
1443 2354 1649 2389 maternitatis
1665 2352 1909 2401 praerogativam

1166 2404 1195 2437 in
1224 2411 1410 2451 perpetuum
1445 2403 1596 2438 obtinere.
1631 2402 1723 2438 Unde
1758 2415 1815 2436 nos
1852 2415 1912 2437 una

1166 2465 1236 2487 eum
1265 2454 1323 2498 eis,

1166 2510 1241 2536 tunc
1262 2514 1277 2536 a
1306 2502 1431 2549 querela
1459 2502 1509 2536 illa
1543 2501 1673 2536 liberam
1706 2501 1771 2535 fore
1802 2500 1914 2535 ‹lecre-

1168 2552 1284 2593 vimus,
1309 2551 1520 2597 episcopalem
1543 2551 1573 2584 in
1601 2562 1635 2585 ea
1657 2549 1764 2584 sedem
1788 2562 1914 2596 perma-

1169 2613 1241 2636 nere
1258 2600 1509 2646 irrefragabiliter
1526 2607 1709 2634 statuentes.
1720 2599 1914 2634 Auctoritate

1955 244 2003 271 An.
2025 246 2053 273 C.
2071 247 2136 275 1122
2178 243 2180 275 ἓ

2154 1912 2160 1930 ⁴„
2135 1796 2163 1899 ..μη-ι
2156 1667 2166 1787 -.Αῡῄ-
2158 1621 2169 1656 μ,
2160 1600 2166 1608 ,
2158 1553 2168 1590 ..Ι

1962 2373 2070 2395 sententia
2085 2373 2119 2395 do·
2146 2373 2157 2395 'l
2174 2378 2180 2393 t

1937 2405 2000 2426 super
2014 2401 2063 2425 lata,
2078 2405 2119 2427 qua

1937 2427 2059 2448 maternitas
2074 2432 2109 2448 oc-

1345 2453 1487 2487 eamdem
1516 2460 1648 2487 vestram
1679 2452 1843 2486 ecclesiam
1873 2464 1913 2486 ex
1937 2453 2119 2501 ξζξᾞὲιξὼῐοζῖξ
2144 2450 2180 2500 51}
