2180 3205
18 289 68 321 An.
86 290 116 320 C.
132 290 199 320 1098

41 1437 152 1459 Decretum
159 1438 198 1459 im-

19 1464 122 1486 munitatis
135 1471 149 1486 a
163 1471 198 1487 cu-

20 1489 139 1518 tuscumque
148 1497 198 1518 per—

19 1521 82 1539 unna·
95 1519 198 1544 molestia;

44 2164 71 2187 nt
96 2166 199 2189 libertatis

20 2191 42 2213 in
54 2191 149 2219 stigando
163 2194 199 2215 ab-

20 2221 200 2269 ..σῃὲἒοΞὶῗέ-’ἑο

19 2269 85 2293 tectus
93 2277 142 2293 vero
149 2278 201 2294 eou-

26 2297 138 2327 mprandtu
164 2300 192 2320 ab

21 2327 118 2350 φιιωρο
142 2325 200 2346 dioe-

21 2353 102 2379 epnno.
109 2351 149 2372 nisi
156 2351 200 2373 fu-

21 2377 48 2396 nt
63 2381 135 2399 excom
141 2379 200 2399 unni-

20 2403 86 2424 enm.

850 280 996 304 rnmxcs
1026 280 1047 303 ll
1078 279 1127 302 Pe.
1657 266 1724 300 ¹93
1789 292 1970 320 A.n(}.1098

226 334 382 380 canovas,
404 343 433 370 et
456 334 493 371 de
516 334 658 371 Corrone
673 334 836 383 superiore
851 343 881 369 et
899 334 975 369 sub-

224 387 355 421 teriore:
380 385 518 419 alodium
551 386 589 420 de,
617 385 734 419 'l‘urrcs
761 384 874 423 Bcscs,
902 396 972 418 cum

223 435 302 474 alio,
334 435 417 481 quod
455 435 564 469 Nvlma
599 435 734 469 foemina
769 434 809 468 ibi
843 432 971 467 obtulit:

223 483 361 519 alodium
391 483 430 518 de
462 484 606 518 Ausona:
630 482 769 518 alodium
793 483 831 516 de
858 481 971 520 Stena,

223 542 252 567 ct
278 533 383 567 omnia
411 532 511 567 alodia
544 546 623 579 quae
651 531 766 574 habet,
799 539 828 565 et
858 530 971 564 haberi

222 582 343 617 debet
337 585 367 616 i'n
386 582 544 629 praedicto
560 581 707 615 comitatu
731 579 970 616 Barcinoneusi

223 630 438 671 Garundensi,
471 630 670 685 Ausonensi,
702 637 732 664 et
761 629 791 663 in
822 629 969 662 comitatu

222 680 369 715 {immisi
407 692 477 713 cum
521 679 672 713 universis
711 678 853 712 terminis
887 678 968 712 suis:

221 729 385 764 eecli-siam
408 728 514 762 Sancti
542 727 662 769 Quin-ici
691 739 760 762 cum
789 727 920 761 decimis
941 736 968 760 ct

223 778 368 825 primitiis
402 786 431 811 et
466 777 678 811 oblationibus
711 777 792 811 suis:
831 776 969 810 decimas

221 839 360 875 quoquc,
382 839 459 873 quas
481 825 520 860 de
555 826 603 860 liis
634 826 699 860 sire
730 826 768 859 de
802 825 871 859 aliis
893 825 969 859 locis

220 884 291 911 ante
314 883 438 922 triginta
461 887 561 910 annos
589 883 811 909 monasterium
831 883 966 908 vestrum

221 924 496 972 piac-decessorum
544 932 661 958 nostroi
663 936 723 958 ·um
765 924 968 958 concessioni

221 973 372 1029 possedit,
395 985 451 1008 uos
470 985 499 1007 ιιι
521 982 707 1020 perpetuum
725 972 833 1007 vestris
857 972 968 1006 usibus

219 1024 349 1057 omnino
384 1023 505 1069 quietas
543 1029 574 1056 et
612 1022 695 1067 inte<U
688 1034 750 1057 ras
790 1023 966 1056 conservati

219 1084 396 1107 censemus.
425 1071 588 1106 Praeterea
622 1083 676 1118 pei
704 1072 877 1118 praesentis
901 1071 967 1118 pii-

219 1121 322 1167 vilegii
346 1121 491 1168 paginam
519 1120 688 1166 apostolica
711 1121 894 1154 auctoritate
910 1129 969 1154 sta-

219 1171 346 1211 tuimus,
367 1179 403 1215 ¹ut
418 1182 639 1216 quaecumque
660 1170 740 1204 bona
756 1170 819 1203 sive
842 1182 967 1216 posses-

218 1219 326 1254 siones
360 1220 390 1253 in
424 1220 579 1266 praesenti
606 1218 793 1253 coenobium
830 1228 965 1253 vestrum

220 1268 299 1303 iuste
327 1268 476 1314 possidet,
508 1268 573 1302 sive
608 1268 638 1301 in
668 1269 807 1302 futui-um
835 1280 966 1302 conces-

218 1318 308 1352 sione
330 1317 533 1359 Pontificum,
559 1317 743 1351 liberalitate
772 1317 965 1363 principum,

219 1367 266 1402 vel
288 1367 448 1401 oblatione
471 1365 627 1409 fidelium,
652 1367 732 1400 iuste
759 1378 794 1400 ac
816 1368 966 1400 canonice

220 1417 333 1462 poterit
354 1415 496 1462 adipisci,
511 1414 598 1449 firma
616 1415 671 1448 tibi
695 1415 817 1461 tuisque
840 1427 967 1449 succes—

218 1465 345 1500 soribus
370 1473 400 1499 et
427 1463 543 1498 illibata
571 1473 785 1511 permaneant.
808 1463 964 1497 Decerni-

219 1526 291 1549 mus
305 1526 390 1560 ergo,
405 1521 439 1547 ut
458 1513 533 1547 nulli
546 1514 675 1548 omnino
698 1514 860 1547 hominum
878 1513 964 1547 liceat

218 1563 361 1598 eamdem
388 1562 563 1597 Ecclesiam
606 1572 722 1597 temere
761 1562 965 1608 penui-bare.

218 1621 272 1647 aut
292 1613 361 1647 eius
383 1612 598 1659 possessiones
619 1611 752 1655 auferre,
775 1612 821 1645 rel
849 1611 966 1646 ablatas·

219 1661 365 1702 retinere,
389 1661 435 1695 vel
458 1661 538 1695 iuste
565 1662 652 1695 datas
670 1661 737 1695 suis
760 1661 869 1694 usibus
892 1673 967 1695 ren-

219 1710 336 1751 dicare,
362 1711 516 1754 minuere,
540 1710 588 1744 vel
625 1710 796 1744 temerariis
825 1711 966 1744 vexatio—

218 1759 313 1794 nibus
334 1758 477 1805 l'atigare3
499 1759 552 1794 sed
568 1759 672 1793 omnia
695 1759 814 1804 integra
837 1771 968 1793 conser-

218 1818 331 1843 ventur
345 1820 467 1851 eorum,
490 1820 546 1854 pro
563 1820 697 1854 quorum
721 1808 967 1842 substentatione

218 1864 250 1892 et
289 1856 515 1903 gubernatione
554 1868 703 1891 concessa
742 1864 815 1890 sunt
858 1856 968 1891 usibus

219 1906 411 1941 omnimodis
434 1905 603 1951 profutura.
626 1905 829 1952 Sepulturam
843 1917 968 1952 quoquc

219 1955 360 1990 eiusdem
383 1955 442 1989 loci
464 1954 595 1989 liberam
618 1955 746 1988 omnino
765 1966 834 1989 esse
856 1955 968 1989 decei-

221 2004 346 2048 nimus,
378 2011 413 2038 ut
444 2015 576 2044 eorum
603 2004 657 2050 qui
684 2015 717 2038 se
744 2003 806 2037 illic
841 2003 965 2050 sepeliri

220 2031 473 2097 deliberaierint‚
499 2053 658 2087 devotioni
686 2060 717 2087 et
742 2061 898 2087 extremae
920 2065 969 2086 v-o

220 2101 330 2135 luntati
348 2128 356 2142 ,
385 2102 443 2135 nisi
481 2101 558 2136 sorte
595 2101 858 2136 excommunicati
885 2101 967 2141 sint,

221 2150 326 2184 nullus
358 2149 499 2184 obsistat.
534 2149 682 2184 Obeuute
708 2158 749 2189 te,
777 2162 863 2183 nunc
900 2150 969 2184 eius

221 2198 282 2233 loci
304 2197 429 2242 abbate,
450 2199 496 2232 vel
521 2207 645 2232 tuorum
672 2198 813 2244 quolibet
834 2210 968 2232 succes-

221 2259 348 2292 sorum,
376 2247 482 2281 nullus
516 2247 556 2281 ibi
591 2247 731 2293 qualibet
757 2247 969 2301 subreptionis

222 2297 335 2331 astutia
361 2308 417 2330 seu
455 2296 602 2330 xioleutia
637 2303 869 2341 praeponatur,
909 2296 968 2329 nisi

222 2357 316 2392 quem
343 2344 453 2379 fratres
474 2344 635 2378 communi
657 2356 825 2387 consensu,
840 2344 888 2378 vel
906 2344 970 2378 fra-

223 2402 306 2428 trum
343 2405 413 2440 pars
445 2393 566 2427 consilii
601 2392 760 2432 sanioris,
794 2393 968 2427 secundum

222 2442 282 2477 Dei
304 2443 461 2484 timorem,
483 2452 512 2476 et
542 2441 621 2476 beati
643 2441 806 2476 Benedicti
832 2442 968 2487 regulam

223 2491 386 2537 elegerint.
425 2491 555 2525 Electus
591 2499 693 2524 autem
729 2502 745 2524 a
783 2490 969 2524 dioecesano

224 2541 374 2587 episcopo
406 2547 628 2583 consecretur,
654 2538 811 2584 siquidem
839 2539 968 2583 gratiam

224 2596 256 2623 et
281 2589 536 2623 communionem
564 2588 761 2634 Apostolicae
795 2587 887 2621 Sedis
915 2587 971 2621 ha-

226 2636 339 2683 buerit,
360 2645 390 2672 et
411 2638 508 2684 gratis
528 2650 564 2672 ac
585 2638 652 2671 sine
675 2637 824 2684 pravitate
857 2636 889 2670 id
914 2648 971 2671 ex-

1016 333 1125 368 liibeic
1160 332 1299 367 ioluerit.
1329 332 1479 380 Alioquin
1515 331 1551 367 ad
1586 331 1766 367 Romanum
1810 346 1845 366 ε
1857 353 1903 366 m.

1017 382 1199 417 Pontificem
1230 392 1390 424 recmrat,
1417 391 1470 417 aut
1503 382 1542 417 ab
1574 381 1636 416 alio
1671 393 1765 428 quem
1788 376 1972 422 ῗιῗιηῖἓμὲἵρέᾆζ.

1016 432 1158 466 maluerit
1197 431 1351 466 catholico
1383 431 1521 467 antistite
1549 439 1764 466 consecretur.
1788 426 1972 475 ἲὲῗζῗηςεζπῗῇζζ

1014 480 1100 515 Idem
1135 488 1165 515 et
1194 481 1232 515 de
1267 480 1517 515 ordinationibus
1544 480 1692 520 fratrum,
1727 480 1767 515 de
1787 478 1851 500 '⁵⁰⁰⁶'

1013 528 1202 569 Ciirismate,
1225 530 1263 564 de
1290 529 1438 564 altarium
1473 531 1537 565 sive
1563 529 1764 564 basilicarum

1013 579 1249 614 consecratione
1295 580 1473 613 statuimus.
1518 579 1565 613 Ad
1609 578 1762 613 indicium
1788 579 1971 631 E‘gfiyggggnguu‘

1011 636 1114 662 autem
1159 627 1324 674 praestitae
1370 640 1384 661 a
1433 628 1575 662 Romana
1619 627 1762 663 Ecclesia
1788 612 1972 657 cnPauiiciei'ss]

1788 659 1814 679 he
1842 663 1922 687 persolv
1927 669 1964 684 eu-

1013 676 1163 712 iibeitatis
1186 689 1241 722 pro
1265 677 1395 711 ecclesia
1418 677 1525 711 Sancti
1551 677 1636 712 Pauli
1658 689 1764 713 mora·
1788 686 1834 708 du·-

1013 725 1151 760 bitinum
1173 729 1216 770 (l)
1235 738 1331 760 unum
1346 726 1515 773 quotannis
1561 726 1761 762 lateranensi

1013 775 1126 829 palatio
1151 775 1346 822 persolvetis.
1373 775 1407 810 Si
1436 788 1495 822 qna
1519 788 1593 810 saue
1612 776 1762 812 ecclesia·
1787 779 1898 827 „55²⁰”
1923 787 1972 803 θοι·

1011 824 1086 859 stica
1121 825 1328 859 siecularisie
1348 837 1501 879 persona,
1530 824 1610 860 lianc
1637 834 1762 861 nosti-ae
1788 811 1972 861 pnvsseenss'iirssffiffi’-

1010 874 1244 908 constitutionis
1286 874 1431 928 paginam
1475 874 1603 915 sciens,
1650 884 1761 911 contra

1011 935 1076 956 eam
1106 932 1223 957 temere
1250 924 1355 957 ιηθιιίιο
1396 923 1578 967 tentarer-it,
1620 924 1761 959 secundo

1012 973 1141 1006 tertiove
1174 972 1382 1014 commonita,
1409 972 1434 1006 si
1464 974 1524 1006 nau
1548 972 1760 1009 satisfactione

1010 1033 1148 1067 congrua
1188 1021 1424 1061 emendaverit,
1462 1021 1624 1067 potestatis
1660 1022 1762 1058 liono-

1011 1070 1115 1117 risque
1141 1071 1187 1105 sui
1216 1071 1369 1115 dignitate
1402 1078 1526 1114 careat,
1555 1083 1705 1119 reamque
1725 1084 1760 1108 se

1010 1119 1116 1153 divino
1156 1119 1272 1154 iudicio
1316 1119 1449 1154 existere
1497 1119 1536 1154 de
1582 1129 1760 1167 perpetrata

1010 1176 1170 1214 iniquitate
1205 1176 1389 1214 cognoscat,
1425 1177 1455 1203 et
1492 1181 1508 1203 a
1547 1170 1759 1205 sacratissimo

1009 1216 1150 1264 Corpore
1171 1230 1207 1252 ac
1234 1218 1397 1264 SanguIne
1419 1217 1476 1252 Dei
1503 1226 1533 1252 et
1554 1217 1682 1253 Domini
1697 1219 1759 1254 Re-

1009 1266 1182 1313 demptoris
1205 1267 1301 1301 nostri
1323 1267 1392 1301 Iesu
1419 1266 1535 1301 Christi
1563 1267 1663 1302 aliena
1694 1268 1758 1308 fiat,

1008 1324 1101 1362 atque
1115 1316 1145 1349 in
1159 1324 1298 1350 extremo
1313 1317 1457 1350 examine
1472 1316 1631 1351 districtae
1647 1316 1759 1352 ultioni

1007 1364 1179 1399 subiaceat.
1192 1365 1323 1399 Cunctis
1341 1373 1444 1399 autem
1461 1365 1563 1399 cidem
1586 1365 1654 1400 loco
1673 1366 1759 1402 iuxta

1008 1414 1204 1448 servantibus
1233 1414 1273 1448 sit
1307 1426 1367 1460 pax
1402 1414 1526 1448 Domini
1562 1414 1660 1448 nostri
1687 1415 1758 1450 lesu

1009 1463 1143 1503 Chi-ism
1173 1472 1330 1509 quatenus
1361 1470 1391 1497 et
1420 1463 1470 1496 liic
1494 1462 1628 1497 fructum
1657 1463 1759 1500 bonae

1007 1512 1140 1546 actionis
1179 1512 1376 1558 percipiant,
1402 1519 1433 1546 et
1462 1511 1546 1558 apud
1580 1512 1759 1549 districtum

1009 1560 1145 1595 iudicem
1166 1561 1303 1606 praemia
1326 1568 1470 1595 aeternae
1486 1561 1571 1606 pacis
1586 1561 1754 1597 inveniant.

1008 1609 1169 1656 Scriptum
1198 1621 1253 1656 per
1280 1621 1392 1644 manus
1418 1609 1550 1644 Gerardi
1574 1611 1684 1645 notarii
1708 1624 1759 1647 re-

1008 1659 1163 1703 gionarii,
1194 1667 1224 1693 et
1258 1659 1401 1693 scrinarii
1437 1667 1563 1694 sanctae
1595 1659 1758 1695 Romanae

1010 1708 1191 1751 Ecclesiae,
1217 1720 1301 1742 anno
1323 1708 1500 1743 dominicae
1534 1708 1759 1745 incarnationis

1010 1757 1178 1791 millesimo
1201 1757 1405 1803 nonagesimo
1428 1765 1537 1791 octavo
1552 1784 1561 1800 ,
1588 1757 1759 1794 indictione

1009 1806 1152 1852 septima,
1180 1807 1297 1840 mensis
1319 1805 1495 1840 decembris
1517 1806 1568 1840 dic
1586 1806 1699 1853 primo.

1023 1862 1128 1901 Script.
1149 1863 1195 1892 die
1213 1862 1226 1891 1
1248 1862 1415 1892 decembris
1434 1871 1510 1891 anno
1524 1861 1640 1893 Domini
1660 1863 1745 1902 1098,

1256 1902 1359 1941 pontif.
1376 1911 1452 1931 anno
1470 1910 1507 1931 xi.

1368 2024 1404 2059 L.

1010 2097 1209 2141 Confirmatio
1244 2098 1423 2130 monasterii
1461 2097 1685 2130 Biirrhonensis
1724 2092 1758 2129 'in

1058 2147 1184 2178 ‹lioecesi
1206 2147 1448 2183 Constanti'ensi'‚
1483 2158 1518 2178 ac
1555 2147 1758 2177 donationum

1057 2196 1195 2227 omnium
1215 2196 1309 2227 eidem
1331 2195 1370 2227 ab
1392 2195 1541 2227 Atlelai'de
1572 2194 1756 2237 Patruisqua

1058 2243 1213 2285 factarum
1237 2245 1290 2285 (2).

1278 2311 1491 2341 smniantml

1010 2367 1177 2397 Exordium.
1204 2384 1244 2389 —
1270 2367 1442 2396 Comitissae
1467 2367 1617 2397 Adelaidis
1648 2367 1757 2397 oblatio

1050 2407 1102 2436 l‘l'.
1132 2407 1205 2436 sacta
1229 2407 1264 2435 de
1283 2407 1461 2436 monasterio
1488 2405 1698 2436 Burrlionensi.
1719 2424 1760 2430 —

1050 2445 1266 2475 Confirmantur
1283 2446 1357 2475 bona
1377 2447 1474 2475 omnia
1495 2446 1529 2475 ad
1546 2446 1757 2475 monasterium

1050 2486 1236 2524 pertinentia.
1267 2502 1306 2507 —
1336 2485 1471 2523 llludque
1498 2485 1553 2514 sub
1575 2485 1758 2521 Apostolicae

1050 2526 1133 2555 Sedis
1156 2525 1337 2564 protectione
1359 2526 1510 2563 recipitur.
1530 2541 1570 2546 —
1588 2524 1671 2554 Salvo
1695 2526 1759 2554 iure

1045 2579 1084 2613 (t)
1101 2578 1204 2604 Moneta
1221 2576 1349 2611 quaedam
1366 2576 1509 2611 hispanica,
1527 2584 1606 2602 aurea
1639 2585 1759 2611 praeser-

1011 2614 1066 2639 tim.
1085 2613 1128 2647 (Κ.
1146 2613 1189 2645 Τ.)
1226 2613 1267 2646 (2)
1284 2612 1370 2637 Edidit
1386 2612 1563 2638 Bruscbiusin
1575 2612 1643 2638 Hist.
1665 2619 1757 2638 mona-

1010 2649 1214 2675 steriitierman.
1230 2655 1291 2682 pag.
1310 2648 1354 2673 7ῑι.
