<?xml version="1.0" encoding="UTF-8"?>
<!DOCTYPE html PUBLIC "-//W3C//DTD XHTML 1.0 Transitional//EN"
    "http://www.w3.org/TR/xhtml1/DTD/xhtml1-transitional.dtd">
<html xmlns="http://www.w3.org/1999/xhtml" xml:lang="en" lang="en">
 <head>
  <title>
</title>
<meta http-equiv="Content-Type" content="text/html;charset=utf-8" />
  <meta name='ocr-system' content='tesseract 3.04.00' />
  <meta name='ocr-capabilities' content='ocr_page ocr_carea ocr_par ocr_line ocrx_word'/>
</head>
<body>
  <div class='ocr_page' id='page_1' title='image "./bullarumdiplomat02cath/bullarumdiplomat02cath_0592.png"; bbox 0 0 2180 3205; ppageno 0'>
   <div class='ocr_carea' id='block_1_1' title="bbox 221 220 395 247">
    <p class='ocr_par' dir='ltr' id='par_1_1' title="bbox 221 220 395 247">
     <span class='ocr_line' id='line_1_1' title="bbox 221 220 395 247; baseline -0.006 0"><span class='ocrx_word' id='word_1_1' title='bbox 221 220 268 247; x_wconf 70' lang='lat' dir='ltr'>An.</span> <span class='ocrx_word' id='word_1_2' title='bbox 288 221 315 246; x_wconf 89' lang='lat' dir='ltr'>C.</span> <span class='ocrx_word' id='word_1_3' title='bbox 335 221 395 246; x_wconf 72' lang='grc'>1151</span> 
     </span>
    </p>
   </div>
   <div class='ocr_carea' id='block_1_2' title="bbox 213 286 399 307">
    <p class='ocr_par' dir='ltr' id='par_1_2' title="bbox 213 286 399 307">
     <span class='ocr_line' id='line_1_2' title="bbox 213 286 399 307; baseline 0 -1"><span class='ocrx_word' id='word_1_4' title='bbox 213 286 287 307; x_wconf 72' lang='lat' dir='ltr'>Adanu</span> <span class='ocrx_word' id='word_1_5' title='bbox 297 287 321 307; x_wconf 84' lang='lat' dir='ltr'>nd</span> <span class='ocrx_word' id='word_1_6' title='bbox 331 290 399 307; x_wconf 77' lang='lat' dir='ltr'>trans-</span> 
     </span>
    </p>
   </div>
   <div class='ocr_carea' id='block_1_3' title="bbox 213 319 398 338">
    <p class='ocr_par' dir='ltr' id='par_1_3' title="bbox 213 319 398 338">
     <span class='ocr_line' id='line_1_3' title="bbox 213 319 398 338; baseline 0.011 -2"><span class='ocrx_word' id='word_1_7' title='bbox 213 319 303 338; x_wconf 72' lang='lat' dir='ltr'>actionis</span> <span class='ocrx_word' id='word_1_8' title='bbox 333 319 398 338; x_wconf 79' lang='lat' dir='ltr'>tii-nn-</span> 
     </span>
    </p>
   </div>
   <div class='ocr_carea' id='block_1_4' title="bbox 213 349 399 368">
    <p class='ocr_par' dir='ltr' id='par_1_4' title="bbox 213 349 399 368">
     <span class='ocr_line' id='line_1_4' title="bbox 213 349 399 368; baseline 0 -1"><span class='ocrx_word' id='word_1_9' title='bbox 213 351 278 367; x_wconf 64' lang='lat' dir='ltr'>tatem</span> <span class='ocrx_word' id='word_1_10' title='bbox 295 349 399 368; x_wconf 73' lang='lat' dir='ltr'>iuramen-</span> 
     </span>
    </p>
   </div>
   <div class='ocr_carea' id='block_1_5' title="bbox 213 379 398 468">
    <p class='ocr_par' dir='ltr' id='par_1_5' title="bbox 213 379 398 468">
     <span class='ocr_line' id='line_1_5' title="bbox 213 379 398 400; baseline 0 -2"><span class='ocrx_word' id='word_1_11' title='bbox 213 383 242 400; x_wconf 71' lang='lat' dir='ltr'>tn.</span> <span class='ocrx_word' id='word_1_12' title='bbox 263 382 283 399; x_wconf 77' lang='lat' dir='ltr'>rt</span> <span class='ocrx_word' id='word_1_13' title='bbox 305 379 398 399; x_wconf 71' lang='lat' dir='ltr'>clausula</span> 
     </span>
     <span class='ocr_line' id='line_1_6' title="bbox 213 410 397 436; baseline 0.005 -8"><span class='ocrx_word' id='word_1_14' title='bbox 213 410 296 435; x_wconf 71' lang='lat' dir='ltr'>poenali</span> <span class='ocrx_word' id='word_1_15' title='bbox 320 416 356 436; x_wconf 83' lang='lat' dir='ltr'>pro</span> <span class='ocrx_word' id='word_1_16' title='bbox 372 416 397 429; x_wconf 91' lang='lat' dir='ltr'>n-</span> 
     </span>
     <span class='ocr_line' id='line_1_7' title="bbox 213 444 370 468; baseline -0.006 -7"><span class='ocrx_word' id='word_1_17' title='bbox 213 444 285 468; x_wconf 78' lang='lat' dir='ltr'>lrnqne</span> <span class='ocrx_word' id='word_1_18' title='bbox 303 444 370 467; x_wconf 70' lang='lat' dir='ltr'>parte.</span> 
     </span>
    </p>
   </div>
   <div class='ocr_carea' id='block_1_6' title="bbox 258 1976 369 1997">
    <p class='ocr_par' dir='ltr' id='par_1_6' title="bbox 258 1976 369 1997">
     <span class='ocr_line' id='line_1_8' title="bbox 258 1976 369 1997; baseline 0 0"><span class='ocrx_word' id='word_1_19' title='bbox 258 1976 369 1997; x_wconf 59' lang='lat' dir='ltr'>stausutae</span> 
     </span>
    </p>
   </div>
   <div class='ocr_carea' id='block_1_7' title="bbox 409 210 1169 2543">
    <p class='ocr_par' dir='ltr' id='par_1_7' title="bbox 409 210 1169 2490">
     <span class='ocr_line' id='line_1_9' title="bbox 464 210 533 242; baseline -0.014 0"><span class='ocrx_word' id='word_1_20' title='bbox 464 210 533 242; x_wconf 54' lang='lat'>57³„</span> 
     </span>
     <span class='ocr_line' id='line_1_10' title="bbox 414 270 1157 309; baseline -0.007 -1"><span class='ocrx_word' id='word_1_21' title='bbox 414 274 508 309; x_wconf 88' lang='lat' dir='ltr'>huius</span> <span class='ocrx_word' id='word_1_22' title='bbox 535 271 752 307; x_wconf 70' lang='lat' dir='ltr'>transactionis</span> <span class='ocrx_word' id='word_1_23' title='bbox 786 270 963 304; x_wconf 82' lang='lat' dir='ltr'>firmitatem</span> <span class='ocrx_word' id='word_1_24' title='bbox 994 281 1101 304; x_wconf 91' lang='lat' dir='ltr'>comes</span> <span class='ocrx_word' id='word_1_25' title='bbox 1127 276 1157 304; x_wconf 90' lang='lat' dir='ltr'>et</span> 
     </span>
     <span class='ocr_line' id='line_1_11' title="bbox 412 319 1157 367; baseline -0.007 -10"><span class='ocrx_word' id='word_1_26' title='bbox 412 322 568 358; x_wconf 82' lang='lat' dir='ltr'>comitissa</span> <span class='ocrx_word' id='word_1_27' title='bbox 596 322 785 359; x_wconf 83' lang='lat' dir='ltr'>iuraverunt,</span> <span class='ocrx_word' id='word_1_28' title='bbox 818 319 901 367; x_wconf 91' lang='lat' dir='ltr'>quod</span> <span class='ocrx_word' id='word_1_29' title='bbox 923 331 1025 366; x_wconf 89' lang='lat' dir='ltr'>neque</span> <span class='ocrx_word' id='word_1_30' title='bbox 1049 330 1103 365; x_wconf 88' lang='lat' dir='ltr'>per</span> <span class='ocrx_word' id='word_1_31' title='bbox 1124 330 1157 353; x_wconf 88' lang='lat' dir='ltr'>se</span> 
     </span>
     <span class='ocr_line' id='line_1_12' title="bbox 414 370 1154 418; baseline -0.007 -12"><span class='ocrx_word' id='word_1_32' title='bbox 414 384 514 418; x_wconf 86' lang='lat' dir='ltr'>neque</span> <span class='ocrx_word' id='word_1_33' title='bbox 542 384 596 418; x_wconf 89' lang='lat' dir='ltr'>per</span> <span class='ocrx_word' id='word_1_34' title='bbox 615 370 826 417; x_wconf 71' lang='lat' dir='ltr'>interpositam</span> <span class='ocrx_word' id='word_1_35' title='bbox 852 380 1015 414; x_wconf 86' lang='lat' dir='ltr'>personam</span> <span class='ocrx_word' id='word_1_36' title='bbox 1038 375 1154 415; x_wconf 86' lang='lat' dir='ltr'>partem</span> 
     </span>
     <span class='ocr_line' id='line_1_13' title="bbox 412 417 1154 468; baseline -0.005 -13"><span class='ocrx_word' id='word_1_37' title='bbox 412 420 620 468; x_wconf 76' lang='lat' dir='ltr'>hospitalariis</span> <span class='ocrx_word' id='word_1_38' title='bbox 638 420 805 454; x_wconf 79' lang='lat' dir='ltr'>auferrent.</span> <span class='ocrx_word' id='word_1_39' title='bbox 833 418 925 460; x_wconf 84' lang='lat' dir='ltr'>Quod</span> <span class='ocrx_word' id='word_1_40' title='bbox 945 418 970 452; x_wconf 89' lang='lat' dir='ltr'>si</span> <span class='ocrx_word' id='word_1_41' title='bbox 986 417 1064 452; x_wconf 86' lang='lat' dir='ltr'>forte</span> <span class='ocrx_word' id='word_1_42' title='bbox 1078 429 1154 452; x_wconf 90' lang='lat' dir='ltr'>ausu</span> 
     </span>
     <span class='ocr_line' id='line_1_14' title="bbox 411 466 1154 516; baseline -0.007 -11"><span class='ocrx_word' id='word_1_43' title='bbox 411 471 577 505; x_wconf 83' lang='lat' dir='ltr'>temerario</span> <span class='ocrx_word' id='word_1_44' title='bbox 604 469 830 516; x_wconf 74' lang='lat' dir='ltr'>degenerantes</span> <span class='ocrx_word' id='word_1_45' title='bbox 858 467 886 502; x_wconf 92' lang='lat' dir='ltr'>id</span> <span class='ocrx_word' id='word_1_46' title='bbox 918 467 1088 511; x_wconf 72' lang='lat' dir='ltr'>efficerent,</span> <span class='ocrx_word' id='word_1_47' title='bbox 1124 466 1154 501; x_wconf 92' lang='lat' dir='ltr'>in</span> 
     </span>
     <span class='ocr_line' id='line_1_15' title="bbox 411 516 1155 567; baseline -0.007 -12"><span class='ocrx_word' id='word_1_48' title='bbox 411 532 542 567; x_wconf 87' lang='lat' dir='ltr'>poenam</span> <span class='ocrx_word' id='word_1_49' title='bbox 569 519 664 554; x_wconf 90' lang='lat' dir='ltr'>huius</span> <span class='ocrx_word' id='word_1_50' title='bbox 691 517 838 553; x_wconf 86' lang='lat' dir='ltr'>facinoris</span> <span class='ocrx_word' id='word_1_51' title='bbox 860 525 955 552; x_wconf 88' lang='lat' dir='ltr'>totam</span> <span class='ocrx_word' id='word_1_52' title='bbox 980 516 1155 563; x_wconf 89' lang='lat' dir='ltr'>portionem</span> 
     </span>
     <span class='ocr_line' id='line_1_16' title="bbox 409 566 1156 609; baseline -0.007 -5"><span class='ocrx_word' id='word_1_53' title='bbox 409 581 498 604; x_wconf 87' lang='lat' dir='ltr'>suam</span> <span class='ocrx_word' id='word_1_54' title='bbox 528 569 623 604; x_wconf 91' lang='lat' dir='ltr'>libere</span> <span class='ocrx_word' id='word_1_55' title='bbox 645 576 675 604; x_wconf 91' lang='lat' dir='ltr'>et</span> <span class='ocrx_word' id='word_1_56' title='bbox 705 567 845 603; x_wconf 89' lang='lat' dir='ltr'>absolute</span> <span class='ocrx_word' id='word_1_57' title='bbox 877 566 1093 609; x_wconf 77' lang='lat' dir='ltr'>donaverunt,</span> <span class='ocrx_word' id='word_1_58' title='bbox 1126 574 1156 600; x_wconf 88' lang='lat' dir='ltr'>et</span> 
     </span>
     <span class='ocr_line' id='line_1_17' title="bbox 409 614 1154 663; baseline -0.007 -9"><span class='ocrx_word' id='word_1_59' title='bbox 409 627 634 654; x_wconf 87' lang='lat' dir='ltr'>concesserunt</span> <span class='ocrx_word' id='word_1_60' title='bbox 687 617 919 663; x_wconf 69' lang='lat' dir='ltr'>hospitalariis,</span> <span class='ocrx_word' id='word_1_61' title='bbox 962 614 1154 663; x_wconf 67' lang='lat' dir='ltr'>hospitalarii</span> 
     </span>
     <span class='ocr_line' id='line_1_18' title="bbox 410 664 1156 703; baseline -0.004 -1"><span class='ocrx_word' id='word_1_62' title='bbox 410 680 483 703; x_wconf 88' lang='lat' dir='ltr'>vero</span> <span class='ocrx_word' id='word_1_63' title='bbox 510 669 689 703; x_wconf 80' lang='lat' dir='ltr'>iuraverunt</span> <span class='ocrx_word' id='word_1_64' title='bbox 706 667 807 702; x_wconf 82' lang='lat' dir='ltr'>eidem</span> <span class='ocrx_word' id='word_1_65' title='bbox 829 666 936 701; x_wconf 88' lang='lat' dir='ltr'>comiti</span> <span class='ocrx_word' id='word_1_66' title='bbox 958 673 989 700; x_wconf 90' lang='lat' dir='ltr'>et</span> <span class='ocrx_word' id='word_1_67' title='bbox 1007 664 1156 700; x_wconf 88' lang='lat' dir='ltr'>fratribus</span> 
     </span>
     <span class='ocr_line' id='line_1_19' title="bbox 410 714 1153 764; baseline -0.007 -11"><span class='ocrx_word' id='word_1_68' title='bbox 410 718 478 753; x_wconf 87' lang='lat' dir='ltr'>cius</span> <span class='ocrx_word' id='word_1_69' title='bbox 516 718 574 753; x_wconf 86' lang='lat' dir='ltr'>sub</span> <span class='ocrx_word' id='word_1_70' title='bbox 619 717 758 753; x_wconf 82' lang='lat' dir='ltr'>eiusdem</span> <span class='ocrx_word' id='word_1_71' title='bbox 807 728 926 764; x_wconf 89' lang='lat' dir='ltr'>poenae</span> <span class='ocrx_word' id='word_1_72' title='bbox 963 714 1153 750; x_wconf 88' lang='lat' dir='ltr'>conditione.</span> 
     </span>
     <span class='ocr_line' id='line_1_20' title="bbox 409 766 1155 811; baseline -0.008 -8"><span class='ocrx_word' id='word_1_73' title='bbox 409 767 575 803; x_wconf 87' lang='lat' dir='ltr'>Praeterea</span> <span class='ocrx_word' id='word_1_74' title='bbox 591 768 619 802; x_wconf 91' lang='lat' dir='ltr'>in</span> <span class='ocrx_word' id='word_1_75' title='bbox 642 767 752 802; x_wconf 84' lang='lat' dir='ltr'>eodem</span> <span class='ocrx_word' id='word_1_76' title='bbox 776 766 950 801; x_wconf 88' lang='lat' dir='ltr'>iuramento</span> <span class='ocrx_word' id='word_1_77' title='bbox 971 776 1155 811; x_wconf 86' lang='lat' dir='ltr'>expressum</span> 
     </span>
     <span class='ocr_line' id='line_1_21' title="bbox 410 813 1158 865; baseline -0.007 -13"><span class='ocrx_word' id='word_1_78' title='bbox 410 817 479 859; x_wconf 82' lang='lat' dir='ltr'>fuit,</span> <span class='ocrx_word' id='word_1_79' title='bbox 502 817 587 865; x_wconf 91' lang='lat' dir='ltr'>quod</span> <span class='ocrx_word' id='word_1_80' title='bbox 609 817 634 852; x_wconf 90' lang='lat' dir='ltr'>si</span> <span class='ocrx_word' id='word_1_81' title='bbox 662 816 792 864; x_wconf 80' lang='lat' dir='ltr'>quilibet</span> <span class='ocrx_word' id='word_1_82' title='bbox 818 815 897 850; x_wconf 88' lang='lat' dir='ltr'>alius</span> <span class='ocrx_word' id='word_1_83' title='bbox 923 813 1062 849; x_wconf 86' lang='lat' dir='ltr'>alterutri</span> <span class='ocrx_word' id='word_1_84' title='bbox 1091 813 1158 848; x_wconf 89' lang='lat' dir='ltr'>illo-</span> 
     </span>
     <span class='ocr_line' id='line_1_22' title="bbox 410 862 1157 914; baseline -0.008 -12"><span class='ocrx_word' id='word_1_85' title='bbox 410 880 478 902; x_wconf 92' lang='lat' dir='ltr'>rum</span> <span class='ocrx_word' id='word_1_86' title='bbox 506 880 592 902; x_wconf 89' lang='lat' dir='ltr'>suam</span> <span class='ocrx_word' id='word_1_87' title='bbox 617 867 792 914; x_wconf 89' lang='lat' dir='ltr'>portionem</span> <span class='ocrx_word' id='word_1_88' title='bbox 815 864 965 905; x_wconf 76' lang='lat' dir='ltr'>auferret,</span> <span class='ocrx_word' id='word_1_89' title='bbox 992 863 1050 898; x_wconf 90' lang='lat' dir='ltr'>sibi</span> <span class='ocrx_word' id='word_1_90' title='bbox 1074 862 1157 897; x_wconf 89' lang='lat' dir='ltr'>invi-</span> 
     </span>
     <span class='ocr_line' id='line_1_23' title="bbox 410 912 1157 952; baseline -0.008 0"><span class='ocrx_word' id='word_1_91' title='bbox 410 929 477 952; x_wconf 85' lang='lat' dir='ltr'>cem</span> <span class='ocrx_word' id='word_1_92' title='bbox 501 916 654 952; x_wconf 91' lang='lat' dir='ltr'>omnibns.</span> <span class='ocrx_word' id='word_1_93' title='bbox 683 915 784 950; x_wconf 88' lang='lat' dir='ltr'>modis</span> <span class='ocrx_word' id='word_1_94' title='bbox 819 914 927 949; x_wconf 80' lang='lat' dir='ltr'>fideles</span> <span class='ocrx_word' id='word_1_95' title='bbox 960 912 1157 948; x_wconf 89' lang='lat' dir='ltr'>coadiutores</span> 
     </span>
     <span class='ocr_line' id='line_1_24' title="bbox 412 962 1156 1014; baseline -0.008 -13"><span class='ocrx_word' id='word_1_96' title='bbox 412 966 442 1000; x_wconf 90' lang='lat' dir='ltr'>in</span> <span class='ocrx_word' id='word_1_97' title='bbox 480 974 663 1014; x_wconf 87' lang='lat' dir='ltr'>perpetuum</span> <span class='ocrx_word' id='word_1_98' title='bbox 692 966 879 1000; x_wconf 75' lang='lat' dir='ltr'>existerent:</span> <span class='ocrx_word' id='word_1_99' title='bbox 907 970 1038 1010; x_wconf 88' lang='lat' dir='ltr'>excepto</span> <span class='ocrx_word' id='word_1_100' title='bbox 1073 962 1156 1009; x_wconf 84' lang='lat' dir='ltr'>qnod</span> 
     </span>
     <span class='ocr_line' id='line_1_25' title="bbox 411 1012 1157 1063; baseline -0.008 -12"><span class='ocrx_word' id='word_1_101' title='bbox 411 1016 623 1063; x_wconf 72' lang='lat' dir='ltr'>hospitalarii,</span> <span class='ocrx_word' id='word_1_102' title='bbox 656 1015 727 1063; x_wconf 89' lang='lat' dir='ltr'>quia</span> <span class='ocrx_word' id='word_1_103' title='bbox 754 1021 861 1048; x_wconf 87' lang='lat' dir='ltr'>contra</span> <span class='ocrx_word' id='word_1_104' title='bbox 886 1012 1078 1060; x_wconf 89' lang='lat' dir='ltr'>propositum</span> <span class='ocrx_word' id='word_1_105' title='bbox 1103 1023 1157 1046; x_wconf 87' lang='lat' dir='ltr'>eo-</span> 
     </span>
     <span class='ocr_line' id='line_1_26' title="bbox 412 1061 1158 1112; baseline -0.007 -12"><span class='ocrx_word' id='word_1_106' title='bbox 412 1078 480 1100; x_wconf 90' lang='lat' dir='ltr'>rum</span> <span class='ocrx_word' id='word_1_107' title='bbox 503 1073 561 1106; x_wconf 90' lang='lat' dir='ltr'>est,</span> <span class='ocrx_word' id='word_1_108' title='bbox 583 1077 727 1112; x_wconf 80' lang='lat' dir='ltr'>guerram</span> <span class='ocrx_word' id='word_1_109' title='bbox 750 1063 821 1098; x_wconf 88' lang='lat' dir='ltr'>inde</span> <span class='ocrx_word' id='word_1_110' title='bbox 843 1075 904 1098; x_wconf 90' lang='lat' dir='ltr'>non</span> <span class='ocrx_word' id='word_1_111' title='bbox 922 1062 1067 1097; x_wconf 88' lang='lat' dir='ltr'>facerent.</span> <span class='ocrx_word' id='word_1_112' title='bbox 1091 1061 1158 1096; x_wconf 85' lang='lat' dir='ltr'>Ma—</span> 
     </span>
     <span class='ocr_line' id='line_1_27' title="bbox 410 1111 1157 1162; baseline -0.008 -12"><span class='ocrx_word' id='word_1_113' title='bbox 410 1115 493 1150; x_wconf 81' lang='lat' dir='ltr'>xima</span> <span class='ocrx_word' id='word_1_114' title='bbox 515 1127 587 1150; x_wconf 89' lang='lat' dir='ltr'>vero</span> <span class='ocrx_word' id='word_1_115' title='bbox 610 1128 680 1162; x_wconf 87' lang='lat' dir='ltr'>pars</span> <span class='ocrx_word' id='word_1_116' title='bbox 704 1114 856 1149; x_wconf 90' lang='lat' dir='ltr'>baronum</span> <span class='ocrx_word' id='word_1_117' title='bbox 883 1111 1008 1147; x_wconf 90' lang='lat' dir='ltr'>comitis</span> <span class='ocrx_word' id='word_1_118' title='bbox 1029 1111 1157 1149; x_wconf 86' lang='lat' dir='ltr'>inravit,</span> 
     </span>
     <span class='ocr_line' id='line_1_28' title="bbox 411 1160 1159 1212; baseline -0.007 -13"><span class='ocrx_word' id='word_1_119' title='bbox 411 1165 494 1212; x_wconf 89' lang='lat' dir='ltr'>quod</span> <span class='ocrx_word' id='word_1_120' title='bbox 518 1177 619 1212; x_wconf 83' lang='lat' dir='ltr'>neque</span> <span class='ocrx_word' id='word_1_121' title='bbox 641 1176 759 1206; x_wconf 83' lang='lat' dir='ltr'>comes,</span> <span class='ocrx_word' id='word_1_122' title='bbox 782 1174 885 1209; x_wconf 90' lang='lat' dir='ltr'>neque</span> <span class='ocrx_word' id='word_1_123' title='bbox 907 1161 1020 1208; x_wconf 87' lang='lat' dir='ltr'>aliquis</span> <span class='ocrx_word' id='word_1_124' title='bbox 1046 1160 1085 1195; x_wconf 91' lang='lat' dir='ltr'>de</span> <span class='ocrx_word' id='word_1_125' title='bbox 1098 1160 1159 1195; x_wconf 90' lang='lat' dir='ltr'>ho—</span> 
     </span>
     <span class='ocr_line' id='line_1_29' title="bbox 412 1210 1159 1258; baseline -0.007 -9"><span class='ocrx_word' id='word_1_126' title='bbox 412 1214 551 1249; x_wconf 87' lang='lat' dir='ltr'>minibus</span> <span class='ocrx_word' id='word_1_127' title='bbox 596 1215 664 1249; x_wconf 91' lang='lat' dir='ltr'>eins</span> <span class='ocrx_word' id='word_1_128' title='bbox 709 1212 908 1248; x_wconf 79' lang='lat' dir='ltr'>defraudaret</span> <span class='ocrx_word' id='word_1_129' title='bbox 943 1210 1159 1258; x_wconf 84' lang='lat' dir='ltr'>hospitalarios</span> 
     </span>
     <span class='ocr_line' id='line_1_30' title="bbox 411 1260 1157 1311; baseline -0.008 -12"><span class='ocrx_word' id='word_1_130' title='bbox 411 1276 465 1298; x_wconf 86' lang='lat' dir='ltr'>sua</span> <span class='ocrx_word' id='word_1_131' title='bbox 484 1264 636 1311; x_wconf 85' lang='lat' dir='ltr'>portione.</span> <span class='ocrx_word' id='word_1_132' title='bbox 659 1262 751 1305; x_wconf 81' lang='lat' dir='ltr'>Quod</span> <span class='ocrx_word' id='word_1_133' title='bbox 768 1262 792 1296; x_wconf 90' lang='lat' dir='ltr'>si</span> <span class='ocrx_word' id='word_1_134' title='bbox 817 1261 894 1296; x_wconf 90' lang='lat' dir='ltr'>forte</span> <span class='ocrx_word' id='word_1_135' title='bbox 914 1261 943 1295; x_wconf 92' lang='lat' dir='ltr'>in</span> <span class='ocrx_word' id='word_1_136' title='bbox 967 1260 1157 1295; x_wconf 86' lang='lat' dir='ltr'>contrarium</span> 
     </span>
     <span class='ocr_line' id='line_1_31' title="bbox 411 1314 1161 1362; baseline -0.008 -9"><span class='ocrx_word' id='word_1_137' title='bbox 411 1319 547 1358; x_wconf 87' lang='lat' dir='ltr'>cederet,</span> <span class='ocrx_word' id='word_1_138' title='bbox 583 1318 660 1352; x_wconf 84' lang='lat' dir='ltr'>infra</span> <span class='ocrx_word' id='word_1_139' title='bbox 688 1325 757 1352; x_wconf 89' lang='lat' dir='ltr'>octo</span> <span class='ocrx_word' id='word_1_140' title='bbox 779 1316 858 1355; x_wconf 82' lang='lat' dir='ltr'>dies,</span> <span class='ocrx_word' id='word_1_141' title='bbox 885 1328 923 1350; x_wconf 87' lang='lat' dir='ltr'>ex</span> <span class='ocrx_word' id='word_1_142' title='bbox 950 1327 1013 1362; x_wconf 92' lang='lat' dir='ltr'>quo</span> <span class='ocrx_word' id='word_1_143' title='bbox 1040 1314 1161 1348; x_wconf 91' lang='lat' dir='ltr'>denun-</span> 
     </span>
     <span class='ocr_line' id='line_1_32' title="bbox 412 1368 1161 1418; baseline -0.007 -11"><span class='ocrx_word' id='word_1_144' title='bbox 412 1372 526 1407; x_wconf 86' lang='lat' dir='ltr'>ciatum</span> <span class='ocrx_word' id='word_1_145' title='bbox 562 1381 655 1411; x_wconf 81' lang='lat' dir='ltr'>esset,</span> <span class='ocrx_word' id='word_1_146' title='bbox 683 1371 728 1406; x_wconf 89' lang='lat' dir='ltr'>vel</span> <span class='ocrx_word' id='word_1_147' title='bbox 757 1370 815 1418; x_wconf 89' lang='lat' dir='ltr'>ipsi</span> <span class='ocrx_word' id='word_1_148' title='bbox 850 1369 984 1408; x_wconf 83' lang='lat' dir='ltr'>scirent,</span> <span class='ocrx_word' id='word_1_149' title='bbox 1022 1368 1161 1403; x_wconf 89' lang='lat' dir='ltr'>venirent</span> 
     </span>
     <span class='ocr_line' id='line_1_33' title="bbox 412 1422 1160 1473; baseline -0.005 -13"><span class='ocrx_word' id='word_1_150' title='bbox 412 1426 595 1461; x_wconf 83' lang='lat' dir='ltr'>Sistaricnm</span> <span class='ocrx_word' id='word_1_151' title='bbox 620 1427 648 1461; x_wconf 91' lang='lat' dir='ltr'>in</span> <span class='ocrx_word' id='word_1_152' title='bbox 672 1425 849 1473; x_wconf 86' lang='lat' dir='ltr'>captionem</span> <span class='ocrx_word' id='word_1_153' title='bbox 873 1422 1160 1471; x_wconf 86' lang='lat' dir='ltr'>hospitalariorum,</span> 
     </span>
     <span class='ocr_line' id='line_1_34' title="bbox 413 1478 1159 1515; baseline -0.007 0"><span class='ocrx_word' id='word_1_154' title='bbox 413 1489 442 1515; x_wconf 87' lang='lat' dir='ltr'>et</span> <span class='ocrx_word' id='word_1_155' title='bbox 461 1481 532 1515; x_wconf 89' lang='lat' dir='ltr'>inde</span> <span class='ocrx_word' id='word_1_156' title='bbox 551 1493 612 1515; x_wconf 90' lang='lat' dir='ltr'>non</span> <span class='ocrx_word' id='word_1_157' title='bbox 636 1481 755 1515; x_wconf 79' lang='lat' dir='ltr'>exirent.</span> <span class='ocrx_word' id='word_1_158' title='bbox 776 1479 844 1514; x_wconf 87' lang='lat' dir='ltr'>sine</span> <span class='ocrx_word' id='word_1_159' title='bbox 866 1478 1024 1513; x_wconf 89' lang='lat' dir='ltr'>voluntate</span> <span class='ocrx_word' id='word_1_160' title='bbox 1038 1489 1159 1511; x_wconf 88' lang='lat' dir='ltr'>eorum.</span> 
     </span>
     <span class='ocr_line' id='line_1_35' title="bbox 413 1529 1162 1582; baseline -0.007 -13"><span class='ocrx_word' id='word_1_161' title='bbox 413 1535 544 1582; x_wconf 87' lang='lat' dir='ltr'>Insuper</span> <span class='ocrx_word' id='word_1_162' title='bbox 565 1535 657 1570; x_wconf 88' lang='lat' dir='ltr'>etiam</span> <span class='ocrx_word' id='word_1_163' title='bbox 688 1542 770 1568; x_wconf 91' lang='lat' dir='ltr'>totus</span> <span class='ocrx_word' id='word_1_164' title='bbox 792 1533 855 1567; x_wconf 89' lang='lat' dir='ltr'>fere</span> <span class='ocrx_word' id='word_1_165' title='bbox 878 1531 1015 1579; x_wconf 89' lang='lat' dir='ltr'>populus</span> <span class='ocrx_word' id='word_1_166' title='bbox 1037 1529 1162 1578; x_wconf 87' lang='lat' dir='ltr'>praedi-</span> 
     </span>
     <span class='ocr_line' id='line_1_36' title="bbox 413 1585 1160 1633; baseline -0.008 -10"><span class='ocrx_word' id='word_1_167' title='bbox 413 1597 534 1623; x_wconf 89' lang='lat' dir='ltr'>ctorum</span> <span class='ocrx_word' id='word_1_168' title='bbox 550 1598 722 1624; x_wconf 89' lang='lat' dir='ltr'>castrorum</span> <span class='ocrx_word' id='word_1_169' title='bbox 739 1587 859 1631; x_wconf 82' lang='lat' dir='ltr'>inravit,</span> <span class='ocrx_word' id='word_1_170' title='bbox 882 1585 966 1633; x_wconf 89' lang='lat' dir='ltr'>quod</span> <span class='ocrx_word' id='word_1_171' title='bbox 984 1596 1086 1632; x_wconf 88' lang='lat' dir='ltr'>neque</span> <span class='ocrx_word' id='word_1_172' title='bbox 1101 1591 1160 1618; x_wconf 90' lang='lat' dir='ltr'>etc.</span> 
     </span>
     <span class='ocr_line' id='line_1_37' title="bbox 415 1638 1161 1690; baseline -0.008 -13"><span class='ocrx_word' id='word_1_173' title='bbox 415 1642 622 1690; x_wconf 81' lang='lat' dir='ltr'>hospitalariis</span> <span class='ocrx_word' id='word_1_174' title='bbox 636 1650 695 1677; x_wconf 88' lang='lat' dir='ltr'>etc.</span> <span class='ocrx_word' id='word_1_175' title='bbox 712 1641 932 1677; x_wconf 90' lang='lat' dir='ltr'>defraudarent</span> <span class='ocrx_word' id='word_1_176' title='bbox 953 1638 1161 1687; x_wconf 85' lang='lat' dir='ltr'>portionibus.</span> 
     </span>
     <span class='ocr_line' id='line_1_38' title="bbox 414 1692 1163 1742; baseline -0.005 -12"><span class='ocrx_word' id='word_1_177' title='bbox 414 1697 506 1739; x_wconf 84' lang='lat' dir='ltr'>Quod</span> <span class='ocrx_word' id='word_1_178' title='bbox 534 1697 559 1732; x_wconf 93' lang='lat' dir='ltr'>si</span> <span class='ocrx_word' id='word_1_179' title='bbox 591 1697 650 1731; x_wconf 86' lang='lat' dir='ltr'>hoc</span> <span class='ocrx_word' id='word_1_180' title='bbox 678 1697 742 1731; x_wconf 85' lang='lat' dir='ltr'>lieri</span> <span class='ocrx_word' id='word_1_181' title='bbox 771 1695 979 1742; x_wconf 81' lang='lat' dir='ltr'>contigisset,</span> <span class='ocrx_word' id='word_1_182' title='bbox 1013 1692 1163 1728; x_wconf 90' lang='lat' dir='ltr'>omnibus</span> 
     </span>
     <span class='ocr_line' id='line_1_39' title="bbox 416 1746 1164 1795; baseline -0.007 -10"><span class='ocrx_word' id='word_1_183' title='bbox 416 1751 536 1795; x_wconf 87' lang='lat' dir='ltr'>modis,</span> <span class='ocrx_word' id='word_1_184' title='bbox 572 1751 663 1786; x_wconf 88' lang='lat' dir='ltr'>etiam</span> <span class='ocrx_word' id='word_1_185' title='bbox 696 1758 814 1785; x_wconf 82' lang='lat' dir='ltr'>armata</span> <span class='ocrx_word' id='word_1_186' title='bbox 849 1761 959 1789; x_wconf 90' lang='lat' dir='ltr'>manu,</span> <span class='ocrx_word' id='word_1_187' title='bbox 987 1747 1024 1782; x_wconf 86' lang='lat' dir='ltr'>ad</span> <span class='ocrx_word' id='word_1_188' title='bbox 1052 1746 1164 1781; x_wconf 86' lang='lat' dir='ltr'>defen-</span> 
     </span>
     <span class='ocr_line' id='line_1_40' title="bbox 415 1801 1162 1851; baseline -0.008 -11"><span class='ocrx_word' id='word_1_189' title='bbox 415 1804 567 1847; x_wconf 86' lang='lat' dir='ltr'>dendam,</span> <span class='ocrx_word' id='word_1_190' title='bbox 591 1805 636 1840; x_wconf 88' lang='lat' dir='ltr'>vel</span> <span class='ocrx_word' id='word_1_191' title='bbox 659 1805 697 1839; x_wconf 86' lang='lat' dir='ltr'>ad</span> <span class='ocrx_word' id='word_1_192' title='bbox 721 1802 966 1851; x_wconf 83' lang='lat' dir='ltr'>recuperandam</span> <span class='ocrx_word' id='word_1_193' title='bbox 988 1801 1162 1848; x_wconf 90' lang='lat' dir='ltr'>portionem</span> 
     </span>
     <span class='ocr_line' id='line_1_41' title="bbox 416 1855 1164 1903; baseline -0.007 -10"><span class='ocrx_word' id='word_1_194' title='bbox 416 1871 517 1903; x_wconf 81' lang='lat' dir='ltr'>suain,</span> <span class='ocrx_word' id='word_1_195' title='bbox 539 1866 645 1893; x_wconf 91' lang='lat' dir='ltr'>contra</span> <span class='ocrx_word' id='word_1_196' title='bbox 661 1857 841 1893; x_wconf 82' lang='lat' dir='ltr'>fundatores</span> <span class='ocrx_word' id='word_1_197' title='bbox 863 1855 1054 1891; x_wconf 89' lang='lat' dir='ltr'>defraudatis</span> <span class='ocrx_word' id='word_1_198' title='bbox 1073 1866 1164 1901; x_wconf 88' lang='lat' dir='ltr'>opem</span> 
     </span>
     <span class='ocr_line' id='line_1_42' title="bbox 416 1908 1163 1959; baseline -0.007 -12"><span class='ocrx_word' id='word_1_199' title='bbox 416 1921 445 1946; x_wconf 87' lang='lat' dir='ltr'>et</span> <span class='ocrx_word' id='word_1_200' title='bbox 469 1912 634 1947; x_wconf 87' lang='lat' dir='ltr'>consilinm</span> <span class='ocrx_word' id='word_1_201' title='bbox 656 1913 686 1946; x_wconf 92' lang='lat' dir='ltr'>in</span> <span class='ocrx_word' id='word_1_202' title='bbox 715 1919 902 1959; x_wconf 88' lang='lat' dir='ltr'>perpetuum</span> <span class='ocrx_word' id='word_1_203' title='bbox 928 1910 1055 1944; x_wconf 88' lang='lat' dir='ltr'>ferrent.</span> <span class='ocrx_word' id='word_1_204' title='bbox 1079 1908 1163 1943; x_wconf 90' lang='lat' dir='ltr'>Nulli</span> 
     </span>
     <span class='ocr_line' id='line_1_43' title="bbox 417 1963 1167 2012; baseline -0.004 -12"><span class='ocrx_word' id='word_1_205' title='bbox 417 1978 492 2012; x_wconf 87' lang='lat' dir='ltr'>ergo</span> <span class='ocrx_word' id='word_1_206' title='bbox 511 1967 640 2001; x_wconf 91' lang='lat' dir='ltr'>omnino</span> <span class='ocrx_word' id='word_1_207' title='bbox 662 1966 824 2000; x_wconf 89' lang='lat' dir='ltr'>hominum</span> <span class='ocrx_word' id='word_1_208' title='bbox 849 1965 893 1999; x_wconf 87' lang='lat' dir='ltr'>fas</span> <span class='ocrx_word' id='word_1_209' title='bbox 915 1964 965 2005; x_wconf 89' lang='lat' dir='ltr'>sit,</span> <span class='ocrx_word' id='word_1_210' title='bbox 989 1963 1081 1998; x_wconf 91' lang='lat' dir='ltr'>huius</span> <span class='ocrx_word' id='word_1_211' title='bbox 1107 1975 1167 1997; x_wconf 88' lang='lat' dir='ltr'>no-</span> 
     </span>
     <span class='ocr_line' id='line_1_44' title="bbox 418 2017 1166 2066; baseline -0.005 -11"><span class='ocrx_word' id='word_1_212' title='bbox 418 2029 499 2055; x_wconf 80' lang='lat' dir='ltr'>strae</span> <span class='ocrx_word' id='word_1_213' title='bbox 532 2020 780 2055; x_wconf 83' lang='lat' dir='ltr'>confirmationis</span> <span class='ocrx_word' id='word_1_214' title='bbox 816 2019 960 2066; x_wconf 86' lang='lat' dir='ltr'>paginam</span> <span class='ocrx_word' id='word_1_215' title='bbox 1000 2017 1166 2052; x_wconf 88' lang='lat' dir='ltr'>temerario</span> 
     </span>
     <span class='ocr_line' id='line_1_45' title="bbox 418 2070 1167 2121; baseline -0.007 -12"><span class='ocrx_word' id='word_1_216' title='bbox 418 2087 495 2110; x_wconf 87' lang='lat' dir='ltr'>ausu</span> <span class='ocrx_word' id='word_1_217' title='bbox 523 2075 704 2121; x_wconf 65' lang='lat' dir='ltr'>infringere,</span> <span class='ocrx_word' id='word_1_218' title='bbox 726 2086 780 2108; x_wconf 87' lang='lat' dir='ltr'>sen</span> <span class='ocrx_word' id='word_1_219' title='bbox 799 2071 994 2119; x_wconf 87' lang='lat' dir='ltr'>quibuslibet</span> <span class='ocrx_word' id='word_1_220' title='bbox 1016 2070 1167 2105; x_wconf 87' lang='lat' dir='ltr'>molestiis</span> 
     </span>
     <span class='ocr_line' id='line_1_46' title="bbox 420 2127 1168 2175; baseline -0.007 -12"><span class='ocrx_word' id='word_1_221' title='bbox 420 2129 611 2175; x_wconf 87' lang='lat' dir='ltr'>perturbare.</span> <span class='ocrx_word' id='word_1_222' title='bbox 635 2128 667 2161; x_wconf 85' lang='lat' dir='ltr'>Si</span> <span class='ocrx_word' id='word_1_223' title='bbox 691 2127 762 2175; x_wconf 89' lang='lat' dir='ltr'>quis</span> <span class='ocrx_word' id='word_1_224' title='bbox 782 2134 886 2161; x_wconf 88' lang='lat' dir='ltr'>autem</span> <span class='ocrx_word' id='word_1_225' title='bbox 908 2133 1058 2160; x_wconf 89' lang='lat' dir='ltr'>attentare</span> <span class='ocrx_word' id='word_1_226' title='bbox 1078 2137 1168 2171; x_wconf 87' lang='lat' dir='ltr'>prae-</span> 
     </span>
     <span class='ocr_line' id='line_1_47' title="bbox 419 2179 1166 2223; baseline -0.005 -7"><span class='ocrx_word' id='word_1_227' title='bbox 419 2191 533 2223; x_wconf 88' lang='lat' dir='ltr'>sumat,</span> <span class='ocrx_word' id='word_1_228' title='bbox 552 2182 690 2218; x_wconf 82' lang='lat' dir='ltr'>secundo</span> <span class='ocrx_word' id='word_1_229' title='bbox 710 2181 838 2216; x_wconf 88' lang='lat' dir='ltr'>tertiove</span> <span class='ocrx_word' id='word_1_230' title='bbox 856 2179 1081 2219; x_wconf 89' lang='lat' dir='ltr'>commonitus,</span> <span class='ocrx_word' id='word_1_231' title='bbox 1109 2179 1166 2213; x_wconf 90' lang='lat' dir='ltr'>nisi</span> 
     </span>
     <span class='ocr_line' id='line_1_48' title="bbox 420 2234 1167 2282; baseline -0.008 -9"><span class='ocrx_word' id='word_1_232' title='bbox 420 2247 538 2273; x_wconf 87' lang='lat' dir='ltr'>reatum</span> <span class='ocrx_word' id='word_1_233' title='bbox 561 2249 652 2272; x_wconf 91' lang='lat' dir='ltr'>suum</span> <span class='ocrx_word' id='word_1_234' title='bbox 688 2247 826 2282; x_wconf 85' lang='lat' dir='ltr'>congrua</span> <span class='ocrx_word' id='word_1_235' title='bbox 856 2234 1068 2270; x_wconf 83' lang='lat' dir='ltr'>satisfactione</span> <span class='ocrx_word' id='word_1_236' title='bbox 1095 2245 1167 2268; x_wconf 89' lang='lat' dir='ltr'>cor—</span> 
     </span>
     <span class='ocr_line' id='line_1_49' title="bbox 420 2286 1167 2338; baseline -0.008 -11"><span class='ocrx_word' id='word_1_237' title='bbox 420 2292 550 2333; x_wconf 78' lang='lat' dir='ltr'>rexerit,</span> <span class='ocrx_word' id='word_1_238' title='bbox 578 2291 824 2338; x_wconf 82' lang='lat' dir='ltr'>indignationem</span> <span class='ocrx_word' id='word_1_239' title='bbox 853 2288 1079 2336; x_wconf 88' lang='lat' dir='ltr'>omnipotentis</span> <span class='ocrx_word' id='word_1_240' title='bbox 1112 2286 1167 2322; x_wconf 88' lang='lat' dir='ltr'>Dei</span> 
     </span>
     <span class='ocr_line' id='line_1_50' title="bbox 421 2342 1168 2390; baseline -0.009 -8"><span class='ocrx_word' id='word_1_241' title='bbox 421 2357 452 2382; x_wconf 85' lang='lat' dir='ltr'>et</span> <span class='ocrx_word' id='word_1_242' title='bbox 469 2347 630 2382; x_wconf 90' lang='lat' dir='ltr'>beatorum</span> <span class='ocrx_word' id='word_1_243' title='bbox 665 2345 747 2380; x_wconf 91' lang='lat' dir='ltr'>Petri</span> <span class='ocrx_word' id='word_1_244' title='bbox 771 2353 801 2380; x_wconf 90' lang='lat' dir='ltr'>et</span> <span class='ocrx_word' id='word_1_245' title='bbox 831 2343 919 2379; x_wconf 88' lang='lat' dir='ltr'>Pauli</span> <span class='ocrx_word' id='word_1_246' title='bbox 954 2342 1168 2390; x_wconf 88' lang='lat' dir='ltr'>apostolorum</span> 
     </span>
     <span class='ocr_line' id='line_1_51' title="bbox 422 2399 1169 2447; baseline -0.008 -11"><span class='ocrx_word' id='word_1_247' title='bbox 422 2402 490 2437; x_wconf 90' lang='lat' dir='ltr'>eius</span> <span class='ocrx_word' id='word_1_248' title='bbox 512 2402 663 2441; x_wconf 79' lang='lat' dir='ltr'>incurrat;</span> <span class='ocrx_word' id='word_1_249' title='bbox 696 2409 788 2447; x_wconf 87' lang='lat' dir='ltr'>atque</span> <span class='ocrx_word' id='word_1_250' title='bbox 811 2399 843 2434; x_wconf 90' lang='lat' dir='ltr'>in</span> <span class='ocrx_word' id='word_1_251' title='bbox 864 2406 1003 2433; x_wconf 84' lang='lat' dir='ltr'>extremo</span> <span class='ocrx_word' id='word_1_252' title='bbox 1024 2399 1169 2431; x_wconf 81' lang='lat' dir='ltr'>examine</span> 
     </span>
     <span class='ocr_line' id='line_1_52' title="bbox 423 2453 916 2490; baseline -0.008 0"><span class='ocrx_word' id='word_1_253' title='bbox 423 2456 580 2490; x_wconf 86' lang='lat' dir='ltr'>districtae</span> <span class='ocrx_word' id='word_1_254' title='bbox 608 2454 718 2489; x_wconf 88' lang='lat' dir='ltr'>ultioni</span> <span class='ocrx_word' id='word_1_255' title='bbox 746 2453 916 2489; x_wconf 85' lang='lat' dir='ltr'>subiaceat.</span> 
     </span>
    </p>

    <p class='ocr_par' dir='ltr' id='par_1_8' title="bbox 472 2503 1167 2543">
     <span class='ocr_line' id='line_1_53' title="bbox 472 2503 1167 2543; baseline -0.009 1"><span class='ocrx_word' id='word_1_256' title='bbox 472 2509 585 2543; x_wconf 86' lang='lat' dir='ltr'>Datum</span> <span class='ocrx_word' id='word_1_257' title='bbox 609 2509 705 2543; x_wconf 82' lang='lat' dir='ltr'>Albae</span> <span class='ocrx_word' id='word_1_258' title='bbox 726 2508 783 2543; x_wconf 78' lang='lat' dir='ltr'>kat.</span> <span class='ocrx_word' id='word_1_259' title='bbox 808 2503 955 2541; x_wconf 84' lang='lat' dir='ltr'>novemb&#39;.</span> <span class='ocrx_word' id='word_1_260' title='bbox 981 2517 1062 2539; x_wconf 89' lang='lat' dir='ltr'>anno</span> <span class='ocrx_word' id='word_1_261' title='bbox 1078 2516 1167 2539; x_wconf 76' lang='lat' dir='ltr'>lucu.</span> 
     </span>
    </p>
   </div>
   <div class='ocr_carea' id='block_1_8' title="bbox 451 2556 1139 2649">
    <p class='ocr_par' dir='ltr' id='par_1_9' title="bbox 451 2556 1139 2649">
     <span class='ocr_line' id='line_1_54' title="bbox 451 2556 1139 2599; baseline -0.007 -3"><span class='ocrx_word' id='word_1_262' title='bbox 451 2556 511 2596; x_wconf 71' lang='lat' dir='ltr'>Dat.</span> <span class='ocrx_word' id='word_1_263' title='bbox 534 2567 580 2595; x_wconf 88' lang='lat' dir='ltr'>die</span> <span class='ocrx_word' id='word_1_264' title='bbox 604 2567 615 2595; x_wconf 67' lang='lat' dir='ltr'>rl</span> <span class='ocrx_word' id='word_1_265' title='bbox 639 2565 804 2595; x_wconf 83' lang='lat' dir='ltr'>novembris</span> <span class='ocrx_word' id='word_1_266' title='bbox 823 2573 898 2594; x_wconf 83' lang='lat' dir='ltr'>anno</span> <span class='ocrx_word' id='word_1_267' title='bbox 920 2563 1034 2592; x_wconf 88' lang='lat' dir='ltr'>Domini</span> <span class='ocrx_word' id='word_1_268' title='bbox 1054 2562 1139 2599; x_wconf 86' lang='lat'><strong>1151,</strong></span> 
     </span>
     <span class='ocr_line' id='line_1_55' title="bbox 669 2610 931 2649; baseline -0.008 -10"><span class='ocrx_word' id='word_1_269' title='bbox 669 2610 770 2649; x_wconf 83' lang='lat' dir='ltr'>pontif.</span> <span class='ocrx_word' id='word_1_270' title='bbox 792 2618 868 2639; x_wconf 85' lang='lat' dir='ltr'>anno</span> <span class='ocrx_word' id='word_1_271' title='bbox 884 2617 931 2638; x_wconf 81' lang='lat' dir='ltr'>ru.</span> 
     </span>
    </p>
   </div>
   <div class='ocr_carea' id='block_1_9' title="bbox 988 213 1364 237">
    <p class='ocr_par' dir='ltr' id='par_1_10' title="bbox 988 213 1364 237">
     <span class='ocr_line' id='line_1_56' title="bbox 988 213 1364 237; baseline -0.003 0"><span class='ocrx_word' id='word_1_272' title='bbox 988 214 1176 237; x_wconf 81' lang='lat' dir='ltr'>BULLARlUM</span> <span class='ocrx_word' id='word_1_273' title='bbox 1204 213 1364 237; x_wconf 69' lang='lat' dir='ltr'><strong>ROMANUM</strong></span> 
     </span>
    </p>
   </div>
   <div class='ocr_carea' id='block_1_10' title="bbox 1512 267 1623 302">
    <p class='ocr_par' dir='ltr' id='par_1_11' title="bbox 1512 267 1623 302">
     <span class='ocr_line' id='line_1_57' title="bbox 1512 267 1623 302; baseline 0 0"><span class='ocrx_word' id='word_1_274' title='bbox 1512 267 1623 302; x_wconf 88' lang='lat' dir='ltr'>XLIV.</span> 
     </span>
    </p>
   </div>
   <div class='ocr_carea' id='block_1_11' title="bbox 1200 343 1941 488">
    <p class='ocr_par' dir='ltr' id='par_1_12' title="bbox 1200 343 1941 488">
     <span class='ocr_line' id='line_1_58' title="bbox 1200 343 1941 389; baseline 0.005 -12"><span class='ocrx_word' id='word_1_275' title='bbox 1200 343 1399 389; x_wconf 73' lang='lat' dir='ltr'>Pri&#39;m&#39;leqium</span> <span class='ocrx_word' id='word_1_276' title='bbox 1427 344 1666 389; x_wconf 78' lang='lat' dir='ltr'>confirmationis</span> <span class='ocrx_word' id='word_1_277' title='bbox 1700 346 1847 380; x_wconf 82' lang='lat' dir='ltr'>bonorum</span> <span class='ocrx_word' id='word_1_278' title='bbox 1875 360 1941 381; x_wconf 84' lang='lat' dir='ltr'>mo-</span> 
     </span>
     <span class='ocr_line' id='line_1_59' title="bbox 1247 394 1940 440; baseline 0.007 -14"><span class='ocrx_word' id='word_1_279' title='bbox 1247 394 1373 426; x_wconf 66' lang='lat' dir='ltr'>misterii</span> <span class='ocrx_word' id='word_1_280' title='bbox 1415 394 1657 427; x_wconf 82' lang='lat' dir='ltr'>Valciodorensis</span> <span class='ocrx_word' id='word_1_281' title='bbox 1688 407 1782 440; x_wconf 80' lang='lat' dir='ltr'>supra</span> <span class='ocrx_word' id='word_1_282' title='bbox 1818 397 1940 431; x_wconf 88' lang='lat' dir='ltr'>Mosam</span> 
     </span>
     <span class='ocr_line' id='line_1_60' title="bbox 1244 444 1454 488; baseline 0.01 -14"><span class='ocrx_word' id='word_1_283' title='bbox 1244 444 1374 488; x_wconf 73' lang='lat' dir='ltr'>fluvium</span> <span class='ocrx_word' id='word_1_284' title='bbox 1393 444 1454 487; x_wconf 71' lang='lat' dir='ltr'><em>(l).</em></span> 
     </span>
    </p>
   </div>
   <div class='ocr_carea' id='block_1_12' title="bbox 1461 513 1673 547">
    <p class='ocr_par' dir='ltr' id='par_1_13' title="bbox 1461 513 1673 547">
     <span class='ocr_line' id='line_1_61' title="bbox 1461 513 1673 547; baseline 0 0"><span class='ocrx_word' id='word_1_285' title='bbox 1461 513 1673 547; x_wconf 74' lang='lat' dir='ltr'>SUMMARIUM</span> 
     </span>
    </p>
   </div>
   <div class='ocr_carea' id='block_1_13' title="bbox 1196 582 1946 891">
    <p class='ocr_par' dir='ltr' id='par_1_14' title="bbox 1196 582 1946 891">
     <span class='ocr_line' id='line_1_62' title="bbox 1196 582 1943 624; baseline 0.007 -11"><span class='ocrx_word' id='word_1_286' title='bbox 1196 583 1362 614; x_wconf 77' lang='lat' dir='ltr'>Exordium.</span> <span class='ocrx_word' id='word_1_287' title='bbox 1388 600 1427 606; x_wconf 89' lang='lat'>—</span> <span class='ocrx_word' id='word_1_288' title='bbox 1452 582 1660 613; x_wconf 88' lang='lat' dir='ltr'>Monasterium</span> <span class='ocrx_word' id='word_1_289' title='bbox 1687 584 1742 614; x_wconf 72' lang='lat' dir='ltr'>sub</span> <span class='ocrx_word' id='word_1_290' title='bbox 1765 586 1943 624; x_wconf 85' lang='lat' dir='ltr'>protectione</span> 
     </span>
     <span class='ocr_line' id='line_1_63' title="bbox 1236 627 1942 667; baseline 0.004 -9"><span class='ocrx_word' id='word_1_291' title='bbox 1236 628 1320 658; x_wconf 90' lang='lat' dir='ltr'>Sedis</span> <span class='ocrx_word' id='word_1_292' title='bbox 1343 627 1528 667; x_wconf 85' lang='lat' dir='ltr'>Apostolicae</span> <span class='ocrx_word' id='word_1_293' title='bbox 1548 627 1653 665; x_wconf 85' lang='lat' dir='ltr'>recipit</span> <span class='ocrx_word' id='word_1_294' title='bbox 1674 627 1815 667; x_wconf 67' lang='lat' dir='ltr'>Pontifex,</span> <span class='ocrx_word' id='word_1_295' title='bbox 1835 647 1874 653; x_wconf 92' lang='lat'>—-</span> <span class='ocrx_word' id='word_1_296' title='bbox 1891 631 1942 661; x_wconf 85' lang='lat' dir='ltr'>Ei-</span> 
     </span>
     <span class='ocr_line' id='line_1_64' title="bbox 1236 672 1943 705; baseline 0.004 -3"><span class='ocrx_word' id='word_1_297' title='bbox 1236 673 1301 702; x_wconf 85' lang='lat' dir='ltr'>dem</span> <span class='ocrx_word' id='word_1_298' title='bbox 1328 672 1403 702; x_wconf 87' lang='lat' dir='ltr'>bona</span> <span class='ocrx_word' id='word_1_299' title='bbox 1425 672 1522 702; x_wconf 90' lang='lat' dir='ltr'>omnia</span> <span class='ocrx_word' id='word_1_300' title='bbox 1549 672 1713 702; x_wconf 87' lang='lat' dir='ltr'>confirmat.</span> <span class='ocrx_word' id='word_1_301' title='bbox 1740 690 1780 696; x_wconf 90' lang='lat'><strong>—</strong></span> <span class='ocrx_word' id='word_1_302' title='bbox 1800 674 1943 705; x_wconf 88' lang='lat' dir='ltr'>Abbatem</span> 
     </span>
     <span class='ocr_line' id='line_1_65' title="bbox 1238 716 1944 757; baseline 0.004 -11"><span class='ocrx_word' id='word_1_303' title='bbox 1238 727 1252 746; x_wconf 87' lang='lat' dir='ltr'>a</span> <span class='ocrx_word' id='word_1_304' title='bbox 1287 717 1421 747; x_wconf 85' lang='lat' dir='ltr'>monach.</span> <span class='ocrx_word' id='word_1_305' title='bbox 1458 716 1570 746; x_wconf 91' lang='lat' dir='ltr'>nullius</span> <span class='ocrx_word' id='word_1_306' title='bbox 1606 716 1769 747; x_wconf 89' lang='lat' dir='ltr'>interventu</span> <span class='ocrx_word' id='word_1_307' title='bbox 1802 727 1944 757; x_wconf 84' lang='lat' dir='ltr'>personae</span> 
     </span>
     <span class='ocr_line' id='line_1_66' title="bbox 1237 760 1946 800; baseline 0.001 -8"><span class='ocrx_word' id='word_1_308' title='bbox 1237 762 1305 800; x_wconf 75' lang='lat' dir='ltr'>eligi</span> <span class='ocrx_word' id='word_1_309' title='bbox 1329 762 1438 792; x_wconf 87' lang='lat' dir='ltr'>statuit.</span> <span class='ocrx_word' id='word_1_310' title='bbox 1465 778 1505 784; x_wconf 94' lang='lat'>—</span> <span class='ocrx_word' id='word_1_311' title='bbox 1525 760 1634 791; x_wconf 86' lang='lat' dir='ltr'>Solitae</span> <span class='ocrx_word' id='word_1_312' title='bbox 1659 762 1875 793; x_wconf 86' lang='lat' dir='ltr'>conclusiones.</span> <span class='ocrx_word' id='word_1_313' title='bbox 1905 781 1946 787; x_wconf 87' lang='lat'><strong>—</strong></span> 
     </span>
     <span class='ocr_line' id='line_1_67' title="bbox 1236 805 1944 845; baseline 0.004 -9"><span class='ocrx_word' id='word_1_314' title='bbox 1236 806 1358 845; x_wconf 83' lang='lat' dir='ltr'>Eugenii</span> <span class='ocrx_word' id='word_1_315' title='bbox 1385 806 1437 836; x_wconf 87' lang='lat' dir='ltr'>PP.</span> <span class='ocrx_word' id='word_1_316' title='bbox 1466 810 1494 836; x_wconf 89' lang='lat' dir='ltr'>et</span> <span class='ocrx_word' id='word_1_317' title='bbox 1517 805 1544 836; x_wconf 91' lang='lat' dir='ltr'>S.</span> <span class='ocrx_word' id='word_1_318' title='bbox 1573 805 1606 835; x_wconf 89' lang='lat' dir='ltr'>R.</span> <span class='ocrx_word' id='word_1_319' title='bbox 1637 805 1714 835; x_wconf 87' lang='lat' dir='ltr'>Eccl.</span> <span class='ocrx_word' id='word_1_320' title='bbox 1749 807 1944 838; x_wconf 86' lang='lat' dir='ltr'>cardinalium</span> 
     </span>
     <span class='ocr_line' id='line_1_68' title="bbox 1237 850 1482 891; baseline 0 -11"><span class='ocrx_word' id='word_1_321' title='bbox 1237 850 1482 891; x_wconf 78' lang='lat' dir='ltr'>subscriptiones,</span> 
     </span>
    </p>
   </div>
   <div class='ocr_carea' id='block_1_14' title="bbox 1197 916 1945 1134">
    <p class='ocr_par' dir='ltr' id='par_1_15' title="bbox 1197 916 1945 1134">
     <span class='ocr_line' id='line_1_69' title="bbox 1197 916 1945 956; baseline 0.003 -9"><span class='ocrx_word' id='word_1_322' title='bbox 1197 917 1313 956; x_wconf 77' lang='lat' dir='ltr'>Engenius</span> <span class='ocrx_word' id='word_1_323' title='bbox 1335 916 1454 956; x_wconf 83' lang='lat' dir='ltr'>episcopus</span> <span class='ocrx_word' id='word_1_324' title='bbox 1477 926 1554 946; x_wconf 86' lang='lat' dir='ltr'>servus</span> <span class='ocrx_word' id='word_1_325' title='bbox 1574 925 1690 947; x_wconf 85' lang='lat' dir='ltr'>servorum</span> <span class='ocrx_word' id='word_1_326' title='bbox 1716 916 1767 955; x_wconf 88' lang='lat' dir='ltr'>Dei,</span> <span class='ocrx_word' id='word_1_327' title='bbox 1789 917 1875 948; x_wconf 83' lang='lat' dir='ltr'>dilecto</span> <span class='ocrx_word' id='word_1_328' title='bbox 1896 919 1945 949; x_wconf 84' lang='lat' dir='ltr'>filio</span> 
     </span>
     <span class='ocr_line' id='line_1_70' title="bbox 1235 960 1945 993; baseline 0.003 -2"><span class='ocrx_word' id='word_1_329' title='bbox 1235 961 1377 991; x_wconf 77' lang='lat' dir='ltr'>Theoderico</span> <span class='ocrx_word' id='word_1_330' title='bbox 1392 960 1469 990; x_wconf 84' lang='lat' dir='ltr'>abbati</span> <span class='ocrx_word' id='word_1_331' title='bbox 1479 961 1610 991; x_wconf 84' lang='lat' dir='ltr'>monasterii</span> <span class='ocrx_word' id='word_1_332' title='bbox 1625 961 1711 991; x_wconf 81' lang='lat' dir='ltr'>Beatae</span> <span class='ocrx_word' id='word_1_333' title='bbox 1729 962 1813 992; x_wconf 79' lang='lat' dir='ltr'>Mariae</span> <span class='ocrx_word' id='word_1_334' title='bbox 1828 962 1851 992; x_wconf 90' lang='lat' dir='ltr'>in</span> <span class='ocrx_word' id='word_1_335' title='bbox 1865 963 1945 993; x_wconf 82' lang='lat' dir='ltr'>Wnal-</span> 
     </span>
     <span class='ocr_line' id='line_1_71' title="bbox 1237 1005 1944 1046; baseline 0.001 -10"><span class='ocrx_word' id='word_1_336' title='bbox 1237 1006 1329 1036; x_wconf 80' lang='lat' dir='ltr'>ciotloro</span> <span class='ocrx_word' id='word_1_337' title='bbox 1346 1015 1413 1045; x_wconf 81' lang='lat' dir='ltr'>snpra</span> <span class='ocrx_word' id='word_1_338' title='bbox 1428 1005 1522 1035; x_wconf 82' lang='lat' dir='ltr'>fluvium</span> <span class='ocrx_word' id='word_1_339' title='bbox 1544 1005 1604 1035; x_wconf 87' lang='lat' dir='ltr'>lllosa</span> <span class='ocrx_word' id='word_1_340' title='bbox 1635 1005 1683 1043; x_wconf 81' lang='lat' dir='ltr'>siti,</span> <span class='ocrx_word' id='word_1_341' title='bbox 1713 1006 1807 1044; x_wconf 81' lang='lat' dir='ltr'>eiusque</span> <span class='ocrx_word' id='word_1_342' title='bbox 1828 1005 1944 1046; x_wconf 73' lang='lat' dir='ltr'>tratribus,</span> 
     </span>
     <span class='ocr_line' id='line_1_72' title="bbox 1237 1049 1945 1089; baseline 0.003 -10"><span class='ocrx_word' id='word_1_343' title='bbox 1237 1055 1282 1080; x_wconf 77' lang='lat' dir='ltr'>nnn</span> <span class='ocrx_word' id='word_1_344' title='bbox 1295 1049 1452 1089; x_wconf 81' lang='lat' dir='ltr'>praesentibus</span> <span class='ocrx_word' id='word_1_345' title='bbox 1465 1059 1532 1088; x_wconf 83' lang='lat' dir='ltr'>quain</span> <span class='ocrx_word' id='word_1_346' title='bbox 1549 1049 1638 1089; x_wconf 83' lang='lat' dir='ltr'>futuris,</span> <span class='ocrx_word' id='word_1_347' title='bbox 1654 1051 1793 1089; x_wconf 80' lang='lat' dir='ltr'>regulariter</span> <span class='ocrx_word' id='word_1_348' title='bbox 1806 1049 1945 1082; x_wconf 83' lang='lat' dir='ltr'>substituen-</span> 
     </span>
     <span class='ocr_line' id='line_1_73' title="bbox 1237 1095 1491 1134; baseline -0.004 -9"><span class='ocrx_word' id='word_1_349' title='bbox 1237 1095 1280 1133; x_wconf 89' lang='lat' dir='ltr'>dis,</span> <span class='ocrx_word' id='word_1_350' title='bbox 1301 1096 1323 1124; x_wconf 91' lang='lat' dir='ltr'>in</span> <span class='ocrx_word' id='word_1_351' title='bbox 1345 1098 1491 1134; x_wconf 86' lang='lat' dir='ltr'>perpetuum.</span> 
     </span>
    </p>
   </div>
   <div class='ocr_carea' id='block_1_15' title="bbox 1200 1152 1955 2542">
    <p class='ocr_par' dir='ltr' id='par_1_16' title="bbox 1200 1152 1955 2542">
     <span class='ocr_line' id='line_1_74' title="bbox 1247 1152 1947 1202; baseline -0.001 -13"><span class='ocrx_word' id='word_1_352' title='bbox 1247 1154 1422 1202; x_wconf 84' lang='lat' dir='ltr'>Apostolici</span> <span class='ocrx_word' id='word_1_353' title='bbox 1438 1152 1661 1187; x_wconf 87' lang='lat' dir='ltr'>moderaminis</span> <span class='ocrx_word' id='word_1_354' title='bbox 1675 1152 1858 1189; x_wconf 87' lang='lat' dir='ltr'>clementiae</span> <span class='ocrx_word' id='word_1_355' title='bbox 1869 1165 1947 1189; x_wconf 88' lang='lat' dir='ltr'>con-</span> 
     </span>
     <span class='ocr_line' id='line_1_75' title="bbox 1200 1202 1947 1250; baseline 0 -12"><span class='ocrx_word' id='word_1_356' title='bbox 1200 1205 1295 1248; x_wconf 82' lang='lat' dir='ltr'>venit,</span> <span class='ocrx_word' id='word_1_357' title='bbox 1329 1203 1492 1250; x_wconf 87' lang='lat' dir='ltr'>religiosos</span> <span class='ocrx_word' id='word_1_358' title='bbox 1520 1202 1628 1237; x_wconf 89' lang='lat' dir='ltr'>fratres</span> <span class='ocrx_word' id='word_1_359' title='bbox 1655 1202 1775 1238; x_wconf 88' lang='lat' dir='ltr'>sincera</span> <span class='ocrx_word' id='word_1_360' title='bbox 1810 1203 1840 1238; x_wconf 90' lang='lat' dir='ltr'>in</span> <span class='ocrx_word' id='word_1_361' title='bbox 1874 1202 1947 1238; x_wconf 89' lang='lat' dir='ltr'>Do-</span> 
     </span>
     <span class='ocr_line' id='line_1_76' title="bbox 1201 1252 1947 1300; baseline 0 -12"><span class='ocrx_word' id='word_1_362' title='bbox 1201 1254 1285 1289; x_wconf 89' lang='lat' dir='ltr'>mino</span> <span class='ocrx_word' id='word_1_363' title='bbox 1307 1254 1432 1288; x_wconf 87' lang='lat' dir='ltr'>caritate</span> <span class='ocrx_word' id='word_1_364' title='bbox 1453 1252 1594 1299; x_wconf 81' lang='lat' dir='ltr'>diligere,</span> <span class='ocrx_word' id='word_1_365' title='bbox 1618 1259 1649 1287; x_wconf 91' lang='lat' dir='ltr'>et</span> <span class='ocrx_word' id='word_1_366' title='bbox 1674 1265 1782 1287; x_wconf 87' lang='lat' dir='ltr'>eorum</span> <span class='ocrx_word' id='word_1_367' title='bbox 1807 1253 1873 1288; x_wconf 92' lang='lat' dir='ltr'>loca</span> <span class='ocrx_word' id='word_1_368' title='bbox 1895 1253 1947 1300; x_wconf 89' lang='lat' dir='ltr'>pio</span> 
     </span>
     <span class='ocr_line' id='line_1_77' title="bbox 1200 1301 1946 1351; baseline 0 -13"><span class='ocrx_word' id='word_1_369' title='bbox 1200 1303 1388 1351; x_wconf 87' lang='lat' dir='ltr'>apostolicae</span> <span class='ocrx_word' id='word_1_370' title='bbox 1434 1302 1506 1337; x_wconf 85' lang='lat' dir='ltr'>fidei</span> <span class='ocrx_word' id='word_1_371' title='bbox 1555 1301 1726 1349; x_wconf 89' lang='lat' dir='ltr'>patrocinio</span> <span class='ocrx_word' id='word_1_372' title='bbox 1771 1301 1946 1338; x_wconf 89' lang='lat' dir='ltr'>defensare.</span> 
     </span>
     <span class='ocr_line' id='line_1_78' title="bbox 1201 1350 1946 1400; baseline -0.003 -12"><span class='ocrx_word' id='word_1_373' title='bbox 1201 1353 1243 1388; x_wconf 84' lang='lat' dir='ltr'>Ea</span> <span class='ocrx_word' id='word_1_374' title='bbox 1286 1361 1434 1400; x_wconf 87' lang='lat' dir='ltr'>propter,</span> <span class='ocrx_word' id='word_1_375' title='bbox 1475 1350 1579 1386; x_wconf 86' lang='lat' dir='ltr'>dilecti</span> <span class='ocrx_word' id='word_1_376' title='bbox 1619 1351 1649 1386; x_wconf 91' lang='lat' dir='ltr'>in</span> <span class='ocrx_word' id='word_1_377' title='bbox 1690 1351 1828 1387; x_wconf 91' lang='lat' dir='ltr'>Domino</span> <span class='ocrx_word' id='word_1_378' title='bbox 1868 1352 1946 1394; x_wconf 90' lang='lat' dir='ltr'>filii,</span> 
     </span>
     <span class='ocr_line' id='line_1_79' title="bbox 1203 1401 1947 1449; baseline -0.001 -12"><span class='ocrx_word' id='word_1_379' title='bbox 1203 1404 1312 1438; x_wconf 71' lang='lat' dir='ltr'>restris</span> <span class='ocrx_word' id='word_1_380' title='bbox 1342 1403 1431 1437; x_wconf 90' lang='lat' dir='ltr'>iustis</span> <span class='ocrx_word' id='word_1_381' title='bbox 1464 1401 1748 1449; x_wconf 87' lang='lat' dir='ltr'>supplicationibus</span> <span class='ocrx_word' id='word_1_382' title='bbox 1776 1401 1947 1437; x_wconf 87' lang='lat' dir='ltr'>clementer</span> 
     </span>
     <span class='ocr_line' id='line_1_80' title="bbox 1202 1450 1946 1499; baseline -0.001 -12"><span class='ocrx_word' id='word_1_383' title='bbox 1202 1453 1371 1487; x_wconf 86' lang='lat' dir='ltr'>annuimus</span> <span class='ocrx_word' id='word_1_384' title='bbox 1387 1480 1394 1492; x_wconf 87' lang='lat'>,</span> <span class='ocrx_word' id='word_1_385' title='bbox 1434 1459 1465 1486; x_wconf 92' lang='lat' dir='ltr'>et</span> <span class='ocrx_word' id='word_1_386' title='bbox 1493 1450 1532 1485; x_wconf 90' lang='lat' dir='ltr'>ad</span> <span class='ocrx_word' id='word_1_387' title='bbox 1568 1452 1728 1497; x_wconf 73' lang='lat' dir='ltr'>exemplar</span> <span class='ocrx_word' id='word_1_388' title='bbox 1765 1451 1946 1499; x_wconf 87' lang='lat' dir='ltr'>praedeces-</span> 
     </span>
     <span class='ocr_line' id='line_1_81' title="bbox 1202 1500 1947 1537; baseline -0.001 0"><span class='ocrx_word' id='word_1_389' title='bbox 1202 1502 1281 1537; x_wconf 85' lang='lat' dir='ltr'>soris</span> <span class='ocrx_word' id='word_1_390' title='bbox 1317 1501 1412 1537; x_wconf 90' lang='lat' dir='ltr'>nostri</span> <span class='ocrx_word' id='word_1_391' title='bbox 1447 1500 1544 1536; x_wconf 90' lang='lat' dir='ltr'>felicis</span> <span class='ocrx_word' id='word_1_392' title='bbox 1580 1500 1748 1535; x_wconf 90' lang='lat' dir='ltr'>memoriae</span> <span class='ocrx_word' id='word_1_393' title='bbox 1782 1501 1947 1537; x_wconf 88' lang='lat' dir='ltr'>Benedicti</span> 
     </span>
     <span class='ocr_line' id='line_1_82' title="bbox 1205 1550 1949 1599; baseline 0 -13"><span class='ocrx_word' id='word_1_394' title='bbox 1205 1552 1306 1599; x_wconf 85' lang='lat' dir='ltr'>Papae</span> <span class='ocrx_word' id='word_1_395' title='bbox 1323 1551 1377 1586; x_wconf 93' lang='lat' dir='ltr'>Vll</span> <span class='ocrx_word' id='word_1_396' title='bbox 1400 1550 1572 1598; x_wconf 84' lang='lat' dir='ltr'>praefatum</span> <span class='ocrx_word' id='word_1_397' title='bbox 1589 1550 1824 1592; x_wconf 86' lang='lat' dir='ltr'>monasterium,</span> <span class='ocrx_word' id='word_1_398' title='bbox 1839 1550 1869 1585; x_wconf 89' lang='lat' dir='ltr'>in</span> <span class='ocrx_word' id='word_1_399' title='bbox 1885 1563 1949 1598; x_wconf 91' lang='lat' dir='ltr'>quo</span> 
     </span>
     <span class='ocr_line' id='line_1_83' title="bbox 1203 1599 1948 1648; baseline 0 -13"><span class='ocrx_word' id='word_1_400' title='bbox 1203 1602 1306 1636; x_wconf 74' lang='lat' dir='ltr'>(livino</span> <span class='ocrx_word' id='word_1_401' title='bbox 1326 1600 1493 1648; x_wconf 87' lang='lat' dir='ltr'>mancipati</span> <span class='ocrx_word' id='word_1_402' title='bbox 1519 1600 1593 1634; x_wconf 88' lang='lat' dir='ltr'>estis</span> <span class='ocrx_word' id='word_1_403' title='bbox 1611 1599 1774 1647; x_wconf 87' lang='lat' dir='ltr'>obsequio,</span> <span class='ocrx_word' id='word_1_404' title='bbox 1793 1599 1853 1635; x_wconf 91' lang='lat' dir='ltr'>sub</span> <span class='ocrx_word' id='word_1_405' title='bbox 1866 1599 1948 1636; x_wconf 87' lang='lat' dir='ltr'>beati</span> 
     </span>
     <span class='ocr_line' id='line_1_84' title="bbox 1205 1649 1950 1697; baseline -0.001 -12"><span class='ocrx_word' id='word_1_406' title='bbox 1205 1651 1287 1686; x_wconf 85' lang='lat' dir='ltr'>Petri</span> <span class='ocrx_word' id='word_1_407' title='bbox 1310 1659 1339 1686; x_wconf 90' lang='lat' dir='ltr'>ct</span> <span class='ocrx_word' id='word_1_408' title='bbox 1362 1658 1467 1685; x_wconf 84' lang='lat' dir='ltr'>nostra</span> <span class='ocrx_word' id='word_1_409' title='bbox 1487 1649 1678 1697; x_wconf 88' lang='lat' dir='ltr'>protectione</span> <span class='ocrx_word' id='word_1_410' title='bbox 1704 1649 1905 1697; x_wconf 80' lang='lat' dir='ltr'>suscipimus,</span> <span class='ocrx_word' id='word_1_411' title='bbox 1919 1657 1950 1685; x_wconf 89' lang='lat' dir='ltr'>et</span> 
     </span>
     <span class='ocr_line' id='line_1_85' title="bbox 1205 1699 1948 1748; baseline -0.001 -13"><span class='ocrx_word' id='word_1_412' title='bbox 1205 1700 1377 1748; x_wconf 88' lang='lat' dir='ltr'>praesentis</span> <span class='ocrx_word' id='word_1_413' title='bbox 1394 1700 1501 1747; x_wconf 89' lang='lat' dir='ltr'>scripti</span> <span class='ocrx_word' id='word_1_414' title='bbox 1524 1699 1684 1746; x_wconf 82' lang='lat' dir='ltr'>privilegio</span> <span class='ocrx_word' id='word_1_415' title='bbox 1701 1699 1948 1741; x_wconf 80' lang='lat' dir='ltr'>communimus3</span> 
     </span>
     <span class='ocr_line' id='line_1_86' title="bbox 1204 1749 1948 1796; baseline -0.001 -11"><span class='ocrx_word' id='word_1_416' title='bbox 1204 1758 1398 1790; x_wconf 78' lang='lat' dir='ltr'>statuentes,</span> <span class='ocrx_word' id='word_1_417' title='bbox 1434 1758 1466 1784; x_wconf 91' lang='lat' dir='ltr'>ut</span> <span class='ocrx_word' id='word_1_418' title='bbox 1491 1761 1707 1796; x_wconf 83' lang='lat' dir='ltr'>quascumque</span> <span class='ocrx_word' id='word_1_419' title='bbox 1734 1749 1948 1796; x_wconf 89' lang='lat' dir='ltr'>possessiones</span> 
     </span>
     <span class='ocr_line' id='line_1_87' title="bbox 1205 1798 1949 1848; baseline -0.003 -13"><span class='ocrx_word' id='word_1_420' title='bbox 1205 1811 1422 1848; x_wconf 85' lang='lat' dir='ltr'>quaecumque</span> <span class='ocrx_word' id='word_1_421' title='bbox 1445 1799 1525 1834; x_wconf 88' lang='lat' dir='ltr'>bona</span> <span class='ocrx_word' id='word_1_422' title='bbox 1543 1798 1624 1833; x_wconf 90' lang='lat' dir='ltr'>idem</span> <span class='ocrx_word' id='word_1_423' title='bbox 1645 1799 1868 1833; x_wconf 87' lang='lat' dir='ltr'>monasterium</span> <span class='ocrx_word' id='word_1_424' title='bbox 1887 1798 1949 1833; x_wconf 92' lang='lat' dir='ltr'>im-</span> 
     </span>
     <span class='ocr_line' id='line_1_88' title="bbox 1207 1848 1948 1898; baseline -0.003 -13"><span class='ocrx_word' id='word_1_425' title='bbox 1207 1850 1450 1898; x_wconf 85' lang='lat' dir='ltr'>praesentiarum</span> <span class='ocrx_word' id='word_1_426' title='bbox 1473 1849 1552 1883; x_wconf 85' lang='lat' dir='ltr'>iuste</span> <span class='ocrx_word' id='word_1_427' title='bbox 1574 1856 1605 1883; x_wconf 89' lang='lat' dir='ltr'>et</span> <span class='ocrx_word' id='word_1_428' title='bbox 1625 1849 1776 1883; x_wconf 84' lang='lat' dir='ltr'>canonice</span> <span class='ocrx_word' id='word_1_429' title='bbox 1797 1848 1948 1896; x_wconf 90' lang='lat' dir='ltr'>possidet,</span> 
     </span>
     <span class='ocr_line' id='line_1_89' title="bbox 1205 1897 1949 1939; baseline -0.004 -4"><span class='ocrx_word' id='word_1_430' title='bbox 1205 1909 1257 1935; x_wconf 89' lang='lat' dir='ltr'>aut</span> <span class='ocrx_word' id='word_1_431' title='bbox 1290 1900 1319 1934; x_wconf 90' lang='lat' dir='ltr'>in</span> <span class='ocrx_word' id='word_1_432' title='bbox 1348 1899 1486 1934; x_wconf 89' lang='lat' dir='ltr'>futurum</span> <span class='ocrx_word' id='word_1_433' title='bbox 1519 1898 1722 1933; x_wconf 88' lang='lat' dir='ltr'>concessione</span> <span class='ocrx_word' id='word_1_434' title='bbox 1748 1897 1949 1939; x_wconf 86' lang='lat' dir='ltr'>Pontificum,</span> 
     </span>
     <span class='ocr_line' id='line_1_90' title="bbox 1206 1947 1952 1996; baseline -0.003 -12"><span class='ocrx_word' id='word_1_435' title='bbox 1206 1949 1370 1996; x_wconf 81' lang='lat' dir='ltr'>largitione</span> <span class='ocrx_word' id='word_1_436' title='bbox 1386 1960 1494 1995; x_wconf 88' lang='lat' dir='ltr'>regum</span> <span class='ocrx_word' id='word_1_437' title='bbox 1517 1947 1565 1982; x_wconf 85' lang='lat' dir='ltr'>vel</span> <span class='ocrx_word' id='word_1_438' title='bbox 1593 1947 1780 1994; x_wconf 87' lang='lat' dir='ltr'>principum,</span> <span class='ocrx_word' id='word_1_439' title='bbox 1796 1947 1952 1983; x_wconf 86' lang='lat' dir='ltr'>oblatione</span> 
     </span>
     <span class='ocr_line' id='line_1_91' title="bbox 1207 1997 1952 2044; baseline -0.003 -10"><span class='ocrx_word' id='word_1_440' title='bbox 1207 1999 1358 2040; x_wconf 86' lang='lat' dir='ltr'>fidelium,</span> <span class='ocrx_word' id='word_1_441' title='bbox 1380 2011 1435 2033; x_wconf 91' lang='lat' dir='ltr'>seu</span> <span class='ocrx_word' id='word_1_442' title='bbox 1458 1997 1528 2032; x_wconf 89' lang='lat' dir='ltr'>aliis</span> <span class='ocrx_word' id='word_1_443' title='bbox 1554 1997 1643 2032; x_wconf 85' lang='lat' dir='ltr'>iustis</span> <span class='ocrx_word' id='word_1_444' title='bbox 1670 1997 1783 2042; x_wconf 88' lang='lat' dir='ltr'>modis,</span> <span class='ocrx_word' id='word_1_445' title='bbox 1797 1997 1864 2032; x_wconf 89' lang='lat' dir='ltr'>Deo</span> <span class='ocrx_word' id='word_1_446' title='bbox 1879 2009 1952 2044; x_wconf 90' lang='lat' dir='ltr'>pro-</span> 
     </span>
     <span class='ocr_line' id='line_1_92' title="bbox 1208 2046 1953 2096; baseline 0.001 -15"><span class='ocrx_word' id='word_1_447' title='bbox 1208 2049 1296 2096; x_wconf 81' lang='lat' dir='ltr'>pitio,</span> <span class='ocrx_word' id='word_1_448' title='bbox 1319 2048 1431 2096; x_wconf 88' lang='lat' dir='ltr'>poterit</span> <span class='ocrx_word' id='word_1_449' title='bbox 1453 2047 1596 2094; x_wconf 88' lang='lat' dir='ltr'>adipisci,</span> <span class='ocrx_word' id='word_1_450' title='bbox 1612 2047 1700 2082; x_wconf 87' lang='lat' dir='ltr'>firma</span> <span class='ocrx_word' id='word_1_451' title='bbox 1722 2046 1809 2082; x_wconf 90' lang='lat' dir='ltr'>vohis</span> <span class='ocrx_word' id='word_1_452' title='bbox 1826 2047 1953 2082; x_wconf 89' lang='lat' dir='ltr'>vestris-</span> 
     </span>
     <span class='ocr_line' id='line_1_93' title="bbox 1207 2096 1950 2146; baseline -0.003 -12"><span class='ocrx_word' id='word_1_453' title='bbox 1207 2111 1268 2146; x_wconf 87' lang='lat' dir='ltr'>que</span> <span class='ocrx_word' id='word_1_454' title='bbox 1291 2096 1538 2138; x_wconf 87' lang='lat' dir='ltr'>successoribus,</span> <span class='ocrx_word' id='word_1_455' title='bbox 1553 2104 1583 2131; x_wconf 90' lang='lat' dir='ltr'>et</span> <span class='ocrx_word' id='word_1_456' title='bbox 1596 2096 1711 2132; x_wconf 88' lang='lat' dir='ltr'>illibata</span> <span class='ocrx_word' id='word_1_457' title='bbox 1738 2105 1950 2144; x_wconf 85' lang='lat' dir='ltr'>permaneant.</span> 
     </span>
     <span class='ocr_line' id='line_1_94' title="bbox 1207 2145 1953 2187; baseline -0.003 -4"><span class='ocrx_word' id='word_1_458' title='bbox 1207 2148 1355 2183; x_wconf 88' lang='lat' dir='ltr'>Obennte</span> <span class='ocrx_word' id='word_1_459' title='bbox 1382 2159 1454 2182; x_wconf 90' lang='lat' dir='ltr'>vero</span> <span class='ocrx_word' id='word_1_460' title='bbox 1477 2155 1518 2187; x_wconf 85' lang='lat' dir='ltr'>te,</span> <span class='ocrx_word' id='word_1_461' title='bbox 1540 2159 1625 2181; x_wconf 92' lang='lat' dir='ltr'>nunc</span> <span class='ocrx_word' id='word_1_462' title='bbox 1646 2145 1788 2181; x_wconf 90' lang='lat' dir='ltr'>eiusdem</span> <span class='ocrx_word' id='word_1_463' title='bbox 1809 2146 1868 2182; x_wconf 88' lang='lat' dir='ltr'>loci</span> <span class='ocrx_word' id='word_1_464' title='bbox 1896 2145 1953 2181; x_wconf 91' lang='lat' dir='ltr'>ab-</span> 
     </span>
     <span class='ocr_line' id='line_1_95' title="bbox 1208 2196 1951 2243; baseline -0.003 -10"><span class='ocrx_word' id='word_1_465' title='bbox 1208 2198 1290 2242; x_wconf 89' lang='lat' dir='ltr'>bate,</span> <span class='ocrx_word' id='word_1_466' title='bbox 1324 2197 1372 2232; x_wconf 89' lang='lat' dir='ltr'>vel</span> <span class='ocrx_word' id='word_1_467' title='bbox 1405 2205 1531 2232; x_wconf 89' lang='lat' dir='ltr'>tuorum</span> <span class='ocrx_word' id='word_1_468' title='bbox 1558 2196 1699 2243; x_wconf 89' lang='lat' dir='ltr'>quolibet</span> <span class='ocrx_word' id='word_1_469' title='bbox 1720 2208 1951 2238; x_wconf 84' lang='lat' dir='ltr'>successorum,</span> 
     </span>
     <span class='ocr_line' id='line_1_96' title="bbox 1210 2246 1951 2294; baseline -0.001 -12"><span class='ocrx_word' id='word_1_470' title='bbox 1210 2247 1313 2282; x_wconf 88' lang='lat' dir='ltr'>nullus</span> <span class='ocrx_word' id='word_1_471' title='bbox 1335 2247 1376 2281; x_wconf 92' lang='lat' dir='ltr'>ibi</span> <span class='ocrx_word' id='word_1_472' title='bbox 1393 2246 1532 2294; x_wconf 86' lang='lat' dir='ltr'>qualibet</span> <span class='ocrx_word' id='word_1_473' title='bbox 1545 2246 1751 2292; x_wconf 89' lang='lat' dir='ltr'>surreptionis</span> <span class='ocrx_word' id='word_1_474' title='bbox 1768 2246 1881 2281; x_wconf 86' lang='lat' dir='ltr'>astutia</span> <span class='ocrx_word' id='word_1_475' title='bbox 1895 2257 1951 2281; x_wconf 87' lang='lat' dir='ltr'>seu</span> 
     </span>
     <span class='ocr_line' id='line_1_97' title="bbox 1209 2295 1953 2343; baseline -0.001 -12"><span class='ocrx_word' id='word_1_476' title='bbox 1209 2297 1603 2343; x_wconf 79' lang='lat' dir='ltr'>violentia&#39;praeponatur,</span> <span class='ocrx_word' id='word_1_477' title='bbox 1637 2295 1695 2330; x_wconf 91' lang='lat' dir='ltr'>nisi</span> <span class='ocrx_word' id='word_1_478' title='bbox 1721 2307 1815 2343; x_wconf 91' lang='lat' dir='ltr'>quem</span> <span class='ocrx_word' id='word_1_479' title='bbox 1843 2295 1953 2330; x_wconf 86' lang='lat' dir='ltr'>fratres</span> 
     </span>
     <span class='ocr_line' id='line_1_98' title="bbox 1209 2344 1954 2393; baseline -0.003 -12"><span class='ocrx_word' id='word_1_480' title='bbox 1209 2346 1370 2381; x_wconf 88' lang='lat' dir='ltr'>communi</span> <span class='ocrx_word' id='word_1_481' title='bbox 1393 2357 1560 2390; x_wconf 82' lang='lat' dir='ltr'>consensu,</span> <span class='ocrx_word' id='word_1_482' title='bbox 1583 2345 1630 2379; x_wconf 90' lang='lat' dir='ltr'>vel</span> <span class='ocrx_word' id='word_1_483' title='bbox 1643 2344 1773 2379; x_wconf 89' lang='lat' dir='ltr'>fratrum</span> <span class='ocrx_word' id='word_1_484' title='bbox 1789 2357 1861 2393; x_wconf 87' lang='lat' dir='ltr'>pars</span> <span class='ocrx_word' id='word_1_485' title='bbox 1875 2356 1954 2380; x_wconf 88' lang='lat' dir='ltr'>con-</span> 
     </span>
     <span class='ocr_line' id='line_1_99' title="bbox 1209 2393 1954 2439; baseline -0.003 -9"><span class='ocrx_word' id='word_1_486' title='bbox 1209 2396 1269 2431; x_wconf 91' lang='lat' dir='ltr'>silii</span> <span class='ocrx_word' id='word_1_487' title='bbox 1297 2395 1441 2439; x_wconf 84' lang='lat' dir='ltr'>sanioris,</span> <span class='ocrx_word' id='word_1_488' title='bbox 1462 2393 1639 2430; x_wconf 87' lang='lat' dir='ltr'>secundum</span> <span class='ocrx_word' id='word_1_489' title='bbox 1660 2394 1718 2429; x_wconf 91' lang='lat' dir='ltr'>Dei</span> <span class='ocrx_word' id='word_1_490' title='bbox 1753 2394 1896 2429; x_wconf 87' lang='lat' dir='ltr'>timorem</span> <span class='ocrx_word' id='word_1_491' title='bbox 1923 2401 1954 2429; x_wconf 87' lang='lat' dir='ltr'>et</span> 
     </span>
     <span class='ocr_line' id='line_1_100' title="bbox 1210 2442 1953 2492; baseline -0.003 -12"><span class='ocrx_word' id='word_1_492' title='bbox 1210 2445 1290 2481; x_wconf 91' lang='lat' dir='ltr'>beati</span> <span class='ocrx_word' id='word_1_493' title='bbox 1316 2445 1478 2480; x_wconf 90' lang='lat' dir='ltr'>Benedicti</span> <span class='ocrx_word' id='word_1_494' title='bbox 1499 2444 1638 2490; x_wconf 84' lang='lat' dir='ltr'>regulam</span> <span class='ocrx_word' id='word_1_495' title='bbox 1662 2443 1869 2492; x_wconf 87' lang='lat' dir='ltr'>praeviderint</span> <span class='ocrx_word' id='word_1_496' title='bbox 1894 2442 1953 2478; x_wconf 91' lang='lat' dir='ltr'>eli-</span> 
     </span>
     <span class='ocr_line' id='line_1_101' title="bbox 1209 2493 1955 2542; baseline -0.003 -12"><span class='ocrx_word' id='word_1_497' title='bbox 1209 2495 1359 2542; x_wconf 85' lang='lat' dir='ltr'>gendum.</span> <span class='ocrx_word' id='word_1_498' title='bbox 1387 2494 1551 2530; x_wconf 88' lang='lat' dir='ltr'>Praeterea</span> <span class='ocrx_word' id='word_1_499' title='bbox 1580 2493 1694 2539; x_wconf 80' lang='lat' dir='ltr'>villam,</span> <span class='ocrx_word' id='word_1_500' title='bbox 1716 2505 1796 2541; x_wconf 89' lang='lat' dir='ltr'>quae</span> <span class='ocrx_word' id='word_1_501' title='bbox 1825 2500 1955 2528; x_wconf 85' lang='lat' dir='ltr'>vocatur</span> 
     </span>
    </p>
   </div>
   <div class='ocr_carea' id='block_1_16' title="bbox 1178 1217 1186 1908">
    <p class='ocr_par' dir='ltr' id='par_1_17' title="bbox 1178 1217 1186 1908">
     <span class='ocr_line' id='line_1_102' title="bbox 1178 1217 1186 1908; baseline 0 0"><span class='ocrx_word' id='word_1_502' title='bbox 1178 1217 1186 1908; x_wconf 95' lang='lat' dir='ltr'> </span> 
     </span>
    </p>
   </div>
   <div class='ocr_carea' id='block_1_17' title="bbox 1187 2560 1951 2644">
    <p class='ocr_par' dir='ltr' id='par_1_18' title="bbox 1187 2560 1951 2644">
     <span class='ocr_line' id='line_1_103' title="bbox 1188 2560 1951 2604; baseline -0.001 -8"><span class='ocrx_word' id='word_1_503' title='bbox 1188 2560 1191 2592; x_wconf 86' lang='lat' dir='ltr'>l</span> <span class='ocrx_word' id='word_1_504' title='bbox 1244 2570 1283 2604; x_wconf 88' lang='lat' dir='ltr'>(t)</span> <span class='ocrx_word' id='word_1_505' title='bbox 1304 2570 1342 2596; x_wconf 89' lang='lat' dir='ltr'>Ex</span> <span class='ocrx_word' id='word_1_506' title='bbox 1363 2573 1426 2596; x_wconf 89' lang='lat' dir='ltr'>tom.</span> <span class='ocrx_word' id='word_1_507' title='bbox 1452 2577 1470 2602; x_wconf 83' lang='grc' dir='ltr'>ι,</span> <span class='ocrx_word' id='word_1_508' title='bbox 1496 2568 1544 2596; x_wconf 89' lang='lat' dir='ltr'>col.</span> <span class='ocrx_word' id='word_1_509' title='bbox 1572 2569 1643 2600; x_wconf 82' lang='grc'>819,</span> <span class='ocrx_word' id='word_1_510' title='bbox 1671 2567 1837 2595; x_wconf 86' lang='lat' dir='ltr'>Collectionis</span> <span class='ocrx_word' id='word_1_511' title='bbox 1861 2567 1951 2595; x_wconf 84' lang='lat' dir='ltr'>Veter.</span> 
     </span>
     <span class='ocr_line' id='line_1_104' title="bbox 1187 2606 1915 2644; baseline -0.003 -8"><span class='ocrx_word' id='word_1_512' title='bbox 1187 2606 1192 2636; x_wconf 90' lang='lat' dir='ltr'>l</span> <span class='ocrx_word' id='word_1_513' title='bbox 1209 2610 1306 2644; x_wconf 68' lang='lat' dir='ltr'>Script.</span> <span class='ocrx_word' id='word_1_514' title='bbox 1323 2613 1349 2636; x_wconf 89' lang='lat' dir='ltr'>et</span> <span class='ocrx_word' id='word_1_515' title='bbox 1366 2610 1538 2641; x_wconf 86' lang='lat' dir='ltr'>Monument.‚</span> <span class='ocrx_word' id='word_1_516' title='bbox 1560 2617 1607 2644; x_wconf 88' lang='lat' dir='ltr'>per</span> <span class='ocrx_word' id='word_1_517' title='bbox 1625 2609 1742 2635; x_wconf 86' lang='lat' dir='ltr'>Martene</span> <span class='ocrx_word' id='word_1_518' title='bbox 1756 2612 1784 2635; x_wconf 87' lang='lat' dir='ltr'>et</span> <span class='ocrx_word' id='word_1_519' title='bbox 1799 2607 1915 2635; x_wconf 86' lang='lat' dir='ltr'>Durand.</span> 
     </span>
    </p>
   </div>
   <div class='ocr_carea' id='block_1_18' title="bbox 1956 212 2136 241">
    <p class='ocr_par' dir='ltr' id='par_1_19' title="bbox 1956 212 2136 241">
     <span class='ocr_line' id='line_1_105' title="bbox 1956 212 2136 241; baseline 0.006 -1"><span class='ocrx_word' id='word_1_520' title='bbox 1956 212 2004 240; x_wconf 78' lang='lat' dir='ltr'>An.</span> <span class='ocrx_word' id='word_1_521' title='bbox 2023 213 2051 241; x_wconf 94' lang='lat' dir='ltr'>C.</span> <span class='ocrx_word' id='word_1_522' title='bbox 2069 214 2136 241; x_wconf 73' lang='lat'><strong>1¹52</strong></span> 
     </span>
    </p>
   </div>
   <div class='ocr_carea' id='block_1_19' title="bbox 2147 0 2180 1150">
    <p class='ocr_par' dir='ltr' id='par_1_20' title="bbox 2147 0 2180 1150">
     <span class='ocr_line' id='line_1_106' title="bbox 2147 0 2180 1150; baseline 0 0"><span class='ocrx_word' id='word_1_523' title='bbox 2147 0 2180 1150; x_wconf 95' lang='lat' dir='ltr'> </span> 
     </span>
    </p>
   </div>
   <div class='ocr_carea' id='block_1_20' title="bbox 2168 609 2178 1142">
    <p class='ocr_par' dir='ltr' id='par_1_21' title="bbox 2168 609 2178 1142">
     <span class='ocr_line' id='line_1_107' title="bbox 2168 609 2178 1142; baseline 0 0"><span class='ocrx_word' id='word_1_524' title='bbox 2168 609 2178 1142; x_wconf 95' lang='lat' dir='ltr'> </span> 
     </span>
    </p>
   </div>
   <div class='ocr_carea' id='block_1_21' title="bbox 1991 1158 2180 1210">
    <p class='ocr_par' dir='ltr' id='par_1_22' title="bbox 1991 1158 2180 1210">
     <span class='ocr_line' id='line_1_108' title="bbox 1991 1158 2180 1210; baseline -0.005 -19"><span class='ocrx_word' id='word_1_525' title='bbox 1991 1169 2108 1192; x_wconf 79' lang='lat' dir='ltr'>Exordium.</span> <span class='ocrx_word' id='word_1_526' title='bbox 2148 1182 2152 1188; x_wconf 83' lang='lat'><strong>·</strong></span> <span class='ocrx_word' id='word_1_527' title='bbox 2176 1158 2180 1210; x_wconf 57' lang='lat' dir='ltr'>l</span> 
     </span>
    </p>
   </div>
   <div class='ocr_carea' id='block_1_22' title="bbox 1960 1363 2146 1515">
    <p class='ocr_par' dir='ltr' id='par_1_23' title="bbox 1960 1363 2146 1515">
     <span class='ocr_line' id='line_1_109' title="bbox 1974 1363 2123 1386; baseline -0.007 0"><span class='ocrx_word' id='word_1_528' title='bbox 1974 1363 2123 1386; x_wconf 71' lang='lat' dir='ltr'>nonasterium</span> 
     </span>
     <span class='ocr_line' id='line_1_110' title="bbox 1961 1396 2141 1423; baseline -0.006 -6"><span class='ocrx_word' id='word_1_529' title='bbox 1961 1396 1998 1417; x_wconf 78' lang='lat' dir='ltr'>sub</span> <span class='ocrx_word' id='word_1_530' title='bbox 2007 1396 2141 1423; x_wconf 74' lang='lat' dir='ltr'>protectione</span> 
     </span>
     <span class='ocr_line' id='line_1_111' title="bbox 1960 1426 2146 1454; baseline -0.005 -6"><span class='ocrx_word' id='word_1_531' title='bbox 1960 1426 2020 1448; x_wconf 81' lang='lat' dir='ltr'>Sedis</span> <span class='ocrx_word' id='word_1_532' title='bbox 2034 1427 2146 1454; x_wconf 76' lang='lat' dir='ltr'>Apostoli-</span> 
     </span>
     <span class='ocr_line' id='line_1_112' title="bbox 1961 1457 2144 1485; baseline -0.005 -6"><span class='ocrx_word' id='word_1_533' title='bbox 1961 1463 1998 1479; x_wconf 75' lang='lat' dir='ltr'>cae</span> <span class='ocrx_word' id='word_1_534' title='bbox 2007 1458 2083 1485; x_wconf 77' lang='lat' dir='ltr'>recipit</span> <span class='ocrx_word' id='word_1_535' title='bbox 2090 1457 2144 1478; x_wconf 78' lang='lat' dir='ltr'>Pon-</span> 
     </span>
     <span class='ocr_line' id='line_1_113' title="bbox 1961 1488 2024 1515; baseline -0.016 -5"><span class='ocrx_word' id='word_1_536' title='bbox 1961 1488 2024 1515; x_wconf 62' lang='lat' dir='ltr'>titan</span> 
     </span>
    </p>
   </div>
   <div class='ocr_carea' id='block_1_23' title="bbox 1963 1759 2145 1843">
    <p class='ocr_par' dir='ltr' id='par_1_24' title="bbox 1963 1759 2145 1843">
     <span class='ocr_line' id='line_1_114' title="bbox 1984 1759 2124 1781; baseline -0.007 0"><span class='ocrx_word' id='word_1_537' title='bbox 1984 1759 2054 1781; x_wconf 79' lang='lat' dir='ltr'>Eidem</span> <span class='ocrx_word' id='word_1_538' title='bbox 2068 1761 2124 1780; x_wconf 71' lang='lat' dir='ltr'>bona</span> 
     </span>
     <span class='ocr_line' id='line_1_115' title="bbox 1963 1791 2145 1812; baseline 0.005 -1"><span class='ocrx_word' id='word_1_539' title='bbox 1963 1791 2033 1812; x_wconf 76' lang='lat' dir='ltr'>omnia</span> <span class='ocrx_word' id='word_1_540' title='bbox 2065 1791 2145 1812; x_wconf 74' lang='lat' dir='ltr'>ennar-</span> 
     </span>
     <span class='ocr_line' id='line_1_116' title="bbox 1963 1824 2012 1843; baseline -0.02 0"><span class='ocrx_word' id='word_1_541' title='bbox 1963 1824 2012 1843; x_wconf 74' lang='lat' dir='ltr'>mat.</span> 
     </span>
    </p>
   </div>
   <div class='ocr_carea' id='block_1_24' title="bbox 1965 2166 2149 2285">
    <p class='ocr_par' dir='ltr' id='par_1_25' title="bbox 1965 2166 2149 2285">
     <span class='ocr_line' id='line_1_117' title="bbox 1973 2166 2149 2188; baseline -0.006 -1"><span class='ocrx_word' id='word_1_542' title='bbox 1973 2166 2074 2188; x_wconf 72' lang='lat' dir='ltr'>Abbatom</span> <span class='ocrx_word' id='word_1_543' title='bbox 2085 2172 2097 2187; x_wconf 74' lang='lat' dir='ltr'>a</span> <span class='ocrx_word' id='word_1_544' title='bbox 2105 2172 2149 2187; x_wconf 80' lang='lat' dir='ltr'>rno-</span> 
     </span>
     <span class='ocr_line' id='line_1_118' title="bbox 1965 2197 2149 2219; baseline -0.005 -1"><span class='ocrx_word' id='word_1_545' title='bbox 1965 2197 2026 2218; x_wconf 81' lang='lat' dir='ltr'>nach.</span> <span class='ocrx_word' id='word_1_546' title='bbox 2033 2197 2110 2219; x_wconf 77' lang='lat' dir='ltr'>nultius</span> <span class='ocrx_word' id='word_1_547' title='bbox 2117 2197 2149 2217; x_wconf 85' lang='lat' dir='ltr'>in·</span> 
     </span>
     <span class='ocr_line' id='line_1_119' title="bbox 1965 2231 2148 2255; baseline -0.011 -6"><span class='ocrx_word' id='word_1_548' title='bbox 1965 2231 2063 2249; x_wconf 78' lang='lat' dir='ltr'>tei-ventu</span> <span class='ocrx_word' id='word_1_549' title='bbox 2075 2233 2148 2255; x_wconf 75' lang='lat' dir='ltr'>perso-</span> 
     </span>
     <span class='ocr_line' id='line_1_120' title="bbox 1965 2258 2147 2285; baseline -0.011 -5"><span class='ocrx_word' id='word_1_550' title='bbox 1965 2264 2005 2280; x_wconf 80' lang='lat' dir='ltr'>nae</span> <span class='ocrx_word' id='word_1_551' title='bbox 2012 2258 2061 2285; x_wconf 78' lang='lat' dir='ltr'>eligi</span> <span class='ocrx_word' id='word_1_552' title='bbox 2068 2259 2147 2279; x_wconf 63' lang='lat' dir='ltr'>notuit.</span> 
     </span>
    </p>
   </div>
  </div>
 </body>
</html>
