2180 3205
53 264 102 291 An.
123 262 151 290 C.
170 262 236 290 1120

79 477 137 502 Quod
159 476 236 498 nemini

52 504 115 526 licut
124 503 179 524 idom
193 508 235 524 mo-

52 530 165 552 nasterium
185 530 235 550 ulta-

60 558 121 578 tenus
147 558 228 582 pertur-

0 584 1 589 ’
52 583 109 605 baro.

77 911 135 935 Quod
144 910 212 932 abbas
221 916 234 931 a

51 937 100 959 soti·
126 937 234 958 monachis

51 963 151 990 ungatur.
166 970 178 984 a
194 963 234 984 Ro-

51 995 112 1011 mano
133 990 234 1011 Pontinos

51 1017 211 1038 consecrandus.

69 1296 128 1320 Quod
136 1296 232 1317 tamenin

51 1323 135 1349 reliquis
149 1323 176 1344 ab
189 1323 232 1349 epi-

50 1354 113 1375 scopo
126 1349 232 1370 ordinario

49 1375 173 1402 dependeat.
197 1390 203 1394 ,

76 1783 157 1804 Soti-ae
175 1785 231 1805 elau-

50 1809 114 1830 sulae.

885 254 1040 277 ΓΑΙΙΧῘΙἘ
1068 254 1090 277 ΙΙ
1120 254 1167 276 ΡΡ,

265 307 355 343 sione
369 307 581 348 Pontificum,
608 308 790 344 liberalitate
814 308 1010 356 principum,

264 369 319 391 seu
346 356 503 391 oblitione
532 357 669 392 fidelium
694 359 772 393 iuste
798 358 1010 412 canoniceque

265 406 378 452 poterit
408 406 557 451 adipisci,
585 406 672 441 firma
698 407 751 440 tihi
784 408 908 453 tuisque
935 419 1010 441 suc-

262 454 456 495 cessoribus,
479 463 506 489 ct
523 455 637 489 illibata
661 464 871 502 permancant.
894 455 1011 496 Quam-

262 502 370 537 obrem
395 503 609 547 decrevimus,
642 512 673 537 ut
701 504 776 538 nulli
799 504 928 538 omnino
951 504 1009 537 ho-

261 552 382 586 minum
418 552 508 587 liccat
545 552 627 586 idem
662 553 850 586 coenobium
891 560 1007 587 temere

262 600 455 647 perturbare,
483 609 535 635 aut
557 601 599 634 illi
629 601 843 647 possessiones
868 601 1007 644 auferre,

260 661 314 684 seu
350 649 524 684 oblationes
560 650 740 695 requirere,
768 650 933 693 minuere,
960 650 1006 684 vel

260 698 434 732 temerariis
461 698 677 732 vexationibus
704 697 842 743 fatigare.
865 696 1007 733 Verum—

260 754 362 780 tamen
390 746 494 781 omnia
527 747 646 792 integra
673 754 909 791 conserventur,
946 759 1007 781 eo-

260 807 341 835 rum,
369 807 426 842 pro
452 807 586 842 quorum
609 795 859 830 substentatione
886 805 916 830 et
945 809 1004 842 gu-

259 843 443 879 beinatione
475 856 623 879 concessa
659 852 743 885 sunt,
772 845 882 879 usibus
903 845 1007 880 omni-

259 892 354 927 modo
380 893 551 939 profutura.
586 893 733 927 Obtunte
760 901 863 928 autem
887 901 916 928 te
938 894 1006 928 eius

258 940 317 976 loci
345 941 469 982 abbate,
498 942 543 977 vel
566 948 692 976 tuorum
717 942 855 988 quolibet
878 954 1006 977 succes-

259 1001 386 1045 sorum,
422 991 526 1025 nullus
557 990 598 1025 ibi
625 990 763 1037 qualibet
790 991 1005 1046 subreptione,

257 1039 387 1079 astutia,
420 1039 466 1074 vel
500 1039 643 1074 violentia
679 1048 910 1086 praeponatur,
946 1041 1004 1074 nisi

258 1100 351 1135 quem
375 1087 484 1123 fratres
510 1088 670 1123 communi
689 1100 859 1132 consensu,
881 1088 928 1123 vel
942 1089 1004 1123 sia-

258 1144 339 1171 trum
359 1149 428 1191 pars
442 1137 562 1172 consilii
580 1137 728 1178 sanioris,
747 1137 920 1172 secundum
940 1138 1006 1172 Do-

259 1185 336 1219 mini
351 1186 509 1226 timorem,
525 1195 617 1232 atque
631 1186 666 1220 B.
683 1186 847 1220 Benedicti
865 1187 1003 1231 regulam

260 1234 423 1280 elegerint,
438 1247 454 1269 a
471 1235 615 1269 Romano
629 1234 782 1269 Pontilice
798 1235 933 1269 maximo
957 1236 1006 1269 in-

262 1282 454 1329 iungendum
469 1287 512 1326 (1)
532 1291 562 1317 et
577 1283 1004 1324 consecrandum.Chrisma,

260 1330 374 1366 Oleum
391 1340 547 1372 sanctum,
573 1332 828 1367 consecrationes
861 1333 1003 1366 altarium

257 1380 322 1414 sive
347 1380 558 1421 basilicarum,
584 1380 798 1415 ordinationes
832 1381 1005 1415 monacho-

258 1441 340 1473 rum,
363 1430 415 1476 qui
438 1429 476 1464 ad
499 1441 606 1464 sacros
631 1429 758 1464 ordines
782 1430 1003 1476 promovendi,

255 1477 294 1512 ab
308 1478 480 1533 episcopis,
504 1479 534 1512 in
554 1490 687 1525 quorum
703 1478 902 1513 dioecesibus
918 1480 1004 1523 estis,

255 1527 424 1573 accipietis,
447 1528 472 1562 si
495 1527 621 1574 quidem
650 1528 780 1572 gratiam
809 1536 839 1562 et
860 1540 1005 1562 commu-

257 1575 383 1610 nionem
406 1575 609 1631 Apostolicae
625 1576 719 1611 Sedis
733 1577 910 1620 habuerint,
932 1585 962 1611 et
979 1577 1003 1611 si

255 1625 352 1670 gratis
373 1637 421 1668 ea,
448 1637 484 1659 ac
505 1625 573 1659 sine
596 1626 744 1671 pravitate
776 1626 1002 1672 impenderint:

256 1686 281 1707 st
304 1674 375 1720 quis
398 1686 469 1708 vero
497 1674 545 1708 his
573 1674 739 1714 obstiterit,
774 1675 865 1708 liceat
899 1674 1002 1712 vobis

255 1734 271 1756 a
286 1734 488 1769 quocumque
501 1723 674 1766 volueritis,
689 1723 841 1757 catholico
856 1735 872 1758 e
899 1723 1004 1768 iscopo

257 1771 415 1825 praedicta
441 1780 634 1806 sacramenta
671 1773 840 1818 percipere.
875 1736 908 1806 bi
944 1784 1003 1818 qua

256 1819 349 1865 igitur
369 1819 581 1855 ecclesiastica
609 1820 818 1855 saecularisve
851 1833 1003 1867 persona,

257 1868 337 1902 hanc
347 1877 472 1904 nostrae
487 1869 720 1903 constitutionis
734 1869 877 1916 paginam
889 1870 1004 1914 sciens,

258 1925 375 1951 temere
402 1926 509 1952 contra
531 1929 598 1952 eam
629 1918 732 1952 venire
755 1918 929 1958 tentaverit,
951 1930 1003 1952 se-

257 1965 361 2000 cundo
384 1966 513 2001 tertiove
532 1967 734 2007 commonita,
759 1967 783 2000 si
808 1979 868 2001 non
888 1967 1005 2001 satisfa-

256 2015 361 2049 ctione
396 2026 533 2060 congrua
575 2015 805 2059 emendaverit,
843 2017 1004 2062 potestatis

256 2062 448 2110 honorisque
473 2064 520 2098 sui
549 2063 697 2109 (lignitate
725 2064 875 2118 privetur,
903 2077 1004 2098 ream-

257 2123 319 2158 que
342 2124 375 2146 se
401 2112 508 2146 divino
541 2112 658 2146 iudicio
683 2114 816 2147 existere
837 2121 1005 2158 cognoscat

256 2160 296 2194 de
320 2169 496 2207 perpetrata
512 2161 686 2207 iniquitate,
709 2169 738 2195 et
760 2174 774 2195 a
794 2162 1005 2195 sacratissimo

256 2208 418 2255 Sanguine
440 2217 470 2243 et
485 2209 625 2255 Corpore
640 2210 863 2255 omnipotentis
878 2210 1003 2244 Domini

257 2257 355 2291 nostri
385 2257 454 2291 Iesu
486 2258 602 2292 Christi
625 2258 723 2292 aliena
748 2258 810 2296 siat
833 2270 868 2292 ac
893 2270 1006 2303 segre-

255 2313 362 2351 getur3
384 2314 477 2351 atque
501 2306 530 2339 in
558 2314 699 2340 extremo
727 2306 869 2340 examine
900 2306 1006 2340 distri-

256 2361 323 2388 ctae
346 2353 645 2388 ultionisubiaceat:
670 2355 792 2388 cunctis
815 2362 919 2388 autem
935 2367 1008 2388 con-

258 2410 303 2436 tra
331 2402 412 2437 iuste
434 2402 632 2436 servantibus
653 2402 692 2436 sit
715 2415 772 2449 pax
795 2410 824 2437 et
854 2403 1006 2449 tranquil-

255 2451 327 2485 litas
364 2450 494 2485 Domini
531 2451 757 2497 omnipotentis
796 2452 893 2485 nostri
937 2452 1006 2485 lesu

258 2498 388 2539 Christi,
415 2507 573 2545 quatenus
604 2506 633 2534 et
667 2499 716 2534 hic
740 2500 873 2534 fructum
906 2500 1007 2534 bonae

257 2547 390 2581 actionis
429 2548 617 2594 percipiant,
655 2556 684 2582 et
719 2548 802 2595 apud
830 2548 1006 2582 districtum

292 2607 331 2642 (1)
347 2608 466 2634 Forsitan
487 2611 676 2641 inunycmlum.
698 2608 736 2643 (n.
754 2609 792 2644 T.)

1681 248 1749 279 509

1052 308 1189 342 iudicem
1205 309 1340 355 praemia
1363 317 1507 345 aeternae
1524 311 1608 357 pacis
1627 310 1796 347 inveniant.

1052 358 1165 400 Amen,
1187 370 1288 391 nmen.

1101 406 1170 440 Euo
1192 406 1358 441 (IALix‘rus
1379 408 1550 443 catholicae
1572 409 1666 445 Sedis
1687 418 1717 445 et
1739 411 1800 446 Ec-

1050 454 1163 489 clesiae
1190 456 1371 502 opiscopus.

1173 525 1418 547 FtttMAMENTUM
1446 526 1503 548 EST
1533 528 1676 552 pommus

1271 574 1465 596 unamines
1496 576 1574 598 nun.

1097 622 1210 656 Datum
1244 623 1414 657 Beneventi
1452 637 1505 669 per
1533 638 1645 661 manus
1671 627 1798 666 Siconis

1048 679 1172 705 sanctae
1201 671 1361 706 Romanae
1388 673 1548 707 Ecclesiae
1576 675 1697 710 diaconi
1728 690 1798 712 car-

1048 720 1162 754 dinalis
1188 732 1223 754 ac
1251 720 1491 765 bibliothecarii,
1515 735 1550 756 ui
1580 723 1638 758 kal.
1667 725 1797 761 decem-

1049 768 1123 811 bris,
1151 769 1322 803 indictione
1357 782 1422 811 xrv,
1457 772 1655 816 pontificatus
1693 783 1797 811 autem

1047 817 1154 851 domni
1190 817 1302 852 Calixti
1335 818 1361 852 It
1391 819 1493 865 Papae
1525 832 1607 854 anno
1640 824 1796 859 secundo:

1046 866 1085 900 ab
1114 867 1327 902 incarnatione
1353 876 1457 901 autem
1481 869 1707 916 omnipotentis
1728 873 1800 907 Sal-

1047 915 1161 949 vatoiis
1183 916 1280 950 nostri
1302 916 1371 950 lesu
1388 916 1505 951 Christi
1527 930 1610 953 anuo
1630 919 1797 957 millesimo

1047 965 1219 999 centesimo
1247 965 1411 1010 vigesimo.

1074 1020 1134 1049 Dat.
1152 1021 1198 1050 die
1216 1021 1254 1050 029
1270 1021 1438 1051 novembris
1455 1031 1531 1051 anno
1549 1023 1664 1054 Domini
1685 1025 1770 1064 1120,

1296 1061 1399 1099 pontif
1424 1071 1500 1090 anno
1519 1071 1548 1091 11.

1390 1173 1447 1207 XI.

1047 1238 1209 1271 Revocalio
1236 1246 1262 1271 et
1296 1240 1432 1273 irritatio
1462 1241 1620 1284 priut‘leqii
1653 1243 1800 1286 archiepi-

1094 1288 1190 1330 scopis
1217 1288 1341 1321 Pisanis
1363 1290 1402 1321 ab
1429 1290 1553 1323 Urbano
1578 1291 1643 1323 ΡΡ,
1669 1292 1713 1328 ΙΙ,
1736 1292 1797 1324 Ge·

1094 1336 1170 1368 Iasio
1200 1337 1234 1368 ΙΙ
1267 1345 1293 1369 ct
1321 1338 1399 1370 alias
1431 1340 1470 1371 ab
1497 1340 1598 1371 eodem
1627 1341 1740 1373 Calisto
1764 1341 1803 1373 ll

1094 1386 1223 1417 concessi
1258 1387 1292 1418 cle
1332 1389 1554 1420 consecratione
1588 1390 1799 1433 episcoporum

1094 1433 1212 1467 insulae
1237 1435 1378 1468 Corsicae
1396 1438 1450 1479 (l).

1315 1498 1527 1530 SUMMARIUM

1045 1552 1234 1583 Prooemium.
1253 1555 1396 1590 —Quare
1409 1555 1544 1586 Urbanus
1564 1556 1587 1585 ll
1605 1558 1671 1587 dato
1687 1558 1795 1588 Pisano

1084 1598 1307 1638 archiepiscopo
1321 1602 1417 1638 pallio,
1431 1602 1525 1630 eidem
1541 1604 1795 1632 consecrationem

1085 1641 1290 1679 episcoporum
1310 1643 1444 1674 Corsicae
1463 1645 1799 1676 concesserit.—Orta-

1085 1695 1141 1723 que
1165 1686 1231 1716 inde
1261 1689 1448 1719 dissensione
1482 1691 1557 1719 inter
1595 1690 1734 1719 Pisanum
1771 1696 1799 1720 et

1086 1729 1206 1760 lanucn.
1216 1733 1614 1771 archiep.,consecrationem
1628 1735 1797 1764 huiusmodi

1085 1774 1119 1802 ad
1134 1774 1280 1805 Romanos
1294 1776 1450 1806 Pontifices
1463 1777 1707 1806 revocaverit2—
1718 1777 1796 1807 Idem

1085 1822 1180 1847 actum
1201 1828 1214 1847 a
1240 1819 1374 1849 l‘aschali
1394 1820 1426 1849 ΙΙ.
1450 1837 1485 1842 -
1504 1820 1640 1850 Gelasius
1674 1821 1726 1850 ΡΡ,
1770 1826 1798 1851 et

1084 1861 1220 1891 Callistus
1244 1863 1358 1892 Pisanis
1380 1869 1519 1893 renovant
1542 1864 1737 1903 privilegium.
1760 1883 1796 1886 —

1084 1905 1163 1941 Quae
1181 1907 1254 1935 mala
1272 1907 1340 1936 inde
1363 1908 1501 1946 prosecta.
1520 1924 1559 1929 —
1581 1908 1682 1936 Actum
1709 1909 1797 1945 igitur

1085 1949 1114 1977 in
1127 1950 1252 1979 concilio
1266 1950 1395 1979 Romano
1406 1951 1441 1980 de
1454 1951 1695 1980 revocationez—
1705 1951 1796 1986 Quam

1085 1995 1258 2024 sententiam
1282 1996 1436 2024 confirmat
1462 1995 1609 2031 Callistus,
1632 1996 1796 2031 declarans,

1085 2042 1115 2066 ut
1137 2039 1266 2077 episcopi
1286 2038 1436 2068 Corsicani
1457 2039 1512 2068 soli
1528 2039 1713 2077 Apostolicae
1727 2039 1794 2068 Sedi

1085 2081 1143 2110 sint
1162 2082 1298 2111 subiecti.
1328 2099 1367 2104 —
1385 2081 1542 2110 Roboratio
1572 2082 1680 2111 decreti
1706 2082 1794 2111 huius

1086 2133 1137 2162 per
1166 2125 1266 2154 solitas
1289 2125 1450 2154 clausulas.
1479 2142 1517 2146 —
1542 2124 1652 2154 Callisti
1682 2125 1735 2154 ΡΡ,
1767 2129 1796 2154 et

1087 2168 1114 2197 S.
1135 2168 1166 2197 R.
1184 2168 1214 2197 E.
1233 2169 1427 2198 cardinalium
1450 2168 1696 2207 subscriptiones.

1045 2233 1168 2262 calixtus
1185 2234 1324 2269 episcopus
1345 2241 1438 2262 sei-vus
1459 2241 1596 2262 servorum
1615 2234 1670 2267 Dei,
1689 2234 1798 2263 dilectis

1089 2277 1223 2306 fratribus
1240 2280 1267 2306 et
1286 2279 1449 2313 coepiscopis
1462 2286 1510 2313 per
1528 2279 1645 2306 insulam
1673 2278 1797 2307 corsicae

1091 2322 1258 2354 constitutis,
1282 2329 1424 2357 eorumque
1444 2323 1653 2356 successoribus,
1678 2322 1706 2350 in
1733 2329 1794 2358 per-

1090 2367 1210 2401 petuam.

1096 2428 1161 2461 Nec
1183 2427 1330 2467 facilitati,
1355 2439 1412 2461 nec
1440 2427 1609 2463 iniustitiae
1631 2428 1795 2474 deputan—

1049 2476 1122 2510 dum
1137 2484 1200 2514 est,
1216 2477 1239 2509 si
1254 2476 1445 2522 quandoque
1461 2489 1516 2522 pro
1540 2489 1642 2511 rerum
1658 2477 1797 2511 necessi-

1083 2538 1124 2571 (i)
1141 2538 1177 2563 Ex
1197 2537 1297 2564 archiv.
1317 2538 1423 2563 lanuen.
1443 2537 1541 2564 Eccles.
1563 2537 1714 2571 transcript.
1736 2536 1795 2562 edi-

1048 2573 1084 2597 dit
1103 2573 1201 2605 Ugliell.
1220 2573 1277 2599 Ital.
1299 2572 1356 2598 Sae,
1376 2576 1439 2599 tom.
1461 2580 1498 2604 iv,
1517 2571 1561 2598 ubi
1572 2571 1604 2598 de
1616 2572 1723 2598 lanuen.
1739 2571 1796 2605 epi-

1048 2615 1144 2641 scopis.

1826 266 1875 292 An.
1895 265 1923 292 C.
1944 265 2009 292 1¹20

1853 428 1932 448 Callisti
1957 427 1996 451 ΙΨ,

1826 454 1954 480 subscriptio

1851 2447 1989 2468 Prooemium.
