2180 3205
468 257 533 293 894

528 331 567 363 ad
587 330 796 364 Cluniacense
817 331 1052 365 monasterium
1085 331 1184 375 perti-

528 383 685 422 nentium,
710 382 783 416 ⁹248.

439 437 537 470 XXXI.
573 435 782 471 Confirmatio
811 438 1020 472 ecclesiarum
1046 444 1077 472 et
1113 449 1185 483 pos-

527 490 707 524 sessionum
734 492 921 525 monasterii
955 492 1185 526 Athanacensis

528 544 733 586 Lugdunens.
759 545 930 585 dioecesis,
961 545 1037 579 249.

439 596 550 631 XXXII.
579 598 742 632 Monachis
766 598 1029 633 Cluniacensibus
1060 599 1186 633 adiudi-

529 658 620 685 catur
638 653 718 686 cella
749 653 856 687 Sancti
881 654 1021 698 Dionysii
1045 655 1084 688 de
1101 654 1186 688 Non-

529 711 626 747 gento
640 707 792 740 adversus
812 707 1021 741 Guillelmum
1035 708 1184 742 abbatem

528 759 635 794 Sancti
656 760 741 793 Petri
762 761 977 800 Carnutensis,
1001 760 1075 794 250.

439 811 565 847 XXXIII.
596 813 804 848 Confirmatio
842 815 948 848 bullae
977 815 1099 849 Nicolai
1125 816 1182 849 ΡΡ.

527 867 659 901 secundi
675 878 738 912 qua
766 868 1005 902 Corbiniacensi
1028 869 1186 902 coenobio

529 920 691 964 exemptio
711 931 729 953 a
749 921 949 955 subiectione
969 921 1187 955 Flaviniacen-

529 973 572 1007 sis
592 974 791 1014 conceditur,
813 974 887 1007 ⁹251.

440 1026 565 1062 XXXIV.
590 1027 728 1061 Abbatia
748 1028 950 1068 Menatensis‚
974 1035 1004 1061 et
1025 1034 1188 1062 monaste-

531 1081 614 1115 rium
636 1082 742 1116 Sancti
770 1082 906 1116 Wlmeri
927 1082 1098 1116 abbatibus
1118 1083 1188 1117 Clu-

532 1135 738 1169 niacensibus
768 1134 984 1170 subjiciuntur
1018 1136 1049 1169 in
1072 1147 1188 1181 perpe-

533 1195 635 1230 tuum,
659 1189 734 1223 252.

443 1242 553 1277 XXXV.
582 1244 753 1278 Decretum
775 1243 932 1278 libertatis
953 1249 984 1277 et
1004 1243 1186 1288 exemptio-

533 1297 583 1331 nis
603 1308 662 1341 pro
684 1297 881 1332 monasterio
902 1297 934 1331 S.
965 1297 1128 1331 Benedicti
1150 1297 1190 1331 ad

532 1350 668 1391 Padum,
693 1350 767 1384 ²252.

443 1403 568 1439 XXXVI.
597 1404 815 1439 Narbonensis
835 1405 996 1439 Ecclesiae
1016 1405 1191 1450 possessio-

534 1469 592 1493 nes
612 1465 643 1493 et
664 1460 734 1493 iura
755 1459 1002 1501 confirmantur,
1023 1459 1097 1494 ⁵253.

445 1511 584 1547 XXXVII.
608 1513 816 1547 Confirmatio
842 1513 1003 1547 bonorum
1032 1519 1192 1548 monaste-

534 1557 573 1591 rii
594 1557 624 1592 S.
650 1558 767 1591 Mariae
800 1558 978 1592 Florentin.
1012 1558 1188 1609 dioeces-ist,

535 1602 622 1646 quod
642 1602 837 1636 Florentinis
857 1602 1018 1647 episcopis
1042 1603 1073 1636 in
1099 1606 1210 1647 spiri-¹

534 1647 675 1681 tualibus
695 1647 874 1688 subiicitur,
898 1646 972 1680 ί254.

446 1699 598 1734 XXXVIII.
628 1700 833 1734 Canonizatio
863 1700 893 1733 S.
928 1700 1011 1733 Petri
1050 1700 1191 1744 episcopi

536 1744 867 1787 civitatisAnagninae
880 1744 911 1778 in
926 1745 1091 1789 provincia
1103 1745 1194 1779 Cam-

534 1789 661 1833 paniae,
683 1790 817 1833 eiusque
827 1789 1002 1834 adscriptio
1029 1789 1059 1822 in
1082 1800 1194 1823 nume-

536 1845 607 1868 rum
629 1834 675 1868 Ss.
700 1834 838 1868 Confess.

447 1891 572 1926 XXXIX.
597 1891 692 1926 Aliud
710 1891 925 1936 privilegium,
942 1901 1006 1935 quo
1027 1891 1088 1925 alia
1109 1891 1194 1925 bona
1211 1876 1223 1930 tv

536 1936 735 2013 Clunigcgnsi
771 1936 967 1970 monasterio
999 1935 1195 1970 confirman-

537 1987 599 2022 tur,
625 1991 665 2014 ..ο
692 2008 697 2014 .

448 2034 504 2069 XL.
534 2034 713 2079 Descriptio
740 2034 880 2067 limitum
908 2034 937 2067 S.
968 2022 1213 2068 Soranae'Ec-÷

540 2080 678 2120 clesiae,
712 2079 803 2113 cuius
833 2079 919 2112 bona
944 2079 1054 2112 omnia
1074 2079 1213 2112 confir-³

538 2130 678 2164 tuantur,
703 2123 777 2157 257.

449 2179 521 2213 XLI.
549 2178 756 2213 Confirmatio
779 2178 962 2211 donationis
988 2177 1028 2210 ab
1049 2177 1197 2211 Adalasia

539 2222 668 2257 Siciliae
700 2222 864 2256 comitissa
898 2223 999 2255 sactae
1037 2221 1215 2255 Ecclesiae·

539 2267 762 2312 Squillacensi.
787 2273 818 2300 et
831 2266 1075 2310 privilegiorum
1091 2266 1196 2299 eidem

540 2312 578 2346 ab
599 2311 730 2346 Urbano
752 2312 846 2346 ΙΙΡΡ.
864 2321 1104 2351 concessorum,
1120 2309 1194 2344 0258.

451 2366 535 2400 XLII.
578 2365 806 2399 Monasterium
837 2365 944 2398 Sancti
983 2363 1129 2397 Maxentii
1166 2363 1198 2397 in

541 2411 673 2444 tutelam
706 2416 835 2444 sanctae
871 2409 961 2443 Sedis
997 2408 1217 2452 Apostolicaei

543 2455 706 2498 recipitur,
731 2454 805 2488 959.

453 2507 553 2541 XLIII.
577 2508 805 2541 Monasterium
833 2508 862 2541 S.
892 2506 1055 2540 Benedicti
1081 2507 1218 2550 (lupen.

543 2562 652 2585 sanen.
687 2553 746 2585 sub
769 2552 867 2585 tutela
887 2551 978 2585 Sedis
996 2551 1200 2594 ,apostoticae

543 2596 708 2640 recipitur,
733 2596 826 2640 eique
844 2597 929 2629 bona
949 2595 1058 2628 omnia
1083 2595 1202 2628 contir-

545 2646 685 2674 mantur.
710 2640 783 2673 ς261.

457 2692 553 2729 XLIV.
588 2692 794 2737 privilegium
824 2692 985 2727 Paschalis
1021 2692 1079 2726 ΡΡ.
1115 2692 1201 2736 quod

1030 265 1214 295 BULLARIUM
1238 269 1393 295 ROMANUM

1200 338 1203 361 t
1308 332 1383 366 facit
1394 332 1583 376 imperatori
1603 331 1744 366 Henrico
1754 331 1965 365 deinvestitu-

1200 376 1202 382 ⁴
1309 386 1351 419 ris
1366 385 1609 430 episcopatuum
1621 385 1872 424 etabbatiarum,
1887 382 1960 417 262.

1202 430 1203 477 i
1220 439 1303 473 XLV.
1328 439 1514 483 Sequuntur
1527 439 1607 472 aliae
1625 438 1750 472 litterae
1762 438 1802 472 ad
1814 437 1964 471 eumdem

1310 492 1483 526 Henricum
1499 498 1611 526 contra
1631 492 1836 525 investituras
1856 491 1966 524 huius-

1202 542 1203 596 ]
1312 545 1419 586 modi,
1452 552 1483 579 et
1511 544 1688 579 saecularia
1706 544 1884 578 ministeria
1914 555 1965 578 ec-

1310 599 1496 633 clesiasticis
1516 598 1661 643 personis
1675 598 1739 631 non
1755 597 1962 635 conserenda.

1203 653 1204 694 ζ
1310 651 1384 685 ἱὶ63.

1203 703 1318 740 'xtvt
1344 706 1551 749 privilegium
1574 704 1831 739 confirmationis
1865 705 1967 738 bono-

1203 753 1205 765 *
1312 771 1382 793 rum
1391 759 1549 800 omnium,
1559 759 1802 804 privilegiorum
1812 758 1892 792 etim
1899 768 1968 791 mu-

1311 814 1419 847 nitatis
1436 813 1630 848 Cassinensis
1652 812 1850 852 monasterii,
1873 811 1948 845 264.

1204 860 1205 905 J
1221 868 1332 902 XLVII.
1357 867 1522 902 Sententia
1540 877 1638 911 super
1651 865 1868 900 controversia
1886 865 1969 899 inter

1312 922 1443 955 abbates
1474 921 1694 955 Cassinensem
1723 926 1753 954 et
1779 919 1968 954 monasterii

1311 976 1428 1009 Terrae
1453 974 1591 1013 Maioris,
1615 985 1712 1018 super
1732 973 1867 1007 ecclesia
1891 973 1969 1007 San-

1313 1035 1381 1062 ctae
1402 1027 1518 1062 Mariae
1548 1028 1587 1061 de
1606 1027 1706 1061 Casali
1733 1028 1854 1066 Plano.
1887 1036 1969 1070 quae

1205 1078 1206 1122 i
1312 1082 1473 1117 Cassinen.
1499 1081 1714 1121 adiudicatur,
1739 1079 1813 1114 267.

1205 1142 1207 1173 t
1225 1137 1349 1171 XLVIII.
1394 1136 1604 1170 Confirmatio
1634 1134 1812 1169 sententiae
1838 1134 1922 1168 latae
1952 1145 1969 1167 a

1206 1189 1207 1233 j
1315 1190 1485 1230 iudicibus,
1507 1200 1525 1223 a
1538 1189 1620 1224 Sede
1640 1188 1824 1233 Apostolica
1843 1187 1970 1230 delega-

1206 1238 1207 1293 ᾗ
1314 1244 1364 1283 tis,
1393 1243 1425 1276 in
1440 1253 1535 1276 causa
1555 1243 1639 1276 inter
1660 1241 1857 1276 monasteria
1867 1241 1967 1275 Ania-

1206 1301 1208 1345 ζ
1314 1298 1425 1331 niense
1445 1303 1477 1330 et.
1496 1297 1591 1331 Casae
1604 1295 1671 1336 Dei,
1685 1306 1783 1340 super
1799 1294 1881 1328 cella
1892 1294 1971 1328 Gor-

1206 1350 1209 1388 ἵ
1315 1351 1453 1391 dianica,
1477 1349 1552 1383 969.

1208 1405 1323 1448 {XLIX
1347 1403 1556 1439 Enumeratio
1581 1409 1611 1437 et
1636 1401 1843 1436 confirmatio
1867 1401 1970 1436 bono-

1208 1454 1209 1506 }
1315 1469 1387 1492 rum
1409 1457 1598 1492 monasterii
1616 1455 1723 1491 Sancti
1737 1455 1872 1489 Victoris
1892 1455 1971 1489 Mas-

1208 1509 1210 1559 ¹1
1315 1513 1419 1546 sitien.
1444 1510 1611 1551 dioecesis,
1635 1508 1709 1543 270.

1209 1561 1210 1604 i
1227 1569 1259 1602 L.
1288 1566 1497 1601 Confirmatio
1517 1564 1697 1599 Canonicae
1717 1563 1849 1608 Aptensi
1863 1562 1972 1596 Eccle-

1209 1621 1211 1676 ἱ
1229 1642 1234 1646 ἡ
1316 1620 1393 1661 siae,
1410 1620 1637 1663 bonorumque
1658 1618 1698 1651 ad
1716 1627 1786 1650 eam
1806 1616 1972 1661 pertinen-

1209 1679 1211 1713 t
1317 1674 1408 1714 tium,
1432 1672 1523 1706 cuius
1543 1671 1708 1706 canonicis
1728 1670 1885 1704 nonnulla
1898 1679 1974 1704 con-

1209 1724 1211 1770 ἦ
1317 1728 1476 1761 ceduntur
1500 1725 1678 1771 privilegia,
1700 1722 1774 1758 273.
1960 1764 1963 1765 ⁷

1210 1789 1211 1800 ¹
1228 1783 1274 1817 LI.
1296 1780 1505 1816 Confirmatio
1524 1779 1687 1813 bonorum
1697 1777 1974 1823 etpossessionum

1210 1833 1211 1836 ’
1313 1835 1496 1869 Marsorum
1517 1832 1677 1868 Ecclesiae
1691 1859 1698 1872 ,
1722 1831 1813 1865 cuius
1833 1830 1975 1866 confinia

1319 1888 1558 1927 describuntur,
1584 1886 1658 1920 274.

1211 1943 1212 1973 ἒ
1230 1944 1289 1978 LII.
1313 1941 1522 1977 Confirmatio
1552 1941 1727 1980 bonorum,
1741 1949 1823 1984 quae
1843 1939 1971 1973 Clunia-

1211 1981 1213 1993 ¹
1320 1985 1654 2021 censemonasterium
1663 1983 1972 2029 possidetinAnglia,

1319 2030 1493 2065 Normania
1514 2036 1545 2063 et
1565 2029 1634 2063 aliis
1647 2028 1832 2074 provinciis,
1856 2027 1931 2061 276.

1230 2087 1304 2121 LIII.
1333 2084 1551 2120 Gerundensis
1564 2083 1725 2118 Ecclesiae
1749 2082 1867 2116 limites
1891 2081 1973 2116 assi-

1321 2136 1470 2173 guantur,
1494 2128 1766 2172 confirmatisque
1782 2127 1876 2161 honis
1905 2137 1975 2160 om-

1321 2175 1415 2208 nibus
1424 2175 1541 2208 adeam
1553 2173 1799 2217 pertinentibus,
1813 2171 1973 2211 statuitur,

1321 2231 1361 2253 ne
1381 2219 1501 2259 clerici,
1525 2219 1565 2252 ad
1583 2227 1823 2262 quamcumque
1838 2216 1976 2258 dignita-

1323 2272 1386 2298 tem
1408 2263 1561 2308 promoti,
1587 2262 1752 2296 clericales
1774 2261 1977 2304 praebendas

1324 2308 1401 2342 inibi
1422 2308 1561 2341 retinere
1582 2306 1715 2351 possint,
1740 2305 1822 2339 277.-

1327 2362 1533 2405 Privilegium
1554 2359 1811 2394 confirmationis
1832 2357 1979 2393 donatio-

1323 2417 1400 2441 num
1421 2417 1439 2439 a
1461 2406 1600 2440 Roberto
1618 2404 1736 2439 comite
1751 2405 1790 2438 de
1802 2402 1975 2443 Loretello,

1324 2458 1355 2485 et
1373 2451 1536 2489 Tassione,
1561 2450 1726 2488 fratribus,
1751 2449 1907 2482 factarum
1921 2447 1979 2480 Ec-

1325 2496 1440 2530 clesiae
1460 2495 1622 2535 Teafinae,
1646 2493 1720 2527 277.

1326 2548 1608 2592 Augustodunensi
1641 2546 1801 2580 Ecclesiae
1838 2546 1909 2578 iura
1943 2555 1979 2578 ac

1325 2595 1409 2627 bona
1435 2593 1544 2627 omnia
1565 2592 1810 2630 confirmantur,
1833 2589 1908 2623 ⁹279.

1332 2646 1511 2681 Declaratio
1535 2644 1748 2678 maternitatis
1764 2642 1924 2677 Ecclesiae
1945 2642 1974 2676 S.

1324 2690 1479 2736 Stephani
1499 2689 1655 2725 Bisuntin.
1680 2698 1753 2722 cum
1773 2687 1916 2727 decreto,
1945 2692 1979 2720 ut

1234 2364 1267 2398 LI
1271 2363 1294 2395 V
1301 2390 1305 2396 .

1216 2543 1218 2550 ⁴
1235 2544 1292 2584 LV.

1237 2647 1307 2681 LVI.
