2180 3205
900 286 998 310 isam
1018 285 1125 311 annuit
1678 274 1735 308 871

233 345 432 379 Salernitana
456 345 597 380 Ecclesia
628 345 908 380 confirmationem
941 357 1046 380 rerum
1073 347 1218 380 omnium
1248 358 1285 380 ac
1310 346 1553 390 privilegiorum
1575 356 1707 379 suomm
1729 346 1786 379 ob—

323 389 403 423 tinet
432 390 472 423 al)
503 390 684 424 Alexandro
704 391 729 424 ll
750 391 822 427 PP..
846 390 888 423 30
908 402 927 423 α
948 398 977 425 et
998 403 1101 435 seq..;
1125 402 1183 425 nec
1216 402 1280 425 non
1309 390 1590 424 confirmationem
1623 391 1785 424 honorum

322 444 339 467 a
369 433 543 468 Guillelmo
573 435 758 468 Tancrcdae
787 434 854 468 lilio
884 436 912 468 ei
944 436 1127 469 oblatorum
1149 442 1180 469 et
1204 436 1436 475 restitutortu‘n,
1457 434 1493 467 :31
1520 436 1537 467 b
1559 441 1589 468 ct
1619 445 1683 479 seq.
1712 434 1786 468 Eius

324 478 432 519 decus,
472 477 535 511 v190
569 490 599 512 a.
639 479 713 512 Eius
750 479 908 524 primatus
945 491 1042 524 super
1072 481 1250 514 Consauam
1280 486 1310 513 ct
1341 479 1591 513 Acheruntinam
1616 479 1783 519 Ecclesias,

322 522 381 555 191
412 534 442 556 a.
478 523 607 557 Illarum
640 523 872 568 archiepiscopi
905 535 1033 568 semper
1063 535 1137 558 cum
1172 525 1306 558 consilio
1331 523 1520 558 Salernitani
1553 524 1785 568 archiepiscopi

323 567 475 609 eligendi,
499 567 579 602 ibid.

234 620 500 654 Salmoriacensis
517 621 758 655 archidiaconia
779 622 938 656 Ecclesiae
959 622 1129 656 Viennensi
1144 623 1322 659 subiicitur,
1347 623 1388 655 86
1408 634 1438 655 a.

233 673 405 707 Salvatoris
422 674 483 717 (S.)
503 673 717 708 Const'antien.
742 676 973 709 monasterium
994 675 1274 709 confirmationem
1295 676 1416 709 obtinet
1438 675 1620 708 libertatum
1652 686 1782 708 suarum

323 738 359 761 ac
379 728 575 762 solutionem
597 739 710 762 census
727 729 890 763 Romanae
911 729 1070 762 Ecclesiae
1092 729 1202 768 debiti,
1227 729 1283 762 ’111
1311 730 1328 761 la
1349 736 1459 773 etseq.

234 780 406 815 Salvatoris
424 781 484 825 (S.)
505 781 645 815 Ecclesia
674 782 905 815 canonicorum
938 783 1048 826 oppidi
1070 782 1099 815 S,
1124 782 1213 816 Pauli
1245 782 1304 816 sub
1340 782 1538 825 protes-tione
1561 785 1667 826 Apost.
1697 782 1786 815 Sedis

321 834 505 878 suscipitur,
526 834 676 879 bonaque
697 835 805 868 omnia
826 835 855 869 ci
877 836 1122 877 confirmantur,
1147 835 1209 869 768
1231 836 1258 869 It.

235 887 407 922 salvatoris
427 888 488 931 (S.)
506 893 536 921 et
553 888 582 921 S.
603 888 702 921 Iuliae
723 889 870 933 martyris
891 889 1026 923 Brixien.
1044 889 1200 923 dioecesis
1221 890 1290 923 ord.
1307 889 1466 923 Cassinen.
1485 889 1679 922 monasterio
1705 889 1788 922 bona

324 941 433 975 omnia
462 941 715 982 confirmantur,
748 942 1002 986 omnimodaque
1034 943 1061 976 ci
1093 943 1252 987 exemptio
1285 943 1378 976 datur
1399 953 1472 976 cum
1493 943 1563 975 aliis
1587 942 1783 986 privilegiis,

325 994 389 1027 552
416 995 434 1027 b
462 1000 491 1028 et
511 1006 575 1039 seq.
600 994 674 1029 Eius
706 996 922 1030 controversia
954 1007 1027 1030 cum
1053 996 1204 1041 episcopo
1224 996 1406 1039 Reginensi.
1436 995 1469 1028 V.
1502 996 1690 1037 chinensis
1715 996 1783 1039 epi-

327 1048 417 1093 scopi
436 1053 492 1082 etc,

236 1102 409 1135 Salvatoris
438 1102 499 1146 (S.)
524 1108 554 1136 et
578 1103 608 1136 S.
633 1102 751 1142 Quirici
784 1103 995 1147 Populionen.
1030 1099 1225 1138 monasterio
1256 1103 1458 1148 privilegium
1491 1104 1600 1141 datur,
1635 1113 1699 1147 quo
1729 1103 1788 1136 sul)

326 1156 526 1200 protectione
548 1157 580 1189 B.
604 1156 687 1190 Petri
708 1156 898 1200 suscipitur,
928 1164 957 1190 et
987 1157 1072 1191 bona
1102 1157 1212 1190 omnia
1232 1157 1260 1190 ei
1281 1157 1526 1197 confirmantur,
1554 1156 1613 1189 470
1631 1167 1649 1189 a
1671 1162 1700 1189 et
1721 1167 1783 1200 seq.

237 1209 410 1243 Salvatoris
438 1209 500 1253 (S.)
522 1209 653 1254 Papien.
686 1210 841 1244 dioecesis
861 1210 984 1244 ordinis
1008 1210 1190 1244 Cistercien.
1231 1210 1462 1244 monasterium
1495 1210 1554 1243 sul»
1590 1210 1788 1254 protectione

325 1262 417 1297 Sedis
435 1262 639 1307 Apostolicac
658 1263 820 1307 recipitur,
845 1264 977 1308 eiusque
998 1264 1082 1298 hona
1104 1265 1212 1298 onmia
1238 1263 1485 1298 confirmantur.
1509 1262 1573 1295 :380
1598 1264 1615 1293 h
1641 1269 1667 1295 et
1694 1274 1756 1306 seq.
1777 1291 1782 1297 .

330 1315 395 1349 510
415 1317 443 1350 b.

239 1370 465 1413 Salzburgensi
485 1370 729 1415 archiepiscopo
750 1371 937 1405 conceditur
957 1377 990 1405 ut
1007 1372 1229 1416 episcopatum
1258 1371 1289 1404 in
1321 1382 1378 1404 sua
1406 1370 1559 1414 parochia
1590 1371 1759 1404 constituat
1777 1397 1783 1407 ,

330 1423 385 1468 qui
405 1423 453 1457 alf
466 1424 580 1457 eodem
601 1424 734 1458 omnino
754 1425 903 1469 pendeat,
924 1424 966 1457 36
988 1426 1005 1457 Ι)
1026 1431 1055 1458 et
1075 1436 1138 1469 seq.

239 1477 352 1511 Samso
383 1477 550 1511 Remensis
579 1477 841 1522 archiepiscopus
876 1478 1015 1519 graviter
1050 1479 1240 1521 obiurgauit*
1267 1479 1306 1511 ab
1342 1478 1486 1519 Eugenio
1521 1479 1558 1511 lll
1590 1478 1647 1511 PP.
1662 1505 1669 1518 ‚
1702 1479 1789 1521 quod

328 1522 528 1556 Francorum
548 1532 670 1565 regem,
694 1529 806 1556 contra
827 1523 875 1556 ius
892 1523 1036 1567 episcopi
1056 1523 1277 1559 Bituricensis,
1302 1523 1332 1555 in
1353 1522 1540 1556 Bituricensi
1573 1522 1698 1567 civitate
1729 1533 1785 1555 co-

328 1577 446 1600 ronare
465 1567 738 1610 praesumpserit,
763 1567 887 1611 ipsique
907 1573 1080 1611 propterca
1100 1578 1176 1600 usus
1196 1567 1283 1611 pallii
1302 1567 1525 1601 interdicitur.
1550 1566 1613 1599 318
1631 1578 1649 1599 a
1671 1573 1700 1600 et
1721 1578 1783 1610 seq.

239 1619 346 1654 Sancii
364 1619 593 1664 Hispaniarum
614 1620 698 1663 regis
716 1620 747 1653 in
767 1620 882 1654 Sedem
903 1620 1119 1665 Apostolicam
1143 1620 1281 1661 devotio,
1305 1619 1347 1653 66
1368 1621 1395 1652 h.

238 1673 474 1707 Saracenorum
495 1673 527 1706 in
546 1673 654 1707 Sicilia
672 1680 784 1707 contra
804 1673 995 1708 christianos
1012 1674 1203 1718 persecutio,
1224 1673 1288 1707 ⁷148
1309 1674 1337 1707 h.

240 1727 483 1761 Saresbiriensis
503 1726 764 1772 archiepiscopus
783 1728 809 1760 si
827 1728 1029 1761 coronationi
1049 1727 1178 1761 llenrici
1199 1727 1282 1770 regis
1303 1727 1359 1760 filii
1378 1727 1497 1771 absque
1514 1727 1728 1771 praestatione
1740 1727 1789 1759 iu-

330 1780 467 1814 ramenti
488 1780 590 1813 factae
607 1780 798 1817 interfuerit,
823 1780 1120 1814 excommunicatur
1140 1787 1304 1824 tamquam
1324 1780 1483 1813 Ecclesiae
1503 1779 1706 1813 Cantuarien.
1735 1780 1785 1812 in-

330 1843 433 1874 vasor,
458 1832 516 1866 7411
542 1834 570 1865 b.
595 1833 701 1867 Poena
732 1833 760 1867 ei
792 1833 958 1877 infligitur,
983 1834 1069 1878 quod
1101 1834 1169 1866 sine
1201 1843 1358 1867 consensu
1390 1832 1622 1877 archiepiscopi
1649 1832 1786 1866 Cantua-

330 1886 444 1920 riensis
465 1897 573 1929 regem
592 1887 804 1927 coronaverit,
830 1886 893 1919 745
913 1898 932 1919 a
950 1893 979 1920 et
999 1888 1026 1919 b.

242 1940 424 1974 Sarlatense
455 1940 686 1974 monasterium
719 1950 736 1973 a
768 1940 882 1984 Pipino
912 1946 941 1973 et
969 1940 1080 1974 Carolo
1110 1940 1308 1984 principibus
1334 1940 1522 1979 fundatum,
1554 1939 1612 1972 suh
1641 1939 1671 1973 S.
1704 1939 1787 1972 Petri

332 1993 469 2027 tuitione
488 1993 652 2037 recipitur,
675 1993 770 2037 eique
788 1994 873 2027 bona
892 1993 1002 2027 omnia
1019 1994 1264 2034 confirmantur,
1285 1992 1348 2026 588
1369 1994 1386 2026 b
1408 1998 1437 2026 et
1456 2003 1520 2037 seq.

242 2046 344 2092 Satyri
364 2046 426 2091 (S.)
445 2046 651 2081 Bituricensis
676 2046 832 2080 dioecesis
863 2046 1094 2080 monasterium
1126 2047 1184 2080 suh
1212 2046 1414 2091 protectione
1439 2047 1546 2090 Apost.
1571 2046 1661 2079 Sedis
1685 2046 1787 2079 susci·

331 2100 430 2144 pitur,
454 2100 549 2145 eique
565 2100 650 2134 bona
671 2100 779 2134 omnia
797 2110 824 2133 et
848 2100 1068 2134 immunitates
1085 2099 1331 2139 confirmantur,
1352 2099 1415 2133 687
1436 2110 1457 2132 a
1476 2105 1507 2133 et
1522 2110 1585 2142 seq.

243 2153 347 2198 Satyri
367 2153 430 2198 (S.)
449 2153 636 2187 Bituricens.
672 2153 703 2186 in
735 2153 875 2187 Ecclesia
903 2154 984 2187 ordo
1015 2153 1172 2196 regularis
1202 2153 1232 2187 S.
1256 2153 1423 2196 Augustini
1455 2152 1690 2192 instituendus,
1723 2162 1789 2185 ser-

331 2198 465 2238 vandus,
489 2203 519 2231 et
539 2197 701 2232 canonicis
720 2198 938 2232 saecularibus
958 2197 1121 2241 regulares
1142 2197 1354 2231 substituendi
1376 2197 1578 2236 decernitur,
1609 2206 1682 2229 cum
1707 2205 1786 2229 con-

332 2241 517 2276 firmatione
536 2242 698 2276 bonorum
719 2242 798 2283 eius,
822 2241 886 2276 369
903 2253 923 2275 a
940 2248 970 2276 et
989 2253 1052 2286 seq.

244 2294 408 2329 Saturnini
437 2295 499 2339 (S.)
528 2295 561 2329 in
585 2306 668 2339 pago
688 2295 866 2338 Urgelleusi
895 2295 1126 2329 monasterium
1159 2295 1217 2328 sub
1246 2295 1444 2339 protectione
1475 2293 1565 2328 Sedis
1590 2293 1790 2338 Apostolicae

334 2347 499 2393 recipitur,
523 2348 618 2392 eique
636 2348 804 2392 privilegia
824 2355 855 2382 et.
872 2349 1063 2382 donationes
1083 2359 1196 2382 omnes
1216 2348 1461 2385 confirmantur,
1485 2346 1548 2379 196
1569 2347 1586 2379 b
1606 2351 1635 2379 et
1655 2356 1718 2390 seq.

245 2400 376 2435 Sarario
412 2400 451 2434 de
487 2401 664 2435 Maloleone
700 2402 920 2444 cmcesignato
949 2402 997 2435 ius
1033 2401 1171 2435 cudendi
1206 2406 1369 2434 monetam
1406 2400 1445 2433 ab
1480 2399 1612 2441 Angliae
1649 2409 1724 2441 rege
1761 2398 1789 2431 ei

334 2454 534 2522 ἓεέιὲεῖεειιηι,
554 2446 594 2478 ab
613 2446 756 2479 Honorio
776 2447 801 2479 Π
821 2447 878 2479 Pr.
900 2446 1121 2483 confirmatur,
1146 2456 1218 2479 cum
1240 2455 1347 2478 annuo
1368 2454 1462 2477 censu
1485 2453 1600 2477 aureae
1625 2442 1786 2482 marchae,

246 2542 445 2592 Savigniensi
471 2542 667 2577 monasterio
692 2543 884 2577 Eboracens.
908 2543 1064 2578 dioecesis
1088 2543 1173 2577 bona
1193 2542 1302 2576 onmia
1322 2541 1566 2581 confirmantur,
1595 2546 1625 2574 et
1648 2540 1749 2574 libera
1773 2550 1790 2572 a

334 2597 738 2664 cuiuitgurgiqgthpetsonae
759 2588 903 2621 molestia
923 2588 982 2621 sub
1002 2586 1344 2621 excommunicationis
1363 2596 1467 2629 poena
1489 2585 1703 2620 declarantur.
1726 2583 1790 2616 356

334 2641 366 2671 a,
389 2639 409 2663 ο
495 2658 503 2672 ,
571 2640 581 2648 ⁸
606 2642 637 2664 α.

244 2683 377 2718 Savinae
397 2683 458 2726 (S.)
478 2683 626 2728 martyris
646 2683 786 2718 Ecclesia
805 2685 980 2718 Marsorum
1002 2684 1193 2718 eaihedralis
1213 2684 1404 2723 declaratur,
1428 2682 1492 2715 275
1512 2693 1542 2716 a.
