2180 3205
222 251 270 277 An.
288 252 315 277 r..
339 252 404 278 1175
471 240 537 272 762

235 305 548 342 ¹‘·'⁴“'¹'¹‘³¹¹¹²¹³ss*·omnino
576 302 738 336 hominnm
778 300 869 334 liceat
905 297 1073 346 praefatam
1101 297 1165 332 Ec-

220 338 542 395 1l1⁴''.'‡.‚.¹.'.i‘''‘.}'„2'.¹ctesiam
566 360 682 386 temere
710 349 904 397 perturbare,
927 355 981 383 aut
1001 348 1069 382 eius
1091 359 1165 394 pos-

221 405 307 449 [ffi‘J‘W
339 400 403 420 ''¹⁰¹³“
417 403 574 437 sessiones
610 401 746 440 anferre,
786 399 830 433 vel
863 398 979 433 ablatas
1016 397 1163 437 retinere,

220 445 226 450 ἢ
263 446 267 454 ’
416 453 578 489 minuere,
606 459 659 485 aut
684 449 841 496 aliquibus
868 447 1085 481 vexationibus
1118 445 1164 480 sa-

416 502 527 547 tigare;
554 500 608 536 sed
639 499 744 535 onmia
772 499 891 544 integra
918 504 1163 539 conserventur,

414 563 540 594 eorum,
585 561 641 596 pro
684 560 819 596 qnorum
854 546 1083 593 gubernatione
1128 557 1164 580 ac

415 600 664 635 substentatione
712 609 861 633 concessa
911 605 1007 637 sunt,
1055 595 1164 629 usibus

414 649 604 684 omnimodis
644 647 820 695 profutura:
860 645 945 680 salvo
980 645 1047 680 iure
1081 644 1162 678 beati

414 699 498 734 Petri
528 698 744 746 proprietatis,
779 705 810 732 et
843 695 1043 743 Apostolicae
1070 694 1164 728 Sedis

231 750 609 794 “rw··‘s··1¹>aucioritaie.
648 747 682 782 Si
716 758 777 794 qua
819 746 914 792 igitur
953 745 984 778 in
1022 744 1161 778 futurum

217 787 400 835 {Tgsssfl‘f2¹‚]„g‘''¹,}{¹‘{
414 798 641 833 ecelesiastica.
661 796 868 831 saecularisve
905 805 1055 842 persona,
1082 793 1163 828 hane

216 846 375 872 i¹¹·‘¹'¹⁴⁸¹¹¹‘÷'³¹³
415 857 538 883 nostrae
574 846 806 882 constitutionis
851 845 995 892 paginam
1040 843 1161 888 sciens,

412 906 519 933 eontra
548 909 615 932 eam
639 904 755 931 temere
782 895 888 929 venire
916 893 1090 933 tentaverit,
1110 905 1162 927 se-

411 948 517 983 cundo
539 947 667 982 tertiove
687 945 889 988 commonita7
920 943 977 978 nisi
1003 954 1163 988 praesum-

413 997 549 1043 ptionem
577 1008 665 1032 suam
696 1007 835 1040 congrua
860 993 1072 1028 satisfactione
1097 1004 1163 1026 cor-

411 1047 535 1088 rexerit,
554 1045 716 1093 potestatis
730 1044 922 1090 honorisque
938 1043 986 1077 sni
1010 1041 1161 1088 dignitate

410 1106 533 1139 careat,
561 1107 709 1142 reamque
736 1106 770 1129 se
807 1093 912 1128 divino
939 1091 1055 1127 iudicio
1087 1091 1161 1125 exi-

409 1154 491 1181 stere
513 1146 551 1181 de
578 1153 753 1193 perpetrata
781 1143 944 1190 iniquitate
976 1149 1160 1187 cognoseat,

410 1203 440 1229 et
466 1209 480 1230 a
511 1195 721 1231 sacratissimo
756 1193 897 1240 Corpore
931 1204 966 1227 ac
999 1190 1161 1238 Sanguine

409 1245 466 1280 Dei
494 1253 524 1280 et
551 1244 677 1280 Domini
703 1242 925 1290 Redemptoris
957 1241 1054 1276 nostri
1090 1240 1159 1275 Iesu

409 1294 525 1329 Christi
553 1296 651 1330 aliena
675 1295 737 1335 fiat,
764 1302 857 1340 atque
879 1292 909 1326 in
932 1299 1070 1326 extremo
1092 1303 1160 1325 exa-

410 1345 494 1380 mine
520 1345 679 1380 districtae
701 1344 811 1378 ultioni
836 1342 1010 1382 subiacea13
1037 1342 1160 1375 cunctis

226 1407 376 1425 ¹=·-··v·1i=·‹i0no
409 1404 513 1429 autem
546 1395 647 1430 eidem
677 1395 746 1428 loco
777 1405 833 1428 sua
865 1393 931 1427 iura
961 1390 1160 1426 servantibus

223 1438 384 1458 ''¹'‘''''‘''¹¹¹¹⁵¹'⁰⁵
409 1445 450 1479 sit
471 1457 529 1492 pax
551 1444 677 1479 Domini
702 1444 798 1478 nostri
823 1443 890 1476 lesu
916 1441 1051 1481 Christi,
1082 1452 1160 1487 qua-

279 1468 332 1488 ‹lui-1⁴

411 1503 501 1529 tenus
522 1502 552 1529 et
574 1495 626 1529 hic
648 1494 783 1528 fructum
805 1492 904 1526 bonae
934 1491 1066 1526 actionis
1089 1503 1159 1536 per-

409 1545 537 1590 cipiant,
564 1552 594 1578 et
615 1544 696 1591 apud
721 1543 894 1577 districtum
911 1541 1050 1575 Iudicem
1067 1552 1159 1586 prae—

409 1595 469 1628 mia
485 1603 628 1628 aeternae
643 1594 727 1640 pacis
742 1593 911 1627 inveniant.
924 1590 1039 1634 Arnen,
1055 1601 1157 1624 amen.

225 1648 392 1668 ³¹*·*·¹¹**'··‘¹¹'¹'·
457 1643 530 1679 Eoo
564 1644 765 1678 Arexmmzn
797 1641 969 1677 catholicae
1000 1639 1158 1674 Ecclesiae

410 1693 589 1741 episcopus.

458 1743 525 1789 Ego
547 1742 688 1777 Ubaldus
710 1741 867 1776 Ostiensis
893 1740 1070 1786 episcopus.

459 1792 526 1839 Ego
561 1792 741 1827 Bernardus
762 1790 947 1826 Portuensis
973 1797 1003 1824 et
1024 1788 1158 1824 Sanctae

411 1842 544 1877 Rulinae
570 1843 749 1889 episcopus

460 1892 526 1935 Ego
548 1891 738 1926 Guillelmus
772 1890 934 1938 presbyter
967 1887 1053 1923 card.
1077 1888 1156 1922 tituli

409 1941 442 1976 S.
473 1936 555 1976 Petri
578 1941 616 1975 ad
638 1941 781 1976 Vincula.

458 1991 526 2037 Ego
548 1991 630 2025 Boso
653 1991 757 2038 presb.
781 1988 950 2025 cardinalis
968 1987 1000 2022 S.
1025 1986 1158 2022 Puden-

411 2041 510 2075 tianae
535 2041 580 2075 tit.
603 2041 752 2075 Pastoris.

458 2090 527 2137 Ego
548 2090 660 2125 Petrus
692 2089 795 2138 presb.
831 2087 914 2124 card.
942 2086 1022 2122 tituli
1051 2087 1156 2121 Sancti

412 2143 571 2178 Laurentii
594 2144 624 2178 in
653 2144 801 2178 Damaso.

459 2198 527 2245 Ego
554 2198 686 2233 loannes
721 2198 823 2246 presb.
859 2196 943 2232 card.
979 2196 1023 2231 tit.
1050 2195 1155 2230 Sancti

409 2253 517 2288 Marci.

459 2307 527 2353 Ego
549 2307 729 2342 Manfredus
752 2305 912 2353 presbyter
930 2303 1095 2339 cardinalis
1111 2304 1155 2338 tit.

412 2362 544 2396 Sanctae
571 2361 736 2397 Caeciliae.

462 2417 528 2463 Ego
552 2416 663 2451 Petrus
691 2414 851 2462 presbyter
883 2412 1050 2448 cardinalis
1076 2411 1156 2446 tituli

413 2469 545 2504 Sar-iriae
568 2469 742 2504 Susannae.

465 2524 530 2570 ligo
560 2523 634 2558 Otto
668 2523 746 2557 diac.
782 2521 866 2557 eard.
903 2519 937 2554 S.
971 2519 1091 2554 Nicolai
1126 2532 1157 2554 in

413 2575 547 2611 Caret-re
568 2576 725 2610 Tulliano.

463 2630 532 2677 Ego
553 2629 678 2665 Cintius
693 2629 773 2664 diac.
791 2628 876 2664 card.
893 2627 1000 2664 Sancti
1015 2627 1154 2662 Adriani.

213 1754 231 1769 rt
248 1750 268 1769 5.
286 1749 307 1770 li.
324 1749 395 1770 tit-cte-

213 1788 227 1798 ιι
237 1787 255 1799 w
298 1782 397 1801 mulinu-

214 1813 260 1831 liunt
301 1813 395 1833 >abscri-

213 1847 304 1869 pltoncs.

999 242 1187 265 BttLLARmM
1213 242 1377 265 ROMANUM

1255 297 1322 343 Ego
1350 296 1420 343 Ugo
1442 296 1523 331 diac.
1545 296 1713 332 cardinalis
1734 296 1766 332 S.
1786 296 1948 332 Eustachii

1206 346 1287 380 iuxta
1311 347 1461 392 templum
1484 346 1651 393 Agrippae.

1254 396 1321 441 Ego
1354 396 1496 430 Vitellius
1541 396 1619 430 diac.
1647 396 1731 430 card.
1763 394 1950 431 Sanctorum

1205 444 1307 488 Sergii
1334 453 1362 479 et
1386 445 1510 480 Bacchi.

1254 494 1321 540 Ego
1348 494 1417 541 Ugo
1444 495 1524 529 diac.
1547 493 1632 529 card.
1655 494 1689 528 S.
1710 494 1832 540 Angeli.

1252 543 1365 578 Datum
1390 545 1552 591 Anagniae
1583 556 1639 591 per
1661 556 1786 577 mamnn
1810 543 1950 579 Gratiani

1204 602 1327 628 sanctae
1353 594 1514 628 Romanae
1539 593 1695 628 Ecclesiae
1717 593 1898 628 subdiaconi
1921 602 1951 629 et

1204 643 1328 684 notarii,
1356 656 1390 678 ιν
1417 644 1565 678 kalendas
1586 643 1739 686 octobris,
1763 643 1871 678 indict.
1892 657 1950 685 vir,

1204 693 1428 728 incarnationis
1462 693 1638 728 dominicae
1671 705 1753 727 anuo
1783 706 1949 732 niiznxxin,

1204 743 1403 789 pontificatus
1426 755 1497 777 vero
1514 743 1621 777 domni
1641 741 1808 777 Alexandri
1830 743 1890 778 l'P.
1910 743 1951 778 Ill

1203 804 1286 826 anno
1314 804 1382 826 XIV.

1223 849 1282 879 Dat.
1301 850 1348 880 die
1363 849 1400 879 28
1416 850 1592 890 septembris
1612 860 1688 880 anno
1710 849 1826 881 Domini
1845 851 1930 881 «1173.

1519 1002 1632 1036 LXXI.

1203 1074 1403 1119 Confirmatio
1435 1076 1597 1109 sententiae
1629 1077 1711 1110 latae
1743 1089 1762 1110 a
1790 1078 1952 1112 &alniensi

1250 1125 1385 1168 episcopo
1419 1126 1451 1158 in
1483 1127 1687 1159 controversia
1720 1128 1797 1162 inter
1824 1128 1950 1161 Placen-

1249 1175 1347 1207 tinum
1367 1176 1538 1218 episcopum
1562 1183 1588 1208 et
1621 1177 1833 1216 Purnwusem,
1859 1190 1950 1222 super

1248 1225 1372 1257 eeclesia
1408 1225 1510 1258 Castrt'
1542 1226 1676 1269 Spernit)
1713 1232 1739 1258 et
1765 1227 1886 1260 ecclesia
1912 1229 1946 1261 S.

1250 1274 1439 1311 Christiane,
1483 1286 1560 1319 quae
1604 1276 1782 1309 Placentino
1821 1277 1949 1310 adiudi-

1249 1331 1358 1357 cancur
1379 1326 1434 1368 (1).

1469 1393 1683 1425 SUMMAntUM

1199 1460 1279 1490 Facti
1301 1462 1452 1500 expositio.
1473 1479 1513 1483 —
1538 1462 1653 1492 Auditis
1676 1463 1839 1493 rationibus
1857 1468 1885 1494 et
1905 1465 1948 1494 al-

1238 1505 1446 1544 legationibus,
1464 1507 1621 1545 perlectam
1655 1508 1829 1537 sententiam
1848 1508 1947 1539 favore

1239 1551 1368 1589 episcopi
1394 1551 1555 1581 Placentini
1572 1551 1607 1581 ab
1626 1553 1717 1591 episc.
1736 1552 1877 1582 Brixiensi
1899 1553 1945 1583 la-

1238 1600 1309 1631 tam,
1336 1613 1375 1617 —
1398 1595 1497 1626 liatam
1521 1597 1608 1626 habet
1630 1601 1658 1626 et
1681 1598 1825 1636 praesenti
1853 1599 1944 1636 privi-

1239 1640 1314 1678 legio
1325 1641 1486 1679 confirmat3
1497 1651 1563 1671 cum
1575 1641 1669 1671 solitis
1682 1641 1823 1672 clausulis
1838 1643 1878 1681 (R.
1890 1643 1943 1682 Τ.).

1197 1708 1346 1736 Alexander
1366 1708 1506 1744 episcopus
1523 1716 1617 1737 servus
1636 1716 1775 1738 servorum
1793 1709 1847 1742 Dei,
1867 1717 1944 1739 vene·

1242 1757 1322 1786 rabili
1340 1757 1426 1787 fratri
1445 1759 1567 1794 episcopo
1590 1758 1753 1792 Placentino,
1779 1758 1897 1788 salutem
1917 1761 1946 1789 et

1242 1808 1419 1844 apostoticam
1435 1809 1655 1838 benedictionem.

1247 1874 1296 1908 Ex
1317 1873 1415 1908 literis
1433 1873 1618 1908 venerabilis
1640 1873 1741 1908 fratris
1763 1873 1859 1907 nostri
1879 1872 1943 1908 Bri·

1200 1926 1315 1959 xiensis
1342 1923 1482 1970 episcopi
1498 1923 1588 1958 nobis
1609 1923 1756 1963 innotuit,
1777 1923 1861 1970 quod
1877 1923 1944 1970 ipse

1199 1982 1322 2021 recepto
1360 1972 1506 2007 mandato
1541 1981 1645 2007 nostro
1671 1985 1768 2019 super
1792 1972 1944 2018 ecclesia,

1197 2036 1278 2071 quae
1304 2030 1350 2058 est
1383 2023 1413 2057 in
1449 2021 1560 2057 Castro
1578 2022 1724 2070 Speculi,
1751 2031 1781 2057 et
1812 2022 1944 2058 ecclesia

1197 2074 1331 2108 Sanctae
1353 2072 1550 2117 Christinac‚
1577 2073 1616 2106 de
1647 2072 1763 2119 quibus
1790 2072 1870 2107 iuter
1903 2080 1943 2117 te,

1197 2135 1227 2157 et
1254 2122 1462 2157 venerabilem
1483 2124 1604 2156 l'ratrein
1629 2130 1769 2156 nostrum
1793 2121 1944 2157 Parmen-

1197 2185 1263 2207 sein
1291 2174 1474 2219 episcopum
1501 2172 1712 2206 controversia
1747 2171 1941 2213 vertebatur3

1197 2224 1236 2258 de
1259 2234 1351 2257 causa
1376 2224 1461 2269 ipsa,
1498 2233 1578 2268 quae
1605 2221 1632 2255 ei
1659 2221 1769 2260 suerat,
1795 2221 1943 2268 appella-

1199 2275 1281 2306 tione
1300 2281 1429 2315 remota‚
1451 2273 1629 2311 commissa,
1652 2271 1817 2316 cognovit:
1842 2278 1873 2305 et
1890 2283 1943 2305 au-

1199 2322 1273 2356 ditis
1299 2321 1470 2366 rationibus
1496 2329 1526 2355 et
1552 2320 1789 2367 allegationibus
1820 2320 1940 2355 utrius-

1175 2374 1259 2420 lque
1283 2372 1387 2418 partis,
1410 2371 1448 2405 de
1475 2370 1606 2405 consilio
1634 2369 1823 2417 prudentum
1858 2370 1942 2405 viro-

1176 2422 1180 2461 Ι
1200 2434 1279 2461 rum,
1301 2422 1381 2455 sicut
1402 2433 1439 2454 ex
1465 2421 1582 2467 scripto
1603 2422 1773 2455 sententiae
1796 2431 1850 2467 per
1876 2432 1942 2467 pu-

1176 2464 1309 2505 lblicam
1335 2483 1460 2504 inanum
1484 2478 1589 2504 notato
1615 2471 1779 2504 manifeste
1801 2481 1941 2516 perpen-

1176 2506 1180 2528 Ι
1199 2521 1319 2560 (linum,
1349 2527 1512 2566 utramque
1535 2519 1708 2553 Ecclesiam
1735 2518 1788 2553 tibi
1810 2517 1942 2553 adiudi-

1198 2571 1290 2611 cavit,
1312 2578 1342 2603 et
1358 2582 1375 2603 a
1399 2569 1534 2616 praefato
1555 2568 1726 2603 Parmense
1745 2568 1776 2602 in
1793 2567 1942 2614 petitione

1233 2639 1272 2675 (t)
1285 2639 1370 2666 Edidit
1381 2638 1482 2674 Campi,
1494 2639 1560 2665 Hist.
1573 2638 1699 2670 Placent„
1711 2640 1729 2664 t.
1742 2645 1772 2670 ιι,
1784 2637 1810 2664 in
1818 2637 1922 2672 Regesi.

1965 239 2017 266 An.
2033 238 2061 266 C.
2084 239 2148 266 1175

1971 1887 2028 1909 Facti
2054 1889 2147 1915 exposi-,

1957 1919 1996 1940 tiu.
2139 1925 2149 1934 ι’

1969 2323 2051 2345 Auditis
2073 2316 2141 2346 ranci-

1955 2355 2016 2376 nibus
2039 2359 2060 2376 et
2085 2355 2140 2376 nilo-

1955 2387 2082 2413 gationibus,
2093 2391 2141 2414 pet·-

1955 2417 2032 2438 tectam
2051 2419 2140 2438 senteu-

1956 2449 2005 2468 tiam
2027 2447 2099 2468 favore
2115 2451 2142 2468 0—

1956 2479 2038 2505 piscnpt
2048 2477 2140 2499 Placen-s

1955 2509 1994 2530 tini
2004 2509 2029 2529 ab
2039 2509 2141 2536 episcopo

1955 2540 2059 2561 Bn'xieusi
2107 2539 2142 2561 lte

1956 2575 2010 2598 tum,
