2180 3205
157 272 207 298 An.
227 270 256 298 C.
272 269 342 299 1099

189 603 342 625 Confirmantur

167 637 252 656 qnoque
280 629 335 649 bona

157 663 228 678 emnia
242 656 269 676 ad
280 661 342 675 rano-

157 684 216 705 nicos
237 683 342 710 pertinen-

206 1545 334 1567 Conceditur

161 1574 270 1599 seputxura
289 1572 346 1592 iuxta

162 1601 262 1620 tumulum
301 1598 347 1624 epi—

161 1631 281 1653 scoporuin.

191 1964 275 1984 Poenae
297 1968 349 1983 con-

171 1993 202 2010 tm
237 1996 244 2009 i
252 1990 350 2010 iolatores

164 2017 269 2043 privilegii
279 2016 348 2037 huius.

196 2525 255 2547 Bona
284 2527 354 2545 rusti.-

170 2553 285 2574 dientibus.

417 252 488 285 ‘200

368 316 472 353 suris,
507 326 542 348 ea
584 312 689 348 omnia
730 318 882 358 perpetuo
925 310 1115 358 possidenda

368 364 553 402 sancimus,
587 373 667 408 quae
702 361 733 394 in
774 360 1021 406 praesentiarum
1060 372 1116 406 pro

367 411 546 447 communis
563 411 664 445 victus
678 409 926 444 substentatione
955 409 1115 456 possidere

367 461 527 502 videmini,
549 459 714 494 ecclesiam
743 458 887 492 videlicet
913 457 1020 492 Sancti
1042 457 1116 492 Sal-

366 509 480 544 vatoris
501 508 540 543 de
566 507 749 548 veirieiras,
776 515 806 542 ct
828 507 991 541 ecclesiam
1007 506 1115 541 Sancti

365 558 451 593 Petri
473 558 511 592 de
533 557 663 595 Colnac,
685 564 715 590 et
736 555 900 591 ecclesiam
923 555 1029 590 Sancti
1049 554 1116 590 Ge-

366 607 443 641 raldi
459 607 497 641 de
509 605 615 640 Salas:
640 605 800 639 universas
819 612 978 652 praeterea
994 612 1116 651 paratas

365 656 431 691 sire
445 655 604 696 simbolas,
615 666 692 701 quas
706 653 835 688 sinodos
850 661 971 695 vocant,
984 663 1043 688 tam
1060 653 1116 687 Ec-

366 705 533 740 clesiarum
549 704 609 738 iam
628 703 796 746 dictarum,
811 715 905 749 quam
927 715 964 736 ex
983 702 1115 737 caeteris

365 753 532 793 Ecclesiis,
554 765 632 800 quas
657 752 832 786 Ruthensis
852 751 1013 794 Ecclesiae
1033 751 1116 785 anti-

366 803 468 841 stites,
496 802 609 836 Petrus
630 801 790 848 quondam
813 800 1007 844 Berengarii,
1028 799 1116 834 Pon-

367 853 438 886 cius
459 851 654 898 Sthephani,
676 849 882 898 Raymundus
915 848 1059 883 Frotardi
1085 856 1115 883 et

367 900 561 943 Ademarus,
586 899 639 946 qui
666 899 697 932 in
732 898 978 946 praesentiarum
1013 897 1114 932 eidem

366 949 562 984 Ruthenensi
572 947 732 983 Ecclesiae
747 947 914 994 praesidet,
925 946 956 980 in
970 954 1116 992 sumptus

366 999 500 1034 vestium
517 1004 752 1033 concesserunt.
767 995 1020 1042 praeposituram
1035 1007 1116 1041 quo-

366 1060 429 1095 que
468 1046 642 1093 dignariam
676 1044 892 1079 Ruthenensis
930 1043 1115 1090 parochiae,

366 1095 642 1134 archidiaconiam,
664 1093 839 1128 oblationes
853 1105 979 1139 quoque
997 1100 1116 1126 vestrae

366 1145 507 1180 matricis
544 1143 726 1187 Ecclesiae,
761 1154 838 1188 quas
873 1142 956 1176 dono
988 1141 1115 1188 praelati

366 1194 514 1229 Ademari
547 1192 711 1227 confratris
737 1191 835 1225 nostri
879 1198 910 1225 et
935 1190 1115 1237 coepiscopi

368 1242 553 1291 possidetis,
593 1249 712 1276 vestrae
745 1240 981 1275 communitatis
1007 1239 1116 1274 usibus

367 1291 611 1331 confirmamus3
644 1298 674 1324 ct
708 1289 932 1336 quodcumque
966 1288 1118 1335 deinceps

367 1353 424 1375 vos
463 1348 517 1375 aut
549 1351 748 1374 successores
782 1346 873 1372 vestri
913 1349 1118 1372 concessione

367 1389 582 1430 Pontificum,
617 1395 671 1422 aut
704 1387 888 1422 liberalitate
924 1386 1116 1433 principum,

368 1438 417 1473 vel
439 1438 597 1473 oblatione
627 1436 767 1472 fidelium
798 1436 880 1470 iuste
906 1443 999 1482 atque
1021 1447 1118 1470 cano-

369 1488 439 1522 nice
466 1487 608 1535 poteritis
628 1485 784 1532 adispisci.

421 1536 463 1571 Ut
495 1543 600 1571 autem
636 1533 842 1581 omnipotenti
875 1533 943 1568 Deo
978 1533 1118 1580 quietius

371 1585 543 1628 deservire,
564 1592 595 1619 et
617 1584 758 1619 canonici
777 1582 898 1617 ordinis
916 1582 1117 1628 disciplinam

370 1634 541 1670 districtius
571 1633 736 1668 observare
765 1632 901 1677 possitis,
928 1631 1116 1665 cimiterium

369 1684 460 1718 vobis
486 1682 568 1730 apud
598 1690 727 1716 matrem
755 1681 941 1719 Ecclesiam,
962 1680 1014 1715 ubi
1031 1692 1118 1714 com-

370 1733 509 1767 muniter
521 1731 634 1771 vivitis,
657 1731 738 1764 iuxta
758 1730 885 1776 praelati
904 1729 1005 1763 fratris
1020 1729 1118 1763 nostri

370 1780 520 1817 Ademari
536 1780 626 1815 vestri
650 1779 789 1826 episcopi
805 1779 988 1825 petitionem
1005 1778 1119 1812 habere

370 1830 587 1873 concedimus,
623 1829 652 1863 in
687 1840 750 1875 qno
786 1827 914 1861 fratrum
944 1835 1118 1861 vestrorum

372 1881 438 1915 sive
478 1878 761 1926 parochianorum,
799 1876 914 1923 quibus
946 1875 1120 1910 viventibus

371 1929 518 1976 mysteria
544 1927 646 1961 divina
674 1926 870 1969 ministratis,
890 1925 1119 1959 deficientium

372 1989 504 2025 corpora
531 1976 737 2010 tumulentur.
760 1974 794 2009 Si
821 1986 882 2021 qua
909 1985 984 2008 sane
1019 1973 1121 2008 eccle-

372 2027 497 2062 siastica
516 2025 722 2060 saecularisve
737 2035 882 2071 persona,
899 2023 978 2056 hanc
997 2031 1121 2056 nostrae

373 2074 606 2111 constitutionis
628 2074 772 2120 pagiuam
795 2072 908 2115 sciens,
930 2078 1035 2106 contra
1052 2083 1120 2106 eam

374 2133 493 2160 temere
516 2124 622 2158 venire
638 2121 812 2161 tentaverit,
834 2120 973 2155 secundo
991 2121 1122 2154 tertiove

375 2174 578 2212 commonita,
605 2172 630 2206 si
654 2184 714 2206 non
743 2170 954 2205 satisfactione
984 2181 1122 2215 congrua

376 2222 608 2266 emendaverit,
648 2220 808 2268 potestatis
846 2219 1037 2265 honorisque
1075 2218 1123 2252 sui

376 2272 526 2318 dignitate
540 2278 654 2311 careat,
670 2280 817 2315 reamque
837 2279 870 2302 se
885 2267 991 2302 divino
1008 2266 1125 2301 iudicio

376 2322 509 2356 existere
541 2320 579 2355 de
614 2327 790 2366 perpetrata
819 2317 983 2364 iniquitate
1006 2327 1127 2361 cogno-

377 2378 460 2410 scat·,
483 2378 514 2403 et
542 2381 557 2403 a
585 2368 796 2403 sacratissimo
818 2365 959 2412 Corpore
985 2373 1015 2399 et
1037 2365 1127 2399 San-

378 2420 475 2464 guine
496 2418 553 2452 Dei
575 2426 605 2452 et
634 2416 758 2451 Domini
780 2414 1003 2461 Redemptoris
1028 2413 1125 2447 nostri

379 2467 448 2502 Iesu
470 2467 586 2501 Christi
614 2467 712 2500 aliena
737 2466 801 2508 liat,
819 2472 911 2510 atque
933 2464 964 2497 in
987 2471 1127 2497 extremo

380 2516 524 2551 examine
550 2515 707 2549 districtae
724 2513 834 2548 ultioni
849 2512 1019 2547 subiaceat.
1038 2510 1128 2545 Cun-

381 2566 439 2600 ctis
466 2573 568 2599 antem
596 2564 696 2598 eidem
726 2563 794 2597 loco
826 2562 906 2596 iusta
932 2559 1128 2595 servantibus

382 2614 423 2650 sit
443 2625 502 2661 pax
524 2613 650 2648 Domini
677 2612 774 2647 nostri
798 2610 868 2647 Iesu
895 2609 1027 2656 Christi,
1047 2620 1128 2656 qua-

1887 204 1896 218 Χ

946 257 1135 281 nontamen
1158 257 1321 279 ROMANUM

1158 318 1250 345 tenus
1276 317 1307 344 et
1328 308 1380 343 hic
1406 308 1542 343 fructum
1565 308 1666 343 bonae
1686 307 1818 343 actionis
1841 320 1906 355 per-

1157 363 1296 410 cipiant,
1338 370 1369 397 et
1411 361 1495 409 apud
1541 362 1718 397 districtum
1762 361 1904 397 Iudicem

1158 416 1294 464 praemia
1320 423 1465 450 aeternae
1492 415 1577 463 pacis
1603 415 1774 451 inveniant.

1205 470 1366 517 Scriptum
1407 480 1462 516 per
1498 480 1628 504 manum
1665 469 1752 504 Petri
1793 469 1906 504 notarii

1157 523 1324 569 regionarii
1357 523 1436 558 sacri
1471 522 1589 569 palatii.
1628 522 1745 557 Datum
1784 522 1905 558 Romae

1156 577 1241 624 apud
1273 576 1425 611 Sanctum
1453 575 1581 611 Petrum
1615 588 1671 622 per
1696 588 1824 611 manum
1857 577 1907 611 lo-

1157 631 1271 665 hannis
1288 639 1413 665 sanctae
1429 630 1590 665 Romanae
1604 629 1766 665 Ecclesiae
1781 630 1904 665 diaconi

1157 684 1342 724 cardinalis,
1368 696 1393 718 n
1421 683 1492 718 idus
1523 683 1615 724 maii,
1643 684 1817 719 indictione
1844 696 1905 725 vn,

1157 738 1384 773 incarnationis
1402 737 1579 772 dominicae
1594 749 1677 772 anno
1695 749 1906 784 mxcix,pon-

1157 792 1290 827 tificatus
1316 800 1420 826 autem
1447 791 1555 826 domni
1582 790 1703 826 Urbani
1728 792 1834 839 Papae
1855 803 1907 827 se-

1156 846 1251 880 cundi
1278 846 1481 881 duodecimo.

1224 902 1286 933 Dat.
1309 903 1356 933 die
1375 903 1410 932 114
1434 902 1502 932 maii
1520 912 1597 932 anno
1615 902 1732 933 Domini
1752 903 1838 942 1099,

1399 943 1502 981 pontif.
1522 952 1597 972 anno
1619 952 1668 973 xn.

1491 1073 1573 1109 LIV.

1159 1148 1329 1189 Decretum,
1355 1163 1392 1184 ne
1417 1152 1526 1185 domus
1552 1153 1585 1185 in
1611 1153 1745 1187 claustro
1781 1154 1908 1189 Carno-

1206 1205 1282 1237 tensi'
1293 1206 1449 1238 ezi‘scenles
1463 1206 1549 1239 laicis
1564 1207 1684 1245 dentur,
1698 1215 1752 1240 auc
1773 1208 1909 1241 locentur

1207 1269 1226 1290 a
1252 1258 1406 1291 canonicis
1433 1261 1489 1302 (t).

1158 1330 1262 1361 Urbanus
1279 1332 1399 1370 epIscopus
1415 1341 1492 1362 servus
1511 1342 1629 1364 servorum
1646 1334 1698 1373 Dei,
1717 1335 1843 1365 venerabili
1860 1335 1905 1365 tra·

1198 1377 1227 1405 tri
1249 1375 1275 1405 R.
1295 1376 1411 1415 episcopo,
1428 1381 1449 1406 et
1467 1377 1559 1406 dilectis
1575 1377 1628 1407 filiis
1643 1378 1744 1413 Decano,
1762 1382 1785 1408 et
1798 1378 1905 1418 Capitale

1197 1419 1341 1458 Carnotensi,
1362 1421 1461 1450 salutern
1484 1425 1505 1450 et
1527 1422 1676 1460 apostolicam
1704 1422 1900 1453 benedictionem.

1207 1486 1414 1528 Audivimus,
1450 1495 1480 1522 et
1512 1488 1677 1523 audientes
1709 1489 1910 1536 nequivimus

1160 1552 1220 1574 non
1237 1540 1354 1581 mirari,
1370 1540 1452 1587 quod
1472 1540 1543 1575 laici
1564 1541 1704 1588 quidam,
1720 1542 1750 1576 in
1771 1542 1908 1578 claustro

1160 1602 1262 1629 vestro
1288 1594 1400 1629 domos
1422 1595 1488 1630 iure
1507 1595 1716 1631 haereditario
1740 1597 1911 1644 possiden-

1160 1656 1217 1692 tes,
1245 1647 1322 1682 tales
1350 1660 1498 1695 personas
1517 1649 1702 1696 plerumque
1728 1650 1910 1692 admittunt,

1161 1714 1215 1749 per
1257 1714 1335 1749 quas
1378 1702 1565 1737 clericorum
1607 1704 1699 1749 quies
1738 1703 1907 1738 inhonesto

1160 1756 1292 1803 strepitu
1307 1768 1400 1803 saepe
1418 1756 1576 1791 turbatur:
1597 1766 1627 1791 et
1641 1757 1765 1792 devotio
1781 1757 1910 1804 populo,

1161 1822 1200 1844 ne
1231 1809 1345 1844 divinis
1372 1810 1512 1844 intendat
1537 1810 1668 1854 officiis,
1697 1811 1907 1858 praepeditur.

1161 1863 1389 1898 loculatoribus
1407 1863 1547 1909 quidem,
1563 1864 1762 1902 aleatoribus,
1792 1876 1911 1911 caupo-

1163 1917 1267 1956 nibus,
1294 1925 1324 1952 et
1357 1917 1544 1951 mulieribus
1579 1917 1725 1963 turpibus
1753 1917 1911 1964 praescri-

1163 1978 1233 2017 ptae
1255 1970 1369 2004 domus
1391 1970 1430 2005 de
1451 1970 1680 2004 consuetudine
1695 1983 1786 2016 prava
1799 1969 1912 2006 locan‘·

1164 2032 1224 2058 tur.
1250 2024 1399 2059 Volentes
1435 2024 1530 2070 igitur
1556 2024 1718 2059 communi
1750 2024 1911 2059 Ecclesiae

1165 2079 1315 2113 honestati
1342 2078 1523 2119 consulere,
1545 2078 1726 2112 auctoritate
1741 2076 1912 2123 apostolica

1165 2133 1381 2179 prohibemus,
1409 2144 1448 2166 ne
1474 2132 1585 2166 domos
1607 2131 1805 2166 canonicales
1830 2130 1914 2166 ulte-

1167 2188 1230 2222 rius
1255 2187 1355 2230 laicis,
1383 2198 1438 2233 per
1464 2198 1544 2233 quos
1571 2185 1726 2220 honestati
1758 2185 1915 2220 ecclesia-

1166 2242 1262 2276 sticae
1289 2240 1474 2286 derogetur,
1501 2239 1547 2274 vel
1574 2239 1672 2285 gratis
1698 2239 1835 2280 dentur,
1862 2246 1916 2273 aut

1166 2296 1258 2330 etiam
1275 2294 1334 2328 sub
1350 2305 1550 2340 quacumque
1571 2293 1737 2328 occasione
1758 2293 1914 2328 locentur.

1166 2348 1400 2384 Censtituimus
1435 2347 1529 2382 etiam
1556 2345 1596 2381 de
1629 2345 1800 2386 domibus,
1838 2357 1918 2392 quas

1167 2403 1236 2437 laici
1264 2403 1295 2436 in
1323 2401 1459 2436 claustro
1482 2401 1547 2435 inre
1568 2399 1777 2435 haereditario
1798 2406 1917 2443 tenent,

1168 2457 1193 2490 si
1220 2469 1272 2491 eas
1298 2457 1328 2490 in
1357 2455 1500 2503 personis
1527 2454 1661 2501 propriis
1687 2464 1760 2487 curn
1786 2452 1918 2487 honesta

1170 2509 1284 2544 familia
1302 2536 1310 2549 ,
1350 2508 1486 2543 exclusis
1527 2506 1715 2541 mulieribus
1754 2506 1918 2552 turpibus,

1204 2579 1243 2613 (t)
1260 2579 1298 2605 Ex
1316 2586 1365 2604 ms.
1386 2577 1516 2604 Ecclesiae
1531 2576 1674 2603 Carnoteu.
1694 2574 1777 2602 edidit
1804 2576 1918 2605 Dacher.

1169 2618 1257 2654 Spicil.
1281 2621 1344 2645 tom.
1362 2625 1424 2644 xm.

1931 257 1981 284 An.
2000 257 2114 286 c.1099

1965 1492 2085 1513 Exordium.

1966 2361 2079 2384 Decretum
2088 2361 2126 2383 Ur·

1942 2389 1993 2410 bani
2005 2389 2046 2410 PP.
